4544 5766
203 67 246 119 Vl

318 217 368 298 lu
399 208 642 296 auctoribus
672 203 868 287 classicis
897 203 953 285 ah
982 224 1033 284 eo
1063 201 1272 283 enarratis
1296 221 1382 283 non
1405 200 1538 285 solum
1562 201 1708 285 varias
1733 202 1960 316 editiones,
1989 227 2097 313 quae
2122 203 2215 284 eius

207 361 498 450 enarrationes
528 352 757 458 continent,
795 342 1085 459 conferemus,
1127 344 1206 428 sed
1235 345 1358 429 etiam
1383 345 1640 431 novissimas
1671 371 1830 458 easque
1862 352 2035 458 optimas
2067 347 2217 432 editio-

206 535 285 595 nes
315 509 460 588 horum
486 506 718 599 auctorum,
747 503 809 600 et,
836 492 1072 602 ubicunqne
1103 515 1244 576 eornm
1272 491 1405 575 verba
1433 490 1610 577 scholiis
1625 493 1918 579 Melanthonis
1942 496 2133 603 opposita
2162 491 2216 571 ab

207 652 461 742 editionibus
491 640 735 729 novissimis
765 636 976 752 (litlerunt,
1004 638 1113 724 hanc
1139 660 1302 748 quoque
1327 637 1571 722 varietatem
1600 612 1711 725 notis
1739 642 1895 725 criticis
1917 639 2219 726 adnotabimus.

208 804 343 906 Qurrm
378 793 478 878 illae
516 788 777 897 antiquiores
822 785 1028 869 editiones
1062 787 1304 894 plerumque
1340 784 1536 896 capitum,
1582 792 1624 869 et
1658 810 1821 896 semper
1856 785 2219 900 paragraphorum

207 948 429 1061 partitione
462 941 653 1042 careant,
691 932 801 1018 hanc
840 957 895 1016 ex
924 929 1168 1016 novissimis
1208 931 1514 1044 adscribemus,
1558 941 1603 1018 ut
1639 937 1770 1017 verba
1800 932 1975 1017 scholiis
2005 932 2218 1013 illustrata

205 1092 374 1183 facilius
398 1084 676 1169 inveniantur.
734 1079 928 1187 Denique
952 1076 1024 1161 uhi
1046 1075 1301 1162 scholiorum
1323 1075 1425 1159 ordo
1453 1101 1480 1160 a
1504 1080 1616 1162 serie
1646 1079 1867 1162 verborum
1895 1077 2079 1164 auctoris
2103 1074 2219 1156 clas-

208 1243 283 1327 sici
315 1238 485 1321 aherrat
512 1221 763 1338 (curiusmotli
794 1225 996 1335 permulta
1033 1223 1225 1330 exempla
1253 1222 1441 1333 inprimis
1471 1223 1725 1313 scholiorum
1750 1225 1793 1308 in
1821 1227 2066 1310 selectiores
2091 1217 2218 1304 Cice·

207 1387 325 1470 ronis
353 1378 566 1462 orationes
597 1370 786 1456 collectio
815 1368 1199 1476 aRicciolripsiac
1217 1370 1343 1460 loos
1372 1368 1484 1453 edita
1511 1364 1718 1479 praebet),
1751 1370 1977 1453 secundnm
2006 1368 2114 1451 lianc
2144 1366 2219 1447 itta

207 1531 488 1639 disponemus.

319 1711 441 1795 llanc
469 1709 671 1790 rationem
701 1708 874 1788 secutus
903 1700 984 1782 hoc
1013 1694 1215 1807 Corporis
1237 1695 1568 1784 Reformatorum
1595 1699 1788 1785 volumen
1818 1700 2013 1783 decimum
2043 1709 2218 1804 sextum,

208 1880 386 1943 meorum
423 1854 610 1938 laborum
645 1849 837 1958 primum,
883 1844 1002 1960 hibi,
1047 1845 1180 1928 lector
1207 1844 1434 1954 benevole,
1478 1869 1588 1929 nrrno
1627 1842 1753 1927 ollero
1783 1846 1907 1955 idque
1938 1859 1982 1929 ut
2009 1847 2216 1928 berrerolo

209 2006 345 2088 auimo
374 2000 558 2107 accipias
591 2021 665 2084 oro
694 2014 900 2108 rogoque.
989 1990 1135 2106 liniis,
1170 1989 1316 2074 Idibus
1343 1985 1538 2074 octobris
1570 1994 1692 2081 185⁰.
