<?xml version="1.0" encoding="UTF-8"?>
<!DOCTYPE html PUBLIC "-//W3C//DTD XHTML 1.0 Transitional//EN"
    "http://www.w3.org/TR/xhtml1/DTD/xhtml1-transitional.dtd">
<html xmlns="http://www.w3.org/1999/xhtml" xml:lang="en" lang="en">
 <head>
  <title>
</title>
<meta http-equiv="Content-Type" content="text/html;charset=utf-8" />
  <meta name='ocr-system' content='tesseract 3.04.00' />
  <meta name='ocr-capabilities' content='ocr_page ocr_carea ocr_par ocr_line ocrx_word'/>
</head>
<body>
  <div class='ocr_page' id='page_1' title='image "./corpusreformato12melagoog/corpusreformato12melagoog_0057.png"; bbox 0 0 4566 5760; ppageno 0'>
   <div class='ocr_carea' id='block_1_1' title="bbox 124 177 2136 262">
    <p class='ocr_par' dir='ltr' id='par_1_1' title="bbox 124 177 2136 262">
     <span class='ocr_line' id='line_1_1' title="bbox 124 177 2136 262; baseline -0.005 0"><span class='ocrx_word' id='word_1_1' title='bbox 124 190 172 262; x_wconf 76' lang='lat' dir='ltr'>ts</span> <span class='ocrx_word' id='word_1_2' title='bbox 392 179 594 257; x_wconf 78' lang='lat' dir='ltr'>SCRIPTA</span> <span class='ocrx_word' id='word_1_3' title='bbox 617 179 692 253; x_wconf 75' lang='lat' dir='ltr'>PH.</span> <span class='ocrx_word' id='word_1_4' title='bbox 717 178 830 251; x_wconf 87' lang='lat' dir='ltr'>blEL.</span> <span class='ocrx_word' id='word_1_5' title='bbox 856 179 923 252; x_wconf 81' lang='lat' dir='ltr'>AD</span> <span class='ocrx_word' id='word_1_6' title='bbox 947 177 1160 255; x_wconf 85' lang='lat' dir='ltr'>ETHlCEN</span> <span class='ocrx_word' id='word_1_7' title='bbox 1185 181 1251 255; x_wconf 85' lang='lat' dir='ltr'>ET</span> <span class='ocrx_word' id='word_1_8' title='bbox 1274 178 1531 259; x_wconf 84' lang='lat' dir='ltr'>POLITICEN</span> <span class='ocrx_word' id='word_1_9' title='bbox 1558 179 1866 256; x_wconf 80' lang='lat' dir='ltr'>SPECTANTIA.</span> <span class='ocrx_word' id='word_1_10' title='bbox 2087 179 2136 252; x_wconf 72' lang='lat'>80</span> 
     </span>
    </p>
   </div>
   <div class='ocr_carea' id='block_1_2' title="bbox 127 349 2166 1066">
    <p class='ocr_par' dir='ltr' id='par_1_2' title="bbox 127 349 2166 1066">
     <span class='ocr_line' id='line_1_2' title="bbox 127 349 2140 455; baseline -0.005 -23"><span class='ocrx_word' id='word_1_11' title='bbox 127 364 229 455; x_wconf 84' lang='lat' dir='ltr'>gibus</span> <span class='ocrx_word' id='word_1_12' title='bbox 249 359 351 451; x_wconf 88' lang='lat' dir='ltr'>gravi</span> <span class='ocrx_word' id='word_1_13' title='bbox 372 357 562 427; x_wconf 81' lang='lat' dir='ltr'>autoritate</span> <span class='ocrx_word' id='word_1_14' title='bbox 586 354 743 445; x_wconf 91' lang='lat' dir='ltr'>scriptis,</span> <span class='ocrx_word' id='word_1_15' title='bbox 769 355 964 424; x_wconf 87' lang='lat' dir='ltr'>nonenim</span> <span class='ocrx_word' id='word_1_16' title='bbox 984 357 1106 425; x_wconf 89' lang='lat' dir='ltr'>volent</span> <span class='ocrx_word' id='word_1_17' title='bbox 1156 355 1327 425; x_wconf 88' lang='lat' dir='ltr'>neraliter</span> <span class='ocrx_word' id='word_1_18' title='bbox 1357 356 1572 449; x_wconf 74' lang='lat' dir='ltr'>aequitatem</span> <span class='ocrx_word' id='word_1_19' title='bbox 1604 368 1708 425; x_wconf 89' lang='lat' dir='ltr'>vocat</span> <span class='ocrx_word' id='word_1_20' title='bbox 1742 351 2002 444; x_wconf 90' lang='lat' dir='ltr'>mitigationem</span> <span class='ocrx_word' id='word_1_21' title='bbox 2038 349 2140 441; x_wconf 81' lang='lat' dir='ltr'>legis,</span> 
     </span>
     <span class='ocr_line' id='line_1_3' title="bbox 128 454 2139 559; baseline -0.007 -23"><span class='ocrx_word' id='word_1_22' title='bbox 128 463 276 559; x_wconf 91' lang='lat' dir='ltr'>privatis</span> <span class='ocrx_word' id='word_1_23' title='bbox 297 461 453 532; x_wconf 92' lang='lat' dir='ltr'>iudicum</span> <span class='ocrx_word' id='word_1_24' title='bbox 477 457 723 550; x_wconf 87' lang='lat' dir='ltr'><strong>opinionibus,</strong></span> <span class='ocrx_word' id='word_1_25' title='bbox 755 460 817 528; x_wconf 90' lang='lat' dir='ltr'>sed</span> <span class='ocrx_word' id='word_1_26' title='bbox 841 458 958 550; x_wconf 85' lang='lat' dir='ltr'>legum</span> <span class='ocrx_word' id='word_1_27' title='bbox 982 483 1106 529; x_wconf 88' lang='lat' dir='ltr'>oracu-</span> <span class='ocrx_word' id='word_1_28' title='bbox 1157 458 1230 528; x_wconf 92' lang='lat' dir='ltr'>sive</span> <span class='ocrx_word' id='word_1_29' title='bbox 1245 458 1434 549; x_wconf 85' lang='lat' dir='ltr'>scriptam,</span> <span class='ocrx_word' id='word_1_30' title='bbox 1461 458 1534 528; x_wconf 86' lang='lat' dir='ltr'>sive</span> <span class='ocrx_word' id='word_1_31' title='bbox 1548 482 1624 528; x_wconf 91' lang='lat' dir='ltr'>non</span> <span class='ocrx_word' id='word_1_32' title='bbox 1638 458 1819 549; x_wconf 88' lang='lat' dir='ltr'>scriptam.</span> <span class='ocrx_word' id='word_1_33' title='bbox 1863 455 1914 523; x_wconf 93' lang='lat' dir='ltr'>Ut</span> <span class='ocrx_word' id='word_1_34' title='bbox 1929 454 2024 523; x_wconf 91' lang='lat' dir='ltr'>enim</span> <span class='ocrx_word' id='word_1_35' title='bbox 2040 475 2139 523; x_wconf 91' lang='lat' dir='ltr'>nunc</span> 
     </span>
     <span class='ocr_line' id='line_1_4' title="bbox 129 555 2141 653; baseline -0.006 -16"><span class='ocrx_word' id='word_1_36' title='bbox 129 570 172 639; x_wconf 89' lang='lat' dir='ltr'>lis</span> <span class='ocrx_word' id='word_1_37' title='bbox 199 568 334 636; x_wconf 85' lang='lat' dir='ltr'>cedere.</span> <span class='ocrx_word' id='word_1_38' title='bbox 392 562 499 633; x_wconf 88' lang='lat' dir='ltr'>Item:</span> <span class='ocrx_word' id='word_1_39' title='bbox 531 559 589 630; x_wconf 91' lang='lat' dir='ltr'>lus</span> <span class='ocrx_word' id='word_1_40' title='bbox 620 561 790 651; x_wconf 88' lang='lat' dir='ltr'>scriptum</span> <span class='ocrx_word' id='word_1_41' title='bbox 818 562 937 631; x_wconf 89' lang='lat' dir='ltr'>frenat</span> <span class='ocrx_word' id='word_1_42' title='bbox 963 563 1107 631; x_wconf 84' lang='lat' dir='ltr'>affectus</span> <span class='ocrx_word' id='word_1_43' title='bbox 1157 560 1333 653; x_wconf 84' lang='lat' dir='ltr'>plurimae</span> <span class='ocrx_word' id='word_1_44' title='bbox 1355 560 1595 651; x_wconf 91' lang='lat' dir='ltr'>mitigationes</span> <span class='ocrx_word' id='word_1_45' title='bbox 1619 572 1740 629; x_wconf 84' lang='lat' dir='ltr'>extant</span> <span class='ocrx_word' id='word_1_46' title='bbox 1757 558 1909 649; x_wconf 87' lang='lat' dir='ltr'>scriptae</span> <span class='ocrx_word' id='word_1_47' title='bbox 1933 557 1971 625; x_wconf 91' lang='lat' dir='ltr'>in</span> <span class='ocrx_word' id='word_1_48' title='bbox 1987 555 2074 648; x_wconf 87' lang='lat' dir='ltr'>ipsis</span> <span class='ocrx_word' id='word_1_49' title='bbox 2088 555 2141 624; x_wconf 89' lang='lat' dir='ltr'>le-</span> 
     </span>
     <span class='ocr_line' id='line_1_5' title="bbox 129 660 2166 754; baseline -0.007 -14"><span class='ocrx_word' id='word_1_50' title='bbox 129 672 298 743; x_wconf 89' lang='lat' dir='ltr'>iudicum.</span> <span class='ocrx_word' id='word_1_51' title='bbox 366 663 448 735; x_wconf 90' lang='lat' dir='ltr'>ldeo</span> <span class='ocrx_word' id='word_1_52' title='bbox 477 662 685 733; x_wconf 85' lang='lat' dir='ltr'>Aristoteles</span> <span class='ocrx_word' id='word_1_53' title='bbox 717 663 867 733; x_wconf 88' lang='lat' dir='ltr'>tradidit</span> <span class='ocrx_word' id='word_1_54' title='bbox 896 664 1107 733; x_wconf 90' lang='lat' dir='ltr'>sententiam</span> <span class='ocrx_word' id='word_1_55' title='bbox 1159 688 1242 754; x_wconf 92' lang='lat' dir='ltr'>gum</span> <span class='ocrx_word' id='word_1_56' title='bbox 1268 663 1438 746; x_wconf 81' lang='lat' dir='ltr'>textibus,</span> <span class='ocrx_word' id='word_1_57' title='bbox 1470 675 1505 731; x_wconf 89' lang='lat' dir='ltr'>et</span> <span class='ocrx_word' id='word_1_58' title='bbox 1531 663 1570 731; x_wconf 93' lang='lat' dir='ltr'>in</span> <span class='ocrx_word' id='word_1_59' title='bbox 1595 662 1859 731; x_wconf 90' lang='lat' dir='ltr'>commentariis</span> <span class='ocrx_word' id='word_1_60' title='bbox 1884 660 2166 752; x_wconf 19' lang='lat' dir='ltr'>interpretum:-</span> 
     </span>
     <span class='ocr_line' id='line_1_6' title="bbox 131 762 2142 864; baseline -0.007 -21"><span class='ocrx_word' id='word_1_61' title='bbox 131 772 374 864; x_wconf 90' lang='lat' dir='ltr'>dignissimam</span> <span class='ocrx_word' id='word_1_62' title='bbox 395 766 588 847; x_wconf 91' lang='lat' dir='ltr'>memoria,</span> <span class='ocrx_word' id='word_1_63' title='bbox 614 767 658 834; x_wconf 90' lang='lat' dir='ltr'>de</span> <span class='ocrx_word' id='word_1_64' title='bbox 679 765 802 857; x_wconf 85' lang='lat' dir='ltr'>scripti</span> <span class='ocrx_word' id='word_1_65' title='bbox 822 766 910 836; x_wconf 90' lang='lat' dir='ltr'>iuris</span> <span class='ocrx_word' id='word_1_66' title='bbox 925 767 1107 858; x_wconf 84' lang='lat' dir='ltr'>dignitate.</span> <span class='ocrx_word' id='word_1_67' title='bbox 1159 767 1208 836; x_wconf 92' lang='lat' dir='ltr'>sic</span> <span class='ocrx_word' id='word_1_68' title='bbox 1238 762 1388 836; x_wconf 88' lang='lat' dir='ltr'>Athenis</span> <span class='ocrx_word' id='word_1_69' title='bbox 1415 768 1510 857; x_wconf 90' lang='lat' dir='ltr'>leges</span> <span class='ocrx_word' id='word_1_70' title='bbox 1539 766 1814 856; x_wconf 88' lang='lat' dir='ltr'>mitigabantur,</span> <span class='ocrx_word' id='word_1_71' title='bbox 1853 764 2142 844; x_wconf 85' lang='lat' dir='ltr'>declarabantur,</span> 
     </span>
     <span class='ocr_line' id='line_1_7' title="bbox 132 865 2141 969; baseline -0.006 -25"><span class='ocrx_word' id='word_1_72' title='bbox 132 876 204 969; x_wconf 86' lang='lat' dir='ltr'>Qui</span> <span class='ocrx_word' id='word_1_73' title='bbox 226 876 339 962; x_wconf 88' lang='lat' dir='ltr'>legem</span> <span class='ocrx_word' id='word_1_74' title='bbox 361 871 457 939; x_wconf 92' lang='lat' dir='ltr'>iubet</span> <span class='ocrx_word' id='word_1_75' title='bbox 472 892 652 961; x_wconf 89' lang='lat' dir='ltr'>praeesse,</span> <span class='ocrx_word' id='word_1_76' title='bbox 677 867 754 937; x_wconf 91' lang='lat' dir='ltr'>Deo</span> <span class='ocrx_word' id='word_1_77' title='bbox 783 882 817 938; x_wconf 88' lang='lat' dir='ltr'>et</span> <span class='ocrx_word' id='word_1_78' title='bbox 837 870 973 960; x_wconf 89' lang='lat' dir='ltr'>legibus</span> <span class='ocrx_word' id='word_1_79' title='bbox 998 870 1108 961; x_wconf 88' lang='lat' dir='ltr'>impe·</span> <span class='ocrx_word' id='word_1_80' title='bbox 1159 869 1447 951; x_wconf 81' lang='lat' dir='ltr'>inflectebantur,</span> <span class='ocrx_word' id='word_1_81' title='bbox 1472 881 1534 937; x_wconf 80' lang='lat' dir='ltr'>artt</span> <span class='ocrx_word' id='word_1_82' title='bbox 1549 868 1848 959; x_wconf 82' lang='lat' dir='ltr'>exasperabantur</span> <span class='ocrx_word' id='word_1_83' title='bbox 1864 865 2025 949; x_wconf 87' lang='lat' dir='ltr'>decretis,</span> <span class='ocrx_word' id='word_1_84' title='bbox 2048 888 2141 957; x_wconf 91' lang='lat' dir='ltr'>quae</span> 
     </span>
     <span class='ocr_line' id='line_1_8' title="bbox 130 966 2143 1066; baseline -0.005 -20"><span class='ocrx_word' id='word_1_85' title='bbox 130 980 225 1047; x_wconf 90' lang='lat' dir='ltr'>rium</span> <span class='ocrx_word' id='word_1_86' title='bbox 241 973 381 1043; x_wconf 86' lang='lat' dir='ltr'>tribuit:</span> <span class='ocrx_word' id='word_1_87' title='bbox 410 972 472 1066; x_wconf 91' lang='lat' dir='ltr'>qui</span> <span class='ocrx_word' id='word_1_88' title='bbox 486 984 605 1041; x_wconf 90' lang='lat' dir='ltr'>autem</span> <span class='ocrx_word' id='word_1_89' title='bbox 620 967 803 1041; x_wconf 91' lang='lat' dir='ltr'>hominem</span> <span class='ocrx_word' id='word_1_90' title='bbox 822 972 920 1041; x_wconf 90' lang='lat' dir='ltr'>iubet</span> <span class='ocrx_word' id='word_1_91' title='bbox 934 996 1109 1065; x_wconf 90' lang='lat' dir='ltr'>praeesse,</span> <span class='ocrx_word' id='word_1_92' title='bbox 1159 972 1228 1064; x_wconf 93' lang='lat' dir='ltr'>ipsi</span> <span class='ocrx_word' id='word_1_93' title='bbox 1241 973 1417 1042; x_wconf 88' lang='lat' dir='ltr'>vocabant</span> <span class='ocrx_word' id='word_1_94' title='bbox 1432 967 1667 1066; x_wconf 81' lang='grc' dir='ltr'><strong><em>ψηφίσματα.</em></strong></span> <span class='ocrx_word' id='word_1_95' title='bbox 1708 967 1805 1039; x_wconf 91' lang='lat' dir='ltr'>Idem</span> <span class='ocrx_word' id='word_1_96' title='bbox 1821 969 1949 1038; x_wconf 91' lang='lat' dir='ltr'>accidit</span> <span class='ocrx_word' id='word_1_97' title='bbox 1968 967 2006 1036; x_wconf 91' lang='lat' dir='ltr'>in</span> <span class='ocrx_word' id='word_1_98' title='bbox 2024 966 2143 1035; x_wconf 88' lang='lat' dir='ltr'>omni-</span> 
     </span>
    </p>
   </div>
   <div class='ocr_carea' id='block_1_3' title="bbox 132 1070 2161 5069">
    <p class='ocr_par' dir='ltr' id='par_1_3' title="bbox 132 1070 2161 5069">
     <span class='ocr_line' id='line_1_9' title="bbox 132 1070 2143 1172; baseline -0.006 -23"><span class='ocrx_word' id='word_1_99' title='bbox 132 1077 291 1172; x_wconf 84' lang='lat' dir='ltr'>praeficit</span> <span class='ocrx_word' id='word_1_100' title='bbox 301 1076 455 1146; x_wconf 88' lang='lat' dir='ltr'>beluam.</span> <span class='ocrx_word' id='word_1_101' title='bbox 500 1075 592 1146; x_wconf 89' lang='lat' dir='ltr'>Nam</span> <span class='ocrx_word' id='word_1_102' title='bbox 608 1074 782 1166; x_wconf 90' lang='lat' dir='ltr'>cupiditas</span> <span class='ocrx_word' id='word_1_103' title='bbox 800 1088 835 1143; x_wconf 87' lang='lat' dir='ltr'>et</span> <span class='ocrx_word' id='word_1_104' title='bbox 848 1076 1032 1147; x_wconf 84' lang='lat' dir='ltr'>iracundia</span> <span class='ocrx_word' id='word_1_105' title='bbox 1050 1076 1110 1142; x_wconf 90' lang='lat' dir='ltr'>de·</span> <span class='ocrx_word' id='word_1_106' title='bbox 1160 1077 1225 1144; x_wconf 91' lang='lat' dir='ltr'>bus</span> <span class='ocrx_word' id='word_1_107' title='bbox 1256 1072 1524 1165; x_wconf 90' lang='lat' dir='ltr'>rebuspublicis.</span> <span class='ocrx_word' id='word_1_108' title='bbox 1584 1071 1658 1142; x_wconf 90' lang='lat' dir='ltr'>Lex</span> <span class='ocrx_word' id='word_1_109' title='bbox 1687 1085 1755 1155; x_wconf 91' lang='lat' dir='ltr'>est,</span> <span class='ocrx_word' id='word_1_110' title='bbox 1787 1083 1828 1140; x_wconf 92' lang='lat' dir='ltr'>ut</span> <span class='ocrx_word' id='word_1_111' title='bbox 1857 1071 1906 1155; x_wconf 93' lang='lat' dir='ltr'>is,</span> <span class='ocrx_word' id='word_1_112' title='bbox 1939 1070 2003 1164; x_wconf 93' lang='lat' dir='ltr'>qui</span> <span class='ocrx_word' id='word_1_113' title='bbox 2031 1070 2143 1139; x_wconf 91' lang='lat' dir='ltr'>inter·</span> 
     </span>
     <span class='ocr_line' id='line_1_10' title="bbox 132 1171 2143 1275; baseline -0.003 -26"><span class='ocrx_word' id='word_1_114' title='bbox 132 1192 287 1275; x_wconf 88' lang='lat' dir='ltr'>pravant</span> <span class='ocrx_word' id='word_1_115' title='bbox 309 1178 415 1248; x_wconf 90' lang='lat' dir='ltr'>etiam</span> <span class='ocrx_word' id='word_1_116' title='bbox 441 1177 597 1269; x_wconf 89' lang='lat' dir='ltr'>optimos</span> <span class='ocrx_word' id='word_1_117' title='bbox 619 1177 727 1248; x_wconf 85' lang='lat' dir='ltr'>viros.</span> <span class='ocrx_word' id='word_1_118' title='bbox 779 1177 853 1247; x_wconf 90' lang='lat' dir='ltr'>Lex</span> <span class='ocrx_word' id='word_1_119' title='bbox 874 1193 993 1248; x_wconf 88' lang='lat' dir='ltr'>autem</span> <span class='ocrx_word' id='word_1_120' title='bbox 1009 1200 1110 1246; x_wconf 92' lang='lat' dir='ltr'>mens</span> <span class='ocrx_word' id='word_1_121' title='bbox 1160 1177 1233 1245; x_wconf 89' lang='lat' dir='ltr'>ficit</span> <span class='ocrx_word' id='word_1_122' title='bbox 1253 1173 1460 1259; x_wconf 90' lang='lat' dir='ltr'>hominem,</span> <span class='ocrx_word' id='word_1_123' title='bbox 1493 1175 1637 1267; x_wconf 91' lang='lat' dir='ltr'>capitali</span> <span class='ocrx_word' id='word_1_124' title='bbox 1658 1200 1776 1266; x_wconf 90' lang='lat' dir='ltr'>poena</span> <span class='ocrx_word' id='word_1_125' title='bbox 1805 1173 1989 1245; x_wconf 88' lang='lat' dir='ltr'>afficiatur.</span> <span class='ocrx_word' id='word_1_126' title='bbox 2049 1171 2143 1243; x_wconf 85' lang='lat' dir='ltr'>Huic</span> 
     </span>
     <span class='ocr_line' id='line_1_11' title="bbox 134 1271 2142 1372; baseline -0.005 -18"><span class='ocrx_word' id='word_1_127' title='bbox 134 1297 187 1354; x_wconf 92' lang='lat' dir='ltr'>est</span> <span class='ocrx_word' id='word_1_128' title='bbox 213 1283 289 1352; x_wconf 89' lang='lat' dir='ltr'>sine</span> <span class='ocrx_word' id='word_1_129' title='bbox 313 1280 575 1372; x_wconf 85' lang='lat' dir='ltr'>cupiditatibus.</span> <span class='ocrx_word' id='word_1_130' title='bbox 625 1281 728 1349; x_wconf 91' lang='lat' dir='ltr'>Hanc</span> <span class='ocrx_word' id='word_1_131' title='bbox 750 1283 962 1351; x_wconf 90' lang='lat' dir='ltr'>sententiam</span> <span class='ocrx_word' id='word_1_132' title='bbox 984 1279 1110 1350; x_wconf 92' lang='lat' dir='ltr'>memi-</span> <span class='ocrx_word' id='word_1_133' title='bbox 1160 1279 1231 1371; x_wconf 91' lang='lat' dir='ltr'>legi</span> <span class='ocrx_word' id='word_1_134' title='bbox 1250 1293 1363 1349; x_wconf 89' lang='lat' dir='ltr'>textus</span> <span class='ocrx_word' id='word_1_135' title='bbox 1386 1280 1461 1371; x_wconf 92' lang='lat' dir='ltr'>ipse</span> <span class='ocrx_word' id='word_1_136' title='bbox 1483 1278 1583 1347; x_wconf 93' lang='lat' dir='ltr'>addit</span> <span class='ocrx_word' id='word_1_137' title='bbox 1599 1277 1859 1368; x_wconf 89' lang='lat' dir='ltr'>mitigationem</span> <span class='ocrx_word' id='word_1_138' title='bbox 1876 1277 1915 1343; x_wconf 90' lang='lat' dir='ltr'>in</span> <span class='ocrx_word' id='word_1_139' title='bbox 1931 1275 2064 1344; x_wconf 89' lang='lat' dir='ltr'>casuali</span> <span class='ocrx_word' id='word_1_140' title='bbox 2078 1271 2142 1344; x_wconf 91' lang='lat' dir='ltr'>ho-</span> 
     </span>
     <span class='ocr_line' id='line_1_12' title="bbox 133 1378 2144 1476; baseline -0.003 -20"><span class='ocrx_word' id='word_1_141' title='bbox 133 1385 255 1456; x_wconf 91' lang='lat' dir='ltr'>nerint</span> <span class='ocrx_word' id='word_1_142' title='bbox 281 1383 449 1465; x_wconf 88' lang='lat' dir='ltr'>studiosi,</span> <span class='ocrx_word' id='word_1_143' title='bbox 485 1395 527 1452; x_wconf 94' lang='lat' dir='ltr'>ut</span> <span class='ocrx_word' id='word_1_144' title='bbox 553 1383 666 1475; x_wconf 89' lang='lat' dir='ltr'>magis</span> <span class='ocrx_word' id='word_1_145' title='bbox 695 1396 816 1452; x_wconf 87' lang='lat' dir='ltr'>ament</span> <span class='ocrx_word' id='word_1_146' title='bbox 844 1385 898 1454; x_wconf 90' lang='lat' dir='ltr'>ius</span> <span class='ocrx_word' id='word_1_147' title='bbox 927 1384 1110 1476; x_wconf 86' lang='lat' dir='ltr'>scriptum.</span> <span class='ocrx_word' id='word_1_148' title='bbox 1161 1381 1325 1466; x_wconf 91' lang='lat' dir='ltr'>micidio,</span> <span class='ocrx_word' id='word_1_149' title='bbox 1358 1394 1393 1450; x_wconf 89' lang='lat' dir='ltr'>et</span> <span class='ocrx_word' id='word_1_150' title='bbox 1423 1384 1585 1450; x_wconf 91' lang='lat' dir='ltr'>doctores</span> <span class='ocrx_word' id='word_1_151' title='bbox 1611 1380 1766 1472; x_wconf 91' lang='lat' dir='ltr'>plurima</span> <span class='ocrx_word' id='word_1_152' title='bbox 1796 1378 1973 1470; x_wconf 88' lang='lat' dir='ltr'>mitigant.</span> <span class='ocrx_word' id='word_1_153' title='bbox 2035 1379 2144 1471; x_wconf 84' lang='lat' dir='ltr'>Quod</span> 
     </span>
     <span class='ocr_line' id='line_1_13' title="bbox 134 1481 2144 1578; baseline -0.004 -21"><span class='ocrx_word' id='word_1_154' title='bbox 134 1485 211 1558; x_wconf 86' lang='lat' dir='ltr'>Etsi</span> <span class='ocrx_word' id='word_1_155' title='bbox 226 1487 320 1556; x_wconf 92' lang='lat' dir='ltr'>enim</span> <span class='ocrx_word' id='word_1_156' title='bbox 336 1488 455 1576; x_wconf 91' lang='lat' dir='ltr'>legum</span> <span class='ocrx_word' id='word_1_157' title='bbox 469 1485 610 1555; x_wconf 87' lang='lat' dir='ltr'>vincula</span> <span class='ocrx_word' id='word_1_158' title='bbox 628 1510 730 1576; x_wconf 81' lang='lat' dir='ltr'>aegre</span> <span class='ocrx_word' id='word_1_159' title='bbox 746 1487 932 1578; x_wconf 89' lang='lat' dir='ltr'>patiuntur</span> <span class='ocrx_word' id='word_1_160' title='bbox 947 1484 1112 1556; x_wconf 90' lang='lat' dir='ltr'>homines</span> <span class='ocrx_word' id='word_1_161' title='bbox 1163 1497 1282 1554; x_wconf 91' lang='lat' dir='ltr'>autem</span> <span class='ocrx_word' id='word_1_162' title='bbox 1301 1485 1451 1576; x_wconf 90' lang='lat' dir='ltr'>scriptae</span> <span class='ocrx_word' id='word_1_163' title='bbox 1471 1483 1710 1575; x_wconf 88' lang='lat' dir='ltr'>mitigationes</span> <span class='ocrx_word' id='word_1_164' title='bbox 1733 1482 1934 1578; x_wconf 89' lang='lat' dir='ltr'>sequendae</span> <span class='ocrx_word' id='word_1_165' title='bbox 1951 1481 2042 1564; x_wconf 90' lang='lat' dir='ltr'>sint,</span> <span class='ocrx_word' id='word_1_166' title='bbox 2067 1504 2144 1550; x_wconf 90' lang='lat' dir='ltr'>ma-</span> 
     </span>
     <span class='ocr_line' id='line_1_14' title="bbox 136 1578 2144 1685; baseline -0.005 -24"><span class='ocrx_word' id='word_1_167' title='bbox 136 1589 331 1685; x_wconf 87' lang='lat' dir='ltr'>tyrannici,</span> <span class='ocrx_word' id='word_1_168' title='bbox 354 1601 475 1657; x_wconf 92' lang='lat' dir='ltr'>tamen</span> <span class='ocrx_word' id='word_1_169' title='bbox 497 1588 547 1655; x_wconf 84' lang='lat' dir='ltr'>ita</span> <span class='ocrx_word' id='word_1_170' title='bbox 568 1591 794 1659; x_wconf 88' lang='lat' dir='ltr'>statuendum</span> <span class='ocrx_word' id='word_1_171' title='bbox 815 1603 885 1672; x_wconf 89' lang='lat' dir='ltr'>est,</span> <span class='ocrx_word' id='word_1_172' title='bbox 909 1591 1018 1659; x_wconf 88' lang='lat' dir='ltr'>satius</span> <span class='ocrx_word' id='word_1_173' title='bbox 1038 1613 1112 1659; x_wconf 89' lang='lat' dir='ltr'>esse</span> <span class='ocrx_word' id='word_1_174' title='bbox 1162 1588 1329 1658; x_wconf 90' lang='lat' dir='ltr'>nisestum</span> <span class='ocrx_word' id='word_1_175' title='bbox 1359 1599 1430 1670; x_wconf 89' lang='lat' dir='ltr'>est,</span> <span class='ocrx_word' id='word_1_176' title='bbox 1460 1586 1544 1679; x_wconf 89' lang='lat' dir='ltr'>quia</span> <span class='ocrx_word' id='word_1_177' title='bbox 1568 1599 1652 1656; x_wconf 88' lang='lat' dir='ltr'>sunt</span> <span class='ocrx_word' id='word_1_178' title='bbox 1680 1587 1793 1676; x_wconf 88' lang='lat' dir='ltr'>leges,</span> <span class='ocrx_word' id='word_1_179' title='bbox 1828 1598 1890 1654; x_wconf 91' lang='lat' dir='ltr'>aut</span> <span class='ocrx_word' id='word_1_180' title='bbox 1913 1578 2048 1652; x_wconf 89' lang='lat' dir='ltr'>habent</span> <span class='ocrx_word' id='word_1_181' title='bbox 2070 1584 2144 1653; x_wconf 87' lang='lat' dir='ltr'>vim</span> 
     </span>
     <span class='ocr_line' id='line_1_15' title="bbox 135 1683 2145 1783; baseline -0.003 -20"><span class='ocrx_word' id='word_1_182' title='bbox 135 1694 189 1764; x_wconf 86' lang='lat' dir='ltr'>uti</span> <span class='ocrx_word' id='word_1_183' title='bbox 210 1690 349 1783; x_wconf 87' lang='lat' dir='ltr'>scriptis</span> <span class='ocrx_word' id='word_1_184' title='bbox 370 1691 525 1781; x_wconf 92' lang='lat' dir='ltr'>legibus,</span> <span class='ocrx_word' id='word_1_185' title='bbox 550 1714 614 1758; x_wconf 91' lang='lat' dir='ltr'>nec</span> <span class='ocrx_word' id='word_1_186' title='bbox 639 1693 902 1761; x_wconf 87' lang='lat' dir='ltr'>concedendam</span> <span class='ocrx_word' id='word_1_187' title='bbox 918 1717 990 1763; x_wconf 92' lang='lat' dir='ltr'>esse</span> <span class='ocrx_word' id='word_1_188' title='bbox 1004 1692 1113 1762; x_wconf 87' lang='lat' dir='ltr'>licen·</span> <span class='ocrx_word' id='word_1_189' title='bbox 1163 1693 1295 1782; x_wconf 87' lang='lat' dir='ltr'>legum.</span> <span class='ocrx_word' id='word_1_190' title='bbox 1346 1689 1547 1759; x_wconf 88' lang='lat' dir='ltr'>Consensus</span> <span class='ocrx_word' id='word_1_191' title='bbox 1567 1690 1663 1757; x_wconf 90' lang='lat' dir='ltr'>enim</span> <span class='ocrx_word' id='word_1_192' title='bbox 1687 1691 1874 1759; x_wconf 90' lang='lat' dir='ltr'>doctorum</span> <span class='ocrx_word' id='word_1_193' title='bbox 1888 1686 1960 1755; x_wconf 90' lang='lat' dir='ltr'>vim</span> <span class='ocrx_word' id='word_1_194' title='bbox 1979 1686 2067 1777; x_wconf 88' lang='lat' dir='ltr'>legis</span> <span class='ocrx_word' id='word_1_195' title='bbox 2081 1683 2145 1757; x_wconf 84' lang='lat' dir='ltr'>ha·</span> 
     </span>
     <span class='ocr_line' id='line_1_16' title="bbox 135 1785 2146 1887; baseline -0.003 -22"><span class='ocrx_word' id='word_1_196' title='bbox 135 1796 223 1865; x_wconf 91' lang='lat' dir='ltr'>tiam</span> <span class='ocrx_word' id='word_1_197' title='bbox 249 1794 424 1886; x_wconf 88' lang='lat' dir='ltr'>imperitis</span> <span class='ocrx_word' id='word_1_198' title='bbox 449 1792 676 1883; x_wconf 83' lang='lat' dir='ltr'>vituperandi</span> <span class='ocrx_word' id='word_1_199' title='bbox 703 1795 758 1864; x_wconf 90' lang='lat' dir='ltr'>ius</span> <span class='ocrx_word' id='word_1_200' title='bbox 780 1796 963 1887; x_wconf 89' lang='lat' dir='ltr'>scriptum.</span> <span class='ocrx_word' id='word_1_201' title='bbox 1019 1794 1112 1866; x_wconf 89' lang='lat' dir='ltr'>Nam</span> <span class='ocrx_word' id='word_1_202' title='bbox 1162 1795 1245 1863; x_wconf 91' lang='lat' dir='ltr'>bere</span> <span class='ocrx_word' id='word_1_203' title='bbox 1273 1795 1467 1862; x_wconf 91' lang='lat' dir='ltr'>censendus</span> <span class='ocrx_word' id='word_1_204' title='bbox 1489 1804 1558 1874; x_wconf 91' lang='lat' dir='ltr'>est,</span> <span class='ocrx_word' id='word_1_205' title='bbox 1584 1816 1664 1862; x_wconf 89' lang='lat' dir='ltr'>cum</span> <span class='ocrx_word' id='word_1_206' title='bbox 1688 1816 1764 1860; x_wconf 93' lang='lat' dir='ltr'>non</span> <span class='ocrx_word' id='word_1_207' title='bbox 1784 1791 1900 1862; x_wconf 90' lang='lat' dir='ltr'>solum</span> <span class='ocrx_word' id='word_1_208' title='bbox 1928 1785 2078 1859; x_wconf 91' lang='lat' dir='ltr'>honesta</span> <span class='ocrx_word' id='word_1_209' title='bbox 2111 1803 2146 1859; x_wconf 91' lang='lat' dir='ltr'>et</span> 
     </span>
     <span class='ocr_line' id='line_1_17' title="bbox 136 1891 2146 1990; baseline -0.003 -21"><span class='ocrx_word' id='word_1_210' title='bbox 136 1907 172 1969; x_wconf 90' lang='lat' dir='ltr'>e&#39;t</span> <span class='ocrx_word' id='word_1_211' title='bbox 193 1898 290 1968; x_wconf 88' lang='lat' dir='ltr'>Deus</span> <span class='ocrx_word' id='word_1_212' title='bbox 315 1921 399 1966; x_wconf 89' lang='lat' dir='ltr'>suae</span> <span class='ocrx_word' id='word_1_213' title='bbox 428 1894 574 1986; x_wconf 88' lang='lat' dir='ltr'>politiae</span> <span class='ocrx_word' id='word_1_214' title='bbox 599 1896 746 1965; x_wconf 90' lang='lat' dir='ltr'>tradidit</span> <span class='ocrx_word' id='word_1_215' title='bbox 771 1899 919 1990; x_wconf 89' lang='lat' dir='ltr'>scriptas</span> <span class='ocrx_word' id='word_1_216' title='bbox 939 1899 1054 1987; x_wconf 87' lang='lat' dir='ltr'>leges,</span> <span class='ocrx_word' id='word_1_217' title='bbox 1080 1908 1115 1964; x_wconf 92' lang='lat' dir='ltr'>et</span> <span class='ocrx_word' id='word_1_218' title='bbox 1166 1895 1266 1987; x_wconf 89' lang='lat' dir='ltr'>gravi</span> <span class='ocrx_word' id='word_1_219' title='bbox 1282 1895 1422 1964; x_wconf 90' lang='lat' dir='ltr'>ratione</span> <span class='ocrx_word' id='word_1_220' title='bbox 1437 1895 1593 1977; x_wconf 86' lang='lat' dir='ltr'>nitatur,</span> <span class='ocrx_word' id='word_1_221' title='bbox 1618 1896 1680 1965; x_wconf 90' lang='lat' dir='ltr'>sed</span> <span class='ocrx_word' id='word_1_222' title='bbox 1697 1895 1802 1963; x_wconf 91' lang='lat' dir='ltr'>etiam</span> <span class='ocrx_word' id='word_1_223' title='bbox 1819 1891 2027 1976; x_wconf 86' lang='lat' dir='ltr'>autoritate,</span> <span class='ocrx_word' id='word_1_224' title='bbox 2052 1917 2146 1988; x_wconf 89' lang='lat' dir='ltr'>quae</span> 
     </span>
     <span class='ocr_line' id='line_1_18' title="bbox 136 1993 2147 2091; baseline -0.003 -19"><span class='ocrx_word' id='word_1_225' title='bbox 136 2001 253 2072; x_wconf 87' lang='lat' dir='ltr'>Attica</span> <span class='ocrx_word' id='word_1_226' title='bbox 278 2012 313 2067; x_wconf 93' lang='lat' dir='ltr'>et</span> <span class='ocrx_word' id='word_1_227' title='bbox 333 1999 500 2067; x_wconf 83' lang='lat' dir='ltr'>Romana</span> <span class='ocrx_word' id='word_1_228' title='bbox 522 1999 721 2089; x_wconf 86' lang='lat' dir='ltr'>respublica</span> <span class='ocrx_word' id='word_1_229' title='bbox 741 2025 825 2070; x_wconf 91' lang='lat' dir='ltr'>usus</span> <span class='ocrx_word' id='word_1_230' title='bbox 852 2010 1115 2091; x_wconf 85' lang='lat' dir='ltr'>compererunt,</span> <span class='ocrx_word' id='word_1_231' title='bbox 1166 1999 1424 2091; x_wconf 88' lang='lat' dir='ltr'>professoribus</span> <span class='ocrx_word' id='word_1_232' title='bbox 1449 2021 1612 2067; x_wconf 89' lang='lat' dir='ltr'>concessa</span> <span class='ocrx_word' id='word_1_233' title='bbox 1636 2010 1699 2068; x_wconf 83' lang='lat' dir='ltr'>est.</span> <span class='ocrx_word' id='word_1_234' title='bbox 1749 1997 1819 2068; x_wconf 85' lang='lat' dir='ltr'>Sed</span> <span class='ocrx_word' id='word_1_235' title='bbox 1839 1993 1927 2065; x_wconf 92' lang='lat' dir='ltr'>illud</span> <span class='ocrx_word' id='word_1_236' title='bbox 1949 1996 2147 2089; x_wconf 89' lang='lat' dir='ltr'>quaeritur,</span> 
     </span>
     <span class='ocr_line' id='line_1_19' title="bbox 137 2098 2148 2198; baseline -0.002 -24"><span class='ocrx_word' id='word_1_237' title='bbox 137 2129 211 2174; x_wconf 92' lang='lat' dir='ltr'>non</span> <span class='ocrx_word' id='word_1_238' title='bbox 235 2112 338 2195; x_wconf 92' lang='lat' dir='ltr'>posse</span> <span class='ocrx_word' id='word_1_239' title='bbox 359 2099 507 2170; x_wconf 90' lang='lat' dir='ltr'>retineri</span> <span class='ocrx_word' id='word_1_240' title='bbox 523 2125 646 2191; x_wconf 89' lang='lat' dir='ltr'>pacem</span> <span class='ocrx_word' id='word_1_241' title='bbox 663 2103 738 2171; x_wconf 90' lang='lat' dir='ltr'>sine</span> <span class='ocrx_word' id='word_1_242' title='bbox 752 2103 884 2195; x_wconf 90' lang='lat' dir='ltr'>scripto</span> <span class='ocrx_word' id='word_1_243' title='bbox 906 2103 995 2174; x_wconf 89' lang='lat' dir='ltr'>iure.</span> <span class='ocrx_word' id='word_1_244' title='bbox 1013 2191 1016 2198; x_wconf 24' lang='grc' dir='ltr'>Ι</span> <span class='ocrx_word' id='word_1_245' title='bbox 1046 2102 1116 2171; x_wconf 91' lang='lat' dir='ltr'>Sed</span> <span class='ocrx_word' id='word_1_246' title='bbox 1168 2126 1214 2169; x_wconf 91' lang='lat' dir='ltr'>an</span> <span class='ocrx_word' id='word_1_247' title='bbox 1231 2102 1389 2195; x_wconf 90' lang='lat' dir='ltr'>aequitas</span> <span class='ocrx_word' id='word_1_248' title='bbox 1403 2126 1477 2171; x_wconf 92' lang='lat' dir='ltr'>non</span> <span class='ocrx_word' id='word_1_249' title='bbox 1491 2101 1621 2192; x_wconf 89' lang='lat' dir='ltr'>scripta</span> <span class='ocrx_word' id='word_1_250' title='bbox 1636 2103 1813 2194; x_wconf 90' lang='lat' dir='ltr'>sequenda</span> <span class='ocrx_word' id='word_1_251' title='bbox 1828 2099 1890 2182; x_wconf 89' lang='lat' dir='ltr'>sit,</span> <span class='ocrx_word' id='word_1_252' title='bbox 1908 2098 1998 2168; x_wconf 90' lang='lat' dir='ltr'>sicut</span> <span class='ocrx_word' id='word_1_253' title='bbox 2010 2099 2148 2169; x_wconf 85' lang='lat' dir='ltr'>indocti</span> 
     </span>
     <span class='ocr_line' id='line_1_20' title="bbox 135 2201 2148 2301; baseline -0.002 -26"><span class='ocrx_word' id='word_1_254' title='bbox 135 2204 195 2276; x_wconf 92' lang='lat' dir='ltr'>hic</span> <span class='ocrx_word' id='word_1_255' title='bbox 216 2205 359 2274; x_wconf 82' lang='lat' dir='ltr'>evidens</span> <span class='ocrx_word' id='word_1_256' title='bbox 374 2215 426 2273; x_wconf 90' lang='lat' dir='ltr'>est</span> <span class='ocrx_word' id='word_1_257' title='bbox 440 2202 585 2274; x_wconf 90' lang='lat' dir='ltr'>utilitas.</span> <span class='ocrx_word' id='word_1_258' title='bbox 618 2203 702 2273; x_wconf 91' lang='lat' dir='ltr'>Ideo</span> <span class='ocrx_word' id='word_1_259' title='bbox 719 2205 761 2274; x_wconf 89' lang='lat' dir='ltr'>de</span> <span class='ocrx_word' id='word_1_260' title='bbox 777 2206 893 2297; x_wconf 89' lang='lat' dir='ltr'>prima</span> <span class='ocrx_word' id='word_1_261' title='bbox 909 2204 1116 2301; x_wconf 88' lang='lat' dir='ltr'>quaestione</span> <span class='ocrx_word' id='word_1_262' title='bbox 1167 2228 1271 2295; x_wconf 86' lang='lat' dir='ltr'>saepe</span> <span class='ocrx_word' id='word_1_263' title='bbox 1299 2206 1530 2274; x_wconf 88' lang='lat' dir='ltr'>contendunt.</span> <span class='ocrx_word' id='word_1_264' title='bbox 1590 2201 1656 2270; x_wconf 92' lang='lat' dir='ltr'>Hic</span> <span class='ocrx_word' id='word_1_265' title='bbox 1687 2203 1816 2272; x_wconf 88' lang='lat' dir='ltr'>iterum</span> <span class='ocrx_word' id='word_1_266' title='bbox 1848 2202 2072 2293; x_wconf 86' lang='lat' dir='ltr'>respondeo,</span> <span class='ocrx_word' id='word_1_267' title='bbox 2107 2215 2148 2272; x_wconf 92' lang='lat' dir='ltr'>ut</span> 
     </span>
     <span class='ocr_line' id='line_1_21' title="bbox 138 2304 2148 2399; baseline -0.002 -21"><span class='ocrx_word' id='word_1_268' title='bbox 138 2334 212 2379; x_wconf 92' lang='lat' dir='ltr'>non</span> <span class='ocrx_word' id='word_1_269' title='bbox 247 2307 339 2376; x_wconf 91' lang='lat' dir='ltr'>addo</span> <span class='ocrx_word' id='word_1_270' title='bbox 366 2305 567 2395; x_wconf 85' lang='lat' dir='ltr'>longiorem</span> <span class='ocrx_word' id='word_1_271' title='bbox 603 2307 892 2398; x_wconf 84' lang='lat' dir='ltr'>disputationem.</span> <span class='ocrx_word' id='word_1_272' title='bbox 955 2308 1115 2379; x_wconf 90' lang='lat' dir='ltr'>Secunda</span> <span class='ocrx_word' id='word_1_273' title='bbox 1168 2331 1286 2399; x_wconf 87' lang='lat' dir='ltr'>supra.</span> <span class='ocrx_word' id='word_1_274' title='bbox 1345 2306 1571 2397; x_wconf 88' lang='lat' dir='ltr'>Regulariter</span> <span class='ocrx_word' id='word_1_275' title='bbox 1600 2308 1868 2376; x_wconf 81' lang='lat' dir='ltr'>anteferendum</span> <span class='ocrx_word' id='word_1_276' title='bbox 1900 2316 1952 2374; x_wconf 91' lang='lat' dir='ltr'>est</span> <span class='ocrx_word' id='word_1_277' title='bbox 1974 2304 2148 2396; x_wconf 87' lang='lat' dir='ltr'>scriptum</span> 
     </span>
     <span class='ocr_line' id='line_1_22' title="bbox 139 2408 2147 2506; baseline -0.002 -25"><span class='ocrx_word' id='word_1_278' title='bbox 139 2411 298 2506; x_wconf 89' lang='lat' dir='ltr'>quaestio</span> <span class='ocrx_word' id='word_1_279' title='bbox 314 2420 384 2493; x_wconf 90' lang='lat' dir='ltr'>est,</span> <span class='ocrx_word' id='word_1_280' title='bbox 401 2420 536 2490; x_wconf 90' lang='lat' dir='ltr'>utrum,</span> <span class='ocrx_word' id='word_1_281' title='bbox 553 2408 615 2477; x_wconf 90' lang='lat' dir='ltr'>ubi</span> <span class='ocrx_word' id='word_1_282' title='bbox 632 2422 726 2479; x_wconf 90' lang='lat' dir='ltr'>extat</span> <span class='ocrx_word' id='word_1_283' title='bbox 739 2410 794 2480; x_wconf 93' lang='lat' dir='ltr'>ius</span> <span class='ocrx_word' id='word_1_284' title='bbox 810 2412 993 2503; x_wconf 90' lang='lat' dir='ltr'>scriptum,</span> <span class='ocrx_word' id='word_1_285' title='bbox 1011 2412 1117 2482; x_wconf 89' lang='lat' dir='ltr'>iudex</span> <span class='ocrx_word' id='word_1_286' title='bbox 1168 2409 1242 2491; x_wconf 91' lang='lat' dir='ltr'>ius,</span> <span class='ocrx_word' id='word_1_287' title='bbox 1266 2433 1332 2478; x_wconf 90' lang='lat' dir='ltr'>nec</span> <span class='ocrx_word' id='word_1_288' title='bbox 1352 2410 1396 2478; x_wconf 92' lang='lat' dir='ltr'>ab</span> <span class='ocrx_word' id='word_1_289' title='bbox 1423 2435 1465 2478; x_wconf 94' lang='lat' dir='ltr'>eo</span> <span class='ocrx_word' id='word_1_290' title='bbox 1486 2409 1737 2478; x_wconf 90' lang='lat' dir='ltr'>discedendum</span> <span class='ocrx_word' id='word_1_291' title='bbox 1755 2422 1807 2478; x_wconf 89' lang='lat' dir='ltr'>est</span> <span class='ocrx_word' id='word_1_292' title='bbox 1828 2410 1866 2476; x_wconf 89' lang='lat' dir='ltr'>in</span> <span class='ocrx_word' id='word_1_293' title='bbox 1885 2431 1987 2489; x_wconf 88' lang='lat' dir='ltr'>casu,</span> <span class='ocrx_word' id='word_1_294' title='bbox 2013 2409 2147 2501; x_wconf 87' lang='lat' dir='ltr'>dequo</span> 
     </span>
     <span class='ocr_line' id='line_1_23' title="bbox 138 2510 2150 2608; baseline -0.002 -25"><span class='ocrx_word' id='word_1_295' title='bbox 138 2514 256 2606; x_wconf 92' lang='lat' dir='ltr'>potius</span> <span class='ocrx_word' id='word_1_296' title='bbox 275 2512 371 2581; x_wconf 89' lang='lat' dir='ltr'>iuxta</span> <span class='ocrx_word' id='word_1_297' title='bbox 393 2510 583 2602; x_wconf 86' lang='lat' dir='ltr'>scripturn,</span> <span class='ocrx_word' id='word_1_298' title='bbox 609 2536 656 2580; x_wconf 87' lang='lat' dir='ltr'>an</span> <span class='ocrx_word' id='word_1_299' title='bbox 677 2512 772 2582; x_wconf 90' lang='lat' dir='ltr'>iuxta</span> <span class='ocrx_word' id='word_1_300' title='bbox 788 2514 1023 2608; x_wconf 88' lang='lat' dir='ltr'>aequitatem,</span> <span class='ocrx_word' id='word_1_301' title='bbox 1048 2510 1118 2583; x_wconf 90' lang='lat' dir='ltr'>hoc</span> <span class='ocrx_word' id='word_1_302' title='bbox 1168 2511 1412 2604; x_wconf 88' lang='lat' dir='ltr'>principaliter</span> <span class='ocrx_word' id='word_1_303' title='bbox 1425 2513 1596 2605; x_wconf 85' lang='lat' dir='ltr'>loquitur.</span> <span class='ocrx_word' id='word_1_304' title='bbox 1638 2511 1734 2604; x_wconf 85' lang='lat' dir='ltr'>Quid</span> <span class='ocrx_word' id='word_1_305' title='bbox 1750 2512 1843 2580; x_wconf 93' lang='lat' dir='ltr'>enim</span> <span class='ocrx_word' id='word_1_306' title='bbox 1861 2510 2029 2579; x_wconf 86' lang='lat' dir='ltr'>attineret</span> <span class='ocrx_word' id='word_1_307' title='bbox 2041 2510 2150 2580; x_wconf 90' lang='lat' dir='ltr'>scribi</span> 
     </span>
     <span class='ocr_line' id='line_1_24' title="bbox 139 2612 2148 2709; baseline -0.001 -25"><span class='ocrx_word' id='word_1_308' title='bbox 139 2630 210 2698; x_wconf 91' lang='lat' dir='ltr'>est,</span> <span class='ocrx_word' id='word_1_309' title='bbox 236 2615 413 2683; x_wconf 88' lang='lat' dir='ltr'>rationem</span> <span class='ocrx_word' id='word_1_310' title='bbox 438 2613 617 2705; x_wconf 88' lang='lat' dir='ltr'>privatam</span> <span class='ocrx_word' id='word_1_311' title='bbox 641 2617 771 2685; x_wconf 92' lang='lat' dir='ltr'>omisso</span> <span class='ocrx_word' id='word_1_312' title='bbox 788 2618 920 2708; x_wconf 88' lang='lat' dir='ltr'>scripto</span> <span class='ocrx_word' id='word_1_313' title='bbox 940 2617 1019 2687; x_wconf 91' lang='lat' dir='ltr'>iure</span> <span class='ocrx_word' id='word_1_314' title='bbox 1034 2642 1117 2709; x_wconf 93' lang='lat' dir='ltr'>pro·</span> <span class='ocrx_word' id='word_1_315' title='bbox 1168 2616 1279 2706; x_wconf 92' lang='lat' dir='ltr'>leges,</span> <span class='ocrx_word' id='word_1_316' title='bbox 1308 2615 1339 2684; x_wconf 94' lang='lat' dir='ltr'>si</span> <span class='ocrx_word' id='word_1_317' title='bbox 1362 2615 1505 2684; x_wconf 89' lang='lat' dir='ltr'>cuilibet</span> <span class='ocrx_word' id='word_1_318' title='bbox 1524 2615 1666 2704; x_wconf 88' lang='lat' dir='ltr'>privato</span> <span class='ocrx_word' id='word_1_319' title='bbox 1683 2615 1832 2692; x_wconf 90' lang='lat' dir='ltr'>arbitrio</span> <span class='ocrx_word' id='word_1_320' title='bbox 1853 2612 1973 2682; x_wconf 91' lang='lat' dir='ltr'>liceret</span> <span class='ocrx_word' id='word_1_321' title='bbox 1986 2637 2148 2706; x_wconf 84' lang='lat' dir='ltr'>pronun·</span> 
     </span>
     <span class='ocr_line' id='line_1_25' title="bbox 137 2713 2150 2812; baseline -0.001 -24"><span class='ocrx_word' id='word_1_322' title='bbox 137 2718 304 2788; x_wconf 89' lang='lat' dir='ltr'>nuntiare</span> <span class='ocrx_word' id='word_1_323' title='bbox 333 2717 470 2786; x_wconf 84' lang='lat' dir='ltr'>debeat.</span> <span class='ocrx_word' id='word_1_324' title='bbox 521 2715 576 2784; x_wconf 89' lang='lat' dir='ltr'>De</span> <span class='ocrx_word' id='word_1_325' title='bbox 600 2713 668 2787; x_wconf 87' lang='lat' dir='ltr'>hac</span> <span class='ocrx_word' id='word_1_326' title='bbox 695 2719 902 2811; x_wconf 90' lang='lat' dir='ltr'>quaestione</span> <span class='ocrx_word' id='word_1_327' title='bbox 930 2733 1014 2790; x_wconf 88' lang='lat' dir='ltr'>sunt</span> <span class='ocrx_word' id='word_1_328' title='bbox 1033 2744 1117 2811; x_wconf 90' lang='lat' dir='ltr'>pro·</span> <span class='ocrx_word' id='word_1_329' title='bbox 1168 2717 1258 2785; x_wconf 92' lang='lat' dir='ltr'>tiare</span> <span class='ocrx_word' id='word_1_330' title='bbox 1274 2715 1320 2812; x_wconf 73' lang='grc'>16)</span> <span class='ocrx_word' id='word_1_331' title='bbox 1346 2716 1389 2785; x_wconf 91' lang='lat' dir='ltr'>de</span> <span class='ocrx_word' id='word_1_332' title='bbox 1406 2741 1619 2811; x_wconf 88' lang='lat' dir='ltr'>quocunque</span> <span class='ocrx_word' id='word_1_333' title='bbox 1642 2741 1744 2801; x_wconf 91' lang='lat' dir='ltr'>casu,</span> <span class='ocrx_word' id='word_1_334' title='bbox 1769 2728 1887 2809; x_wconf 89' lang='lat' dir='ltr'>spreta</span> <span class='ocrx_word' id='word_1_335' title='bbox 1909 2716 1997 2806; x_wconf 84' lang='lat' dir='ltr'>lege.</span> <span class='ocrx_word' id='word_1_336' title='bbox 2049 2715 2150 2787; x_wconf 80' lang='lat' dir='ltr'>Talis</span> 
     </span>
     <span class='ocr_line' id='line_1_26' title="bbox 138 2814 2151 2915; baseline 0 -26"><span class='ocrx_word' id='word_1_337' title='bbox 138 2822 229 2889; x_wconf 88' lang='lat' dir='ltr'>lixae</span> <span class='ocrx_word' id='word_1_338' title='bbox 260 2818 519 2910; x_wconf 90' lang='lat' dir='ltr'>disputationes</span> <span class='ocrx_word' id='word_1_339' title='bbox 551 2819 594 2886; x_wconf 90' lang='lat' dir='ltr'>de</span> <span class='ocrx_word' id='word_1_340' title='bbox 626 2819 764 2908; x_wconf 89' lang='lat' dir='ltr'>rigore,</span> <span class='ocrx_word' id='word_1_341' title='bbox 798 2823 901 2890; x_wconf 91' lang='lat' dir='ltr'>etde</span> <span class='ocrx_word' id='word_1_342' title='bbox 928 2821 1117 2915; x_wconf 87' lang='lat' dir='ltr'>aequitate.</span> <span class='ocrx_word' id='word_1_343' title='bbox 1168 2821 1356 2888; x_wconf 90' lang='lat' dir='ltr'>barbarica</span> <span class='ocrx_word' id='word_1_344' title='bbox 1376 2819 1518 2889; x_wconf 87' lang='lat' dir='ltr'>licentia</span> <span class='ocrx_word' id='word_1_345' title='bbox 1533 2820 1679 2909; x_wconf 87' lang='lat' dir='ltr'>indigna</span> <span class='ocrx_word' id='word_1_346' title='bbox 1697 2833 1749 2890; x_wconf 89' lang='lat' dir='ltr'>est</span> <span class='ocrx_word' id='word_1_347' title='bbox 1761 2821 1852 2889; x_wconf 91' lang='lat' dir='ltr'>bene</span> <span class='ocrx_word' id='word_1_348' title='bbox 1867 2819 2015 2888; x_wconf 85' lang='lat' dir='ltr'>moratis</span> <span class='ocrx_word' id='word_1_349' title='bbox 2032 2814 2151 2889; x_wconf 88' lang='lat' dir='ltr'>homi·</span> 
     </span>
     <span class='ocr_line' id='line_1_27' title="bbox 139 2921 2150 3015; baseline 0 -23"><span class='ocrx_word' id='word_1_350' title='bbox 139 2923 209 2992; x_wconf 91' lang='lat' dir='ltr'>Sed</span> <span class='ocrx_word' id='word_1_351' title='bbox 221 2923 332 2989; x_wconf 82' lang='lat' dir='ltr'>trado</span> <span class='ocrx_word' id='word_1_352' title='bbox 352 2921 568 3010; x_wconf 90' lang='lat' dir='ltr'>simplicem,</span> <span class='ocrx_word' id='word_1_353' title='bbox 594 2921 740 3010; x_wconf 90' lang='lat' dir='ltr'>planam</span> <span class='ocrx_word' id='word_1_354' title='bbox 756 2934 791 2990; x_wconf 94' lang='lat' dir='ltr'>et</span> <span class='ocrx_word' id='word_1_355' title='bbox 809 2947 930 2991; x_wconf 84' lang='lat' dir='ltr'>veram</span> <span class='ocrx_word' id='word_1_356' title='bbox 945 2923 1118 3013; x_wconf 82' lang='lat' dir='ltr'>regulam.</span> <span class='ocrx_word' id='word_1_357' title='bbox 1169 2921 1285 2991; x_wconf 90' lang='lat' dir='ltr'>nibus.</span> <span class='ocrx_word' id='word_1_358' title='bbox 1337 2921 1408 2990; x_wconf 86' lang='lat' dir='ltr'>Sed</span> <span class='ocrx_word' id='word_1_359' title='bbox 1429 2921 1592 2991; x_wconf 91' lang='lat' dir='ltr'>incidunt</span> <span class='ocrx_word' id='word_1_360' title='bbox 1613 2923 1792 2992; x_wconf 90' lang='lat' dir='ltr'>interdum</span> <span class='ocrx_word' id='word_1_361' title='bbox 1811 2946 1929 3005; x_wconf 87' lang='lat' dir='ltr'>casus,</span> <span class='ocrx_word' id='word_1_362' title='bbox 1956 2924 2000 2991; x_wconf 92' lang='lat' dir='ltr'>de</span> <span class='ocrx_word' id='word_1_363' title='bbox 2020 2921 2150 3015; x_wconf 86' lang='lat' dir='ltr'>quibus</span> 
     </span>
     <span class='ocr_line' id='line_1_28' title="bbox 138 3019 2151 3121; baseline 0 -27"><span class='ocrx_word' id='word_1_364' title='bbox 138 3022 364 3114; x_wconf 85' lang='lat' dir='ltr'>Regulariter</span> <span class='ocrx_word' id='word_1_365' title='bbox 396 3021 589 3121; x_wconf 79' lang='lat' dir='ltr'>exscripto</span> <span class='ocrx_word' id='word_1_366' title='bbox 615 3022 692 3091; x_wconf 90' lang='lat' dir='ltr'>iure</span> <span class='ocrx_word' id='word_1_367' title='bbox 723 3025 1029 3115; x_wconf 89' lang='lat' dir='ltr'>prommtiandum</span> <span class='ocrx_word' id='word_1_368' title='bbox 1055 3037 1119 3108; x_wconf 91' lang='lat' dir='ltr'>est,</span> <span class='ocrx_word' id='word_1_369' title='bbox 1168 3024 1226 3093; x_wconf 90' lang='lat' dir='ltr'>lex</span> <span class='ocrx_word' id='word_1_370' title='bbox 1248 3046 1324 3091; x_wconf 94' lang='lat' dir='ltr'>non</span> <span class='ocrx_word' id='word_1_371' title='bbox 1349 3023 1594 3115; x_wconf 89' lang='lat' dir='ltr'>principaliter</span> <span class='ocrx_word' id='word_1_372' title='bbox 1613 3024 1792 3117; x_wconf 90' lang='lat' dir='ltr'>loquitur,</span> <span class='ocrx_word' id='word_1_373' title='bbox 1818 3049 1859 3095; x_wconf 91' lang='lat' dir='ltr'>ac</span> <span class='ocrx_word' id='word_1_374' title='bbox 1881 3019 2030 3097; x_wconf 88' lang='lat' dir='ltr'>honesta</span> <span class='ocrx_word' id='word_1_375' title='bbox 2055 3024 2151 3095; x_wconf 87' lang='lat' dir='ltr'>ratio</span> 
     </span>
     <span class='ocr_line' id='line_1_29' title="bbox 140 3123 2151 3221; baseline 0.001 -26"><span class='ocrx_word' id='word_1_376' title='bbox 140 3124 350 3219; x_wconf 90' lang='lat' dir='ltr'>praesertim</span> <span class='ocrx_word' id='word_1_377' title='bbox 372 3124 411 3190; x_wconf 92' lang='lat' dir='ltr'>in</span> <span class='ocrx_word' id='word_1_378' title='bbox 439 3123 482 3193; x_wconf 92' lang='lat' dir='ltr'>iis</span> <span class='ocrx_word' id='word_1_379' title='bbox 508 3123 665 3207; x_wconf 88' lang='lat' dir='ltr'>casibus,</span> <span class='ocrx_word' id='word_1_380' title='bbox 692 3124 735 3193; x_wconf 89' lang='lat' dir='ltr'>de</span> <span class='ocrx_word' id='word_1_381' title='bbox 761 3127 888 3220; x_wconf 93' lang='lat' dir='ltr'>quibus</span> <span class='ocrx_word' id='word_1_382' title='bbox 909 3129 965 3197; x_wconf 92' lang='lat' dir='ltr'>lex</span> <span class='ocrx_word' id='word_1_383' title='bbox 987 3127 1119 3220; x_wconf 92' lang='lat' dir='ltr'>princi·</span> <span class='ocrx_word' id='word_1_384' title='bbox 1169 3125 1307 3216; x_wconf 87' lang='lat' dir='ltr'>flagitat</span> <span class='ocrx_word' id='word_1_385' title='bbox 1322 3126 1625 3212; x_wconf 85' lang='lat' dir='ltr'>moderationem,</span> <span class='ocrx_word' id='word_1_386' title='bbox 1651 3141 1799 3219; x_wconf 90' lang='lat' dir='ltr'>propter</span> <span class='ocrx_word' id='word_1_387' title='bbox 1820 3128 1977 3221; x_wconf 87' lang='lat' dir='ltr'>aliquam</span> <span class='ocrx_word' id='word_1_388' title='bbox 2001 3126 2151 3218; x_wconf 88' lang='lat' dir='ltr'>circum-</span> 
     </span>
     <span class='ocr_line' id='line_1_30' title="bbox 141 3225 2152 3322; baseline 0.001 -26"><span class='ocrx_word' id='word_1_389' title='bbox 141 3228 268 3321; x_wconf 92' lang='lat' dir='ltr'>paliter</span> <span class='ocrx_word' id='word_1_390' title='bbox 291 3226 461 3319; x_wconf 85' lang='lat' dir='ltr'>loquitur.</span> <span class='ocrx_word' id='word_1_391' title='bbox 510 3225 562 3295; x_wconf 93' lang='lat' dir='ltr'>Ut</span> <span class='ocrx_word' id='word_1_392' title='bbox 583 3226 678 3296; x_wconf 90' lang='lat' dir='ltr'>enim</span> <span class='ocrx_word' id='word_1_393' title='bbox 701 3230 941 3318; x_wconf 90' lang='lat' dir='ltr'>magistratui,</span> <span class='ocrx_word' id='word_1_394' title='bbox 966 3230 1016 3298; x_wconf 88' lang='lat' dir='ltr'>sic</span> <span class='ocrx_word' id='word_1_395' title='bbox 1036 3230 1120 3300; x_wconf 91' lang='lat' dir='ltr'>scri·</span> <span class='ocrx_word' id='word_1_396' title='bbox 1171 3228 1338 3300; x_wconf 88' lang='lat' dir='ltr'>stantiam</span> <span class='ocrx_word' id='word_1_397' title='bbox 1362 3228 1598 3321; x_wconf 90' lang='lat' dir='ltr'>perspicuam.</span> <span class='ocrx_word' id='word_1_398' title='bbox 1648 3229 1715 3298; x_wconf 92' lang='lat' dir='ltr'>Hic</span> <span class='ocrx_word' id='word_1_399' title='bbox 1742 3231 1881 3300; x_wconf 91' lang='lat' dir='ltr'>etiamsi</span> <span class='ocrx_word' id='word_1_400' title='bbox 1901 3231 2000 3302; x_wconf 92' lang='lat' dir='ltr'>deest</span> <span class='ocrx_word' id='word_1_401' title='bbox 2018 3229 2152 3322; x_wconf 88' lang='lat' dir='ltr'>scripta</span> 
     </span>
     <span class='ocr_line' id='line_1_31' title="bbox 141 3328 2154 3424; baseline 0.001 -26"><span class='ocrx_word' id='word_1_402' title='bbox 141 3342 223 3423; x_wconf 90' lang='lat' dir='ltr'>ptae</span> <span class='ocrx_word' id='word_1_403' title='bbox 255 3329 324 3420; x_wconf 91' lang='lat' dir='ltr'>legi</span> <span class='ocrx_word' id='word_1_404' title='bbox 355 3329 504 3397; x_wconf 88' lang='lat' dir='ltr'>debetur</span> <span class='ocrx_word' id='word_1_405' title='bbox 535 3329 748 3400; x_wconf 88' lang='lat' dir='ltr'>obedientia.</span> <span class='ocrx_word' id='word_1_406' title='bbox 805 3330 900 3421; x_wconf 86' lang='lat' dir='ltr'>Ergo</span> <span class='ocrx_word' id='word_1_407' title='bbox 933 3333 1121 3402; x_wconf 87' lang='lat' dir='ltr'>nonlicet</span> <span class='ocrx_word' id='word_1_408' title='bbox 1172 3330 1351 3424; x_wconf 88' lang='lat' dir='ltr'>aequitas,</span> <span class='ocrx_word' id='word_1_409' title='bbox 1373 3344 1493 3400; x_wconf 88' lang='lat' dir='ltr'>tamen</span> <span class='ocrx_word' id='word_1_410' title='bbox 1508 3331 1613 3402; x_wconf 87' lang='lat' dir='ltr'>iudex</span> <span class='ocrx_word' id='word_1_411' title='bbox 1629 3328 1797 3403; x_wconf 91' lang='lat' dir='ltr'>adhibere</span> <span class='ocrx_word' id='word_1_412' title='bbox 1812 3332 2074 3423; x_wconf 84' lang='lat' dir='ltr'>mitigationem</span> <span class='ocrx_word' id='word_1_413' title='bbox 2092 3333 2154 3402; x_wconf 89' lang='lat' dir='ltr'>de-</span> 
     </span>
     <span class='ocr_line' id='line_1_32' title="bbox 142 3430 2155 3529; baseline -0 -25"><span class='ocrx_word' id='word_1_414' title='bbox 142 3433 321 3504; x_wconf 90' lang='lat' dir='ltr'>discedere</span> <span class='ocrx_word' id='word_1_415' title='bbox 345 3455 365 3500; x_wconf 94' lang='lat' dir='ltr'>a</span> <span class='ocrx_word' id='word_1_416' title='bbox 390 3430 522 3522; x_wconf 88' lang='lat' dir='ltr'>scripta</span> <span class='ocrx_word' id='word_1_417' title='bbox 547 3431 635 3521; x_wconf 84' lang='lat' dir='ltr'>lege.</span> <span class='ocrx_word' id='word_1_418' title='bbox 687 3431 775 3501; x_wconf 92' lang='lat' dir='ltr'>ltem</span> <span class='ocrx_word' id='word_1_419' title='bbox 799 3433 924 3504; x_wconf 91' lang='lat' dir='ltr'>iudicis</span> <span class='ocrx_word' id='word_1_420' title='bbox 945 3436 1121 3504; x_wconf 90' lang='lat' dir='ltr'>sententia</span> <span class='ocrx_word' id='word_1_421' title='bbox 1170 3434 1249 3515; x_wconf 91' lang='lat' dir='ltr'>bet,</span> <span class='ocrx_word' id='word_1_422' title='bbox 1275 3444 1316 3502; x_wconf 90' lang='lat' dir='ltr'>ut</span> <span class='ocrx_word' id='word_1_423' title='bbox 1334 3433 1391 3502; x_wconf 89' lang='lat' dir='ltr'>lex</span> <span class='ocrx_word' id='word_1_424' title='bbox 1411 3434 1454 3504; x_wconf 91' lang='lat' dir='ltr'>de</span> <span class='ocrx_word' id='word_1_425' title='bbox 1473 3436 1551 3504; x_wconf 86' lang='lat' dir='ltr'>iure</span> <span class='ocrx_word' id='word_1_426' title='bbox 1566 3435 1822 3526; x_wconf 87' lang='lat' dir='ltr'>strangulando</span> <span class='ocrx_word' id='word_1_427' title='bbox 1842 3436 2003 3529; x_wconf 91' lang='lat' dir='ltr'>loquitur</span> <span class='ocrx_word' id='word_1_428' title='bbox 2018 3435 2155 3527; x_wconf 89' lang='lat' dir='ltr'>princi-</span> 
     </span>
     <span class='ocr_line' id='line_1_33' title="bbox 141 3533 2153 3631; baseline 0.001 -26"><span class='ocrx_word' id='word_1_429' title='bbox 141 3534 250 3605; x_wconf 90' lang='lat' dir='ltr'>habet</span> <span class='ocrx_word' id='word_1_430' title='bbox 280 3533 529 3617; x_wconf 88' lang='lat' dir='ltr'>autoritatem,</span> <span class='ocrx_word' id='word_1_431' title='bbox 563 3558 639 3602; x_wconf 92' lang='lat' dir='ltr'>non</span> <span class='ocrx_word' id='word_1_432' title='bbox 670 3535 753 3630; x_wconf 89' lang='lat' dir='ltr'>quia</span> <span class='ocrx_word' id='word_1_433' title='bbox 781 3537 920 3628; x_wconf 89' lang='lat' dir='ltr'>privata</span> <span class='ocrx_word' id='word_1_434' title='bbox 953 3538 1119 3629; x_wconf 86' lang='lat' dir='ltr'>cogitatio</span> <span class='ocrx_word' id='word_1_435' title='bbox 1172 3536 1300 3629; x_wconf 91' lang='lat' dir='ltr'>paliter</span> <span class='ocrx_word' id='word_1_436' title='bbox 1332 3538 1374 3605; x_wconf 93' lang='lat' dir='ltr'>de</span> <span class='ocrx_word' id='word_1_437' title='bbox 1405 3562 1467 3621; x_wconf 92' lang='lat' dir='ltr'>eo,</span> <span class='ocrx_word' id='word_1_438' title='bbox 1499 3537 1562 3631; x_wconf 90' lang='lat' dir='ltr'>qui</span> <span class='ocrx_word' id='word_1_439' title='bbox 1590 3538 1703 3607; x_wconf 88' lang='lat' dir='ltr'>atroci</span> <span class='ocrx_word' id='word_1_440' title='bbox 1726 3539 1875 3609; x_wconf 90' lang='lat' dir='ltr'>consilio</span> <span class='ocrx_word' id='word_1_441' title='bbox 1896 3539 1979 3610; x_wconf 89' lang='lat' dir='ltr'>fecit</span> <span class='ocrx_word' id='word_1_442' title='bbox 1995 3540 2153 3621; x_wconf 74' lang='lat' dir='ltr'>lurtum,</span> 
     </span>
     <span class='ocr_line' id='line_1_34' title="bbox 144 3637 2154 3732; baseline 0.002 -26"><span class='ocrx_word' id='word_1_443' title='bbox 144 3652 212 3719; x_wconf 92' lang='lat' dir='ltr'>est,</span> <span class='ocrx_word' id='word_1_444' title='bbox 238 3639 300 3706; x_wconf 93' lang='lat' dir='ltr'>sed</span> <span class='ocrx_word' id='word_1_445' title='bbox 317 3637 402 3729; x_wconf 89' lang='lat' dir='ltr'>quia</span> <span class='ocrx_word' id='word_1_446' title='bbox 419 3637 506 3727; x_wconf 91' lang='lat' dir='ltr'>legis</span> <span class='ocrx_word' id='word_1_447' title='bbox 520 3661 589 3705; x_wconf 82' lang='lat' dir='ltr'>vox</span> <span class='ocrx_word' id='word_1_448' title='bbox 609 3649 672 3708; x_wconf 86' lang='lat' dir='ltr'>est.</span> <span class='ocrx_word' id='word_1_449' title='bbox 721 3637 816 3730; x_wconf 88' lang='lat' dir='ltr'>Ergo</span> <span class='ocrx_word' id='word_1_450' title='bbox 832 3640 938 3710; x_wconf 90' lang='lat' dir='ltr'>iudex</span> <span class='ocrx_word' id='word_1_451' title='bbox 956 3643 1059 3710; x_wconf 92' lang='lat' dir='ltr'>debet</span> <span class='ocrx_word' id='word_1_452' title='bbox 1073 3643 1122 3709; x_wconf 91' lang='lat' dir='ltr'>le·</span> <span class='ocrx_word' id='word_1_453' title='bbox 1172 3664 1247 3708; x_wconf 90' lang='lat' dir='ltr'>non</span> <span class='ocrx_word' id='word_1_454' title='bbox 1275 3639 1435 3732; x_wconf 91' lang='lat' dir='ltr'>loquitur</span> <span class='ocrx_word' id='word_1_455' title='bbox 1462 3640 1708 3732; x_wconf 88' lang='lat' dir='ltr'>principaliter</span> <span class='ocrx_word' id='word_1_456' title='bbox 1738 3644 1782 3711; x_wconf 90' lang='lat' dir='ltr'>de</span> <span class='ocrx_word' id='word_1_457' title='bbox 1803 3639 1949 3711; x_wconf 88' lang='lat' dir='ltr'>homine</span> <span class='ocrx_word' id='word_1_458' title='bbox 1976 3641 2154 3724; x_wconf 91' lang='lat' dir='ltr'>modesto,</span> 
     </span>
     <span class='ocr_line' id='line_1_35' title="bbox 142 3739 2156 3835; baseline 0.003 -29"><span class='ocrx_word' id='word_1_459' title='bbox 142 3764 225 3829; x_wconf 91' lang='lat' dir='ltr'>gem</span> <span class='ocrx_word' id='word_1_460' title='bbox 244 3739 364 3831; x_wconf 89' lang='lat' dir='ltr'>sequi,</span> <span class='ocrx_word' id='word_1_461' title='bbox 387 3762 461 3805; x_wconf 93' lang='lat' dir='ltr'>non</span> <span class='ocrx_word' id='word_1_462' title='bbox 486 3739 643 3829; x_wconf 89' lang='lat' dir='ltr'>privatas</span> <span class='ocrx_word' id='word_1_463' title='bbox 666 3740 873 3831; x_wconf 90' lang='lat' dir='ltr'>opiniones,</span> <span class='ocrx_word' id='word_1_464' title='bbox 898 3767 965 3812; x_wconf 92' lang='lat' dir='ltr'>nec</span> <span class='ocrx_word' id='word_1_465' title='bbox 986 3756 1123 3835; x_wconf 89' lang='lat' dir='ltr'>pugnat</span> <span class='ocrx_word' id='word_1_466' title='bbox 1173 3741 1325 3832; x_wconf 91' lang='lat' dir='ltr'>impulso</span> <span class='ocrx_word' id='word_1_467' title='bbox 1349 3744 1443 3810; x_wconf 86' lang='lat' dir='ltr'>fame</span> <span class='ocrx_word' id='word_1_468' title='bbox 1468 3743 1514 3810; x_wconf 89' lang='lat' dir='ltr'>ad</span> <span class='ocrx_word' id='word_1_469' title='bbox 1536 3745 1740 3813; x_wconf 85' lang='lat' dir='ltr'>furandum.</span> <span class='ocrx_word' id='word_1_470' title='bbox 1791 3745 1896 3816; x_wconf 89' lang='lat' dir='ltr'>Hunc</span> <span class='ocrx_word' id='word_1_471' title='bbox 1918 3743 2026 3834; x_wconf 89' lang='lat' dir='ltr'>igitur</span> <span class='ocrx_word' id='word_1_472' title='bbox 2047 3743 2156 3814; x_wconf 83' lang='lat' dir='ltr'>iudex</span> 
     </span>
     <span class='ocr_line' id='line_1_36' title="bbox 144 3839 2157 3941; baseline 0.003 -33"><span class='ocrx_word' id='word_1_473' title='bbox 144 3839 305 3933; x_wconf 90' lang='lat' dir='ltr'>aequitas</span> <span class='ocrx_word' id='word_1_474' title='bbox 327 3863 406 3908; x_wconf 92' lang='lat' dir='ltr'>cum</span> <span class='ocrx_word' id='word_1_475' title='bbox 424 3840 555 3932; x_wconf 92' lang='lat' dir='ltr'>scripto</span> <span class='ocrx_word' id='word_1_476' title='bbox 572 3841 669 3925; x_wconf 91' lang='lat' dir='ltr'>iure,</span> <span class='ocrx_word' id='word_1_477' title='bbox 691 3866 776 3912; x_wconf 89' lang='lat' dir='ltr'>nam</span> <span class='ocrx_word' id='word_1_478' title='bbox 791 3845 829 3913; x_wconf 90' lang='lat' dir='ltr'>in</span> <span class='ocrx_word' id='word_1_479' title='bbox 843 3844 886 3915; x_wconf 92' lang='lat' dir='ltr'>iis</span> <span class='ocrx_word' id='word_1_480' title='bbox 900 3846 1056 3930; x_wconf 89' lang='lat' dir='ltr'>casibus,</span> <span class='ocrx_word' id='word_1_481' title='bbox 1078 3849 1122 3914; x_wconf 90' lang='lat' dir='ltr'>de</span> <span class='ocrx_word' id='word_1_482' title='bbox 1173 3844 1299 3936; x_wconf 91' lang='lat' dir='ltr'>puniet</span> <span class='ocrx_word' id='word_1_483' title='bbox 1328 3844 1467 3927; x_wconf 88' lang='lat' dir='ltr'>mitius,</span> <span class='ocrx_word' id='word_1_484' title='bbox 1498 3840 1675 3941; x_wconf 89' lang='lat' dir='ltr'>habetque</span> <span class='ocrx_word' id='word_1_485' title='bbox 1698 3846 1816 3918; x_wconf 90' lang='lat' dir='ltr'>locum</span> <span class='ocrx_word' id='word_1_486' title='bbox 1840 3847 2001 3941; x_wconf 91' lang='lat' dir='ltr'>aequitas</span> <span class='ocrx_word' id='word_1_487' title='bbox 2024 3844 2065 3913; x_wconf 91' lang='lat' dir='ltr'>in</span> <span class='ocrx_word' id='word_1_488' title='bbox 2091 3845 2157 3915; x_wconf 88' lang='lat' dir='ltr'>tali</span> 
     </span>
     <span class='ocr_line' id='line_1_37' title="bbox 144 3942 2156 4044; baseline 0.004 -34"><span class='ocrx_word' id='word_1_489' title='bbox 144 3942 274 4036; x_wconf 90' lang='lat' dir='ltr'>quibus</span> <span class='ocrx_word' id='word_1_490' title='bbox 297 3942 352 4009; x_wconf 92' lang='lat' dir='ltr'>lex</span> <span class='ocrx_word' id='word_1_491' title='bbox 374 3942 618 4033; x_wconf 87' lang='lat' dir='ltr'>principaliter</span> <span class='ocrx_word' id='word_1_492' title='bbox 638 3944 815 4038; x_wconf 92' lang='lat' dir='ltr'>loquitur,</span> <span class='ocrx_word' id='word_1_493' title='bbox 842 3948 1049 4038; x_wconf 85' lang='lat' dir='ltr'>gravissima</span> <span class='ocrx_word' id='word_1_494' title='bbox 1063 3951 1123 4017; x_wconf 85' lang='lat' dir='ltr'>de·</span> <span class='ocrx_word' id='word_1_495' title='bbox 1175 3971 1276 4029; x_wconf 89' lang='lat' dir='ltr'>casu,</span> <span class='ocrx_word' id='word_1_496' title='bbox 1310 3970 1375 4016; x_wconf 89' lang='lat' dir='ltr'>nec</span> <span class='ocrx_word' id='word_1_497' title='bbox 1398 3947 1560 4016; x_wconf 88' lang='lat' dir='ltr'>dissentit</span> <span class='ocrx_word' id='word_1_498' title='bbox 1581 3973 1601 4016; x_wconf 91' lang='lat' dir='ltr'>a</span> <span class='ocrx_word' id='word_1_499' title='bbox 1624 3948 1777 4039; x_wconf 91' lang='lat' dir='ltr'>scripto,</span> <span class='ocrx_word' id='word_1_500' title='bbox 1811 3950 1896 4044; x_wconf 91' lang='lat' dir='ltr'>quia</span> <span class='ocrx_word' id='word_1_501' title='bbox 1916 3949 2089 4041; x_wconf 88' lang='lat' dir='ltr'>scripturn</span> <span class='ocrx_word' id='word_1_502' title='bbox 2111 3950 2156 4018; x_wconf 88' lang='lat' dir='ltr'>de</span> 
     </span>
     <span class='ocr_line' id='line_1_38' title="bbox 142 4041 2157 4145; baseline 0.002 -32"><span class='ocrx_word' id='word_1_503' title='bbox 142 4043 354 4114; x_wconf 91' lang='lat' dir='ltr'>liberatione</span> <span class='ocrx_word' id='word_1_504' title='bbox 368 4043 462 4112; x_wconf 88' lang='lat' dir='ltr'>lator</span> <span class='ocrx_word' id='word_1_505' title='bbox 475 4041 708 4135; x_wconf 91' lang='lat' dir='ltr'>deprehendit</span> <span class='ocrx_word' id='word_1_506' title='bbox 722 4049 759 4118; x_wconf 94' lang='lat' dir='ltr'>id</span> <span class='ocrx_word' id='word_1_507' title='bbox 772 4073 844 4120; x_wconf 90' lang='lat' dir='ltr'>esse</span> <span class='ocrx_word' id='word_1_508' title='bbox 859 4051 1123 4144; x_wconf 90' lang='lat' dir='ltr'>aequissimum,</span> <span class='ocrx_word' id='word_1_509' title='bbox 1175 4048 1245 4117; x_wconf 93' lang='lat' dir='ltr'>alio</span> <span class='ocrx_word' id='word_1_510' title='bbox 1268 4071 1351 4117; x_wconf 90' lang='lat' dir='ltr'>casu</span> <span class='ocrx_word' id='word_1_511' title='bbox 1373 4048 1619 4141; x_wconf 88' lang='lat' dir='ltr'>principaliter</span> <span class='ocrx_word' id='word_1_512' title='bbox 1638 4051 1809 4145; x_wconf 90' lang='lat' dir='ltr'>loquitur.</span> <span class='ocrx_word' id='word_1_513' title='bbox 1858 4051 1912 4122; x_wconf 89' lang='lat' dir='ltr'>lta</span> <span class='ocrx_word' id='word_1_514' title='bbox 1931 4052 2020 4122; x_wconf 90' lang='lat' dir='ltr'>Milo</span> <span class='ocrx_word' id='word_1_515' title='bbox 2034 4051 2157 4121; x_wconf 74' lang='lat' dir='ltr'>luerat</span> 
     </span>
     <span class='ocr_line' id='line_1_39' title="bbox 145 4144 2158 4247; baseline 0.003 -31"><span class='ocrx_word' id='word_1_516' title='bbox 145 4149 243 4242; x_wconf 92' lang='lat' dir='ltr'>quod</span> <span class='ocrx_word' id='word_1_517' title='bbox 268 4144 461 4217; x_wconf 87' lang='lat' dir='ltr'>constituit.</span> <span class='ocrx_word' id='word_1_518' title='bbox 511 4145 594 4217; x_wconf 93' lang='lat' dir='ltr'>ldeo</span> <span class='ocrx_word' id='word_1_519' title='bbox 619 4163 714 4219; x_wconf 90' lang='lat' dir='ltr'>recte</span> <span class='ocrx_word' id='word_1_520' title='bbox 741 4152 858 4247; x_wconf 91' lang='lat' dir='ltr'>inquit</span> <span class='ocrx_word' id='word_1_521' title='bbox 881 4167 996 4224; x_wconf 89' lang='lat' dir='ltr'>textus</span> <span class='ocrx_word' id='word_1_522' title='bbox 1018 4154 1124 4224; x_wconf 88' lang='lat' dir='ltr'>Codi-</span> <span class='ocrx_word' id='word_1_523' title='bbox 1175 4150 1429 4235; x_wconf 88' lang='lat' dir='ltr'>absolvendus,</span> <span class='ocrx_word' id='word_1_524' title='bbox 1462 4176 1537 4221; x_wconf 90' lang='lat' dir='ltr'>non</span> <span class='ocrx_word' id='word_1_525' title='bbox 1560 4155 1654 4224; x_wconf 90' lang='lat' dir='ltr'>enim</span> <span class='ocrx_word' id='word_1_526' title='bbox 1677 4155 1809 4223; x_wconf 86' lang='lat' dir='ltr'>fecerat</span> <span class='ocrx_word' id='word_1_527' title='bbox 1837 4153 1979 4225; x_wconf 89' lang='lat' dir='ltr'>initium</span> <span class='ocrx_word' id='word_1_528' title='bbox 2002 4176 2158 4246; x_wconf 79' lang='lat' dir='ltr'>pugnae,</span> 
     </span>
     <span class='ocr_line' id='line_1_40' title="bbox 145 4247 2158 4351; baseline 0.004 -33"><span class='ocrx_word' id='word_1_529' title='bbox 145 4251 195 4319; x_wconf 90' lang='lat' dir='ltr'>cis</span> <span class='ocrx_word' id='word_1_530' title='bbox 210 4250 253 4318; x_wconf 93' lang='lat' dir='ltr'>de</span> <span class='ocrx_word' id='word_1_531' title='bbox 268 4247 406 4317; x_wconf 82' lang='lat' dir='ltr'>iudiciis</span> <span class='ocrx_word' id='word_1_532' title='bbox 421 4247 484 4343; x_wconf 64' lang='grc'>14);</span> <span class='ocrx_word' id='word_1_533' title='bbox 511 4251 650 4322; x_wconf 90' lang='lat' dir='ltr'>Placuit</span> <span class='ocrx_word' id='word_1_534' title='bbox 665 4253 703 4321; x_wconf 89' lang='lat' dir='ltr'>in</span> <span class='ocrx_word' id='word_1_535' title='bbox 719 4256 884 4326; x_wconf 91' lang='lat' dir='ltr'>omnibus</span> <span class='ocrx_word' id='word_1_536' title='bbox 897 4259 1004 4327; x_wconf 91' lang='lat' dir='ltr'>rebus</span> <span class='ocrx_word' id='word_1_537' title='bbox 1021 4281 1125 4350; x_wconf 89' lang='lat' dir='ltr'>prae·</span> <span class='ocrx_word' id='word_1_538' title='bbox 1176 4253 1242 4324; x_wconf 89' lang='lat' dir='ltr'>etsi</span> <span class='ocrx_word' id='word_1_539' title='bbox 1255 4266 1378 4345; x_wconf 92' lang='lat' dir='ltr'>postea</span> <span class='ocrx_word' id='word_1_540' title='bbox 1394 4257 1543 4326; x_wconf 90' lang='lat' dir='ltr'>modum</span> <span class='ocrx_word' id='word_1_541' title='bbox 1558 4256 1772 4328; x_wconf 85' lang='lat' dir='ltr'>defensionis</span> <span class='ocrx_word' id='word_1_542' title='bbox 1788 4260 1960 4340; x_wconf 86' lang='lat' dir='ltr'>excessit,</span> <span class='ocrx_word' id='word_1_543' title='bbox 1981 4256 2158 4351; x_wconf 88' lang='lat' dir='ltr'>quianon</span> 
     </span>
     <span class='ocr_line' id='line_1_41' title="bbox 141 4351 2158 4454; baseline 0.004 -33"><span class='ocrx_word' id='word_1_544' title='bbox 141 4353 287 4445; x_wconf 85' lang='lat' dir='ltr'>&#39;cipuam</span> <span class='ocrx_word' id='word_1_545' title='bbox 321 4375 393 4421; x_wconf 91' lang='lat' dir='ltr'>esse</span> <span class='ocrx_word' id='word_1_546' title='bbox 421 4351 595 4436; x_wconf 88' lang='lat' dir='ltr'>iustitiae,</span> <span class='ocrx_word' id='word_1_547' title='bbox 622 4356 881 4451; x_wconf 89' lang='lat' dir='ltr'>aequitatisque</span> <span class='ocrx_word' id='word_1_548' title='bbox 907 4360 1060 4453; x_wconf 89' lang='lat' dir='ltr'>scriptae</span> <span class='ocrx_word' id='word_1_549' title='bbox 1077 4360 1124 4454; x_wconf 80' lang='lat'>¹⁶)</span> <span class='ocrx_word' id='word_1_550' title='bbox 1177 4356 1306 4426; x_wconf 90' lang='lat' dir='ltr'>occidit</span> <span class='ocrx_word' id='word_1_551' title='bbox 1319 4357 1485 4428; x_wconf 85' lang='lat' dir='ltr'>Clodium</span> <span class='ocrx_word' id='word_1_552' title='bbox 1499 4359 1537 4427; x_wconf 93' lang='lat' dir='ltr'>in</span> <span class='ocrx_word' id='word_1_553' title='bbox 1556 4359 1770 4442; x_wconf 88' lang='lat' dir='ltr'>continenti,</span> <span class='ocrx_word' id='word_1_554' title='bbox 1796 4364 1857 4430; x_wconf 93' lang='lat' dir='ltr'>sed</span> <span class='ocrx_word' id='word_1_555' title='bbox 1873 4374 1993 4430; x_wconf 92' lang='lat' dir='ltr'>tamen</span> <span class='ocrx_word' id='word_1_556' title='bbox 2008 4358 2064 4428; x_wconf 88' lang='lat' dir='ltr'>vir</span> <span class='ocrx_word' id='word_1_557' title='bbox 2084 4361 2158 4429; x_wconf 87' lang='lat' dir='ltr'>for-</span> 
     </span>
     <span class='ocr_line' id='line_1_42' title="bbox 146 4454 2159 4551; baseline 0.004 -29"><span class='ocrx_word' id='word_1_558' title='bbox 146 4479 256 4549; x_wconf 87' lang='lat' dir='ltr'>quam</span> <span class='ocrx_word' id='word_1_559' title='bbox 281 4454 395 4524; x_wconf 89' lang='lat' dir='ltr'>stricti</span> <span class='ocrx_word' id='word_1_560' title='bbox 427 4455 534 4539; x_wconf 89' lang='lat' dir='ltr'>iuris,</span> <span class='ocrx_word' id='word_1_561' title='bbox 566 4458 757 4530; x_wconf 90' lang='lat' dir='ltr'>rationem.</span> <span class='ocrx_word' id='word_1_562' title='bbox 818 4460 885 4528; x_wconf 90' lang='lat' dir='ltr'>Hic</span> <span class='ocrx_word' id='word_1_563' title='bbox 918 4475 1033 4533; x_wconf 86' lang='lat' dir='ltr'>textus</span> <span class='ocrx_word' id='word_1_564' title='bbox 1066 4488 1125 4532; x_wconf 87' lang='lat' dir='ltr'>ve·</span> <span class='ocrx_word' id='word_1_565' title='bbox 1176 4460 1221 4529; x_wconf 89' lang='lat' dir='ltr'>tis</span> <span class='ocrx_word' id='word_1_566' title='bbox 1242 4458 1348 4529; x_wconf 89' lang='lat' dir='ltr'>toties</span> <span class='ocrx_word' id='word_1_567' title='bbox 1372 4461 1503 4551; x_wconf 92' lang='lat' dir='ltr'>petitus</span> <span class='ocrx_word' id='word_1_568' title='bbox 1532 4462 1640 4532; x_wconf 91' lang='lat' dir='ltr'>armis</span> <span class='ocrx_word' id='word_1_569' title='bbox 1670 4488 1690 4532; x_wconf 92' lang='lat' dir='ltr'>a</span> <span class='ocrx_word' id='word_1_570' title='bbox 1715 4462 1862 4548; x_wconf 89' lang='lat' dir='ltr'>Clodio,</span> <span class='ocrx_word' id='word_1_571' title='bbox 1896 4487 1976 4533; x_wconf 87' lang='lat' dir='ltr'>curn</span> <span class='ocrx_word' id='word_1_572' title='bbox 2000 4462 2073 4531; x_wconf 91' lang='lat' dir='ltr'>iam</span> <span class='ocrx_word' id='word_1_573' title='bbox 2097 4465 2159 4532; x_wconf 89' lang='lat' dir='ltr'>de·</span> 
     </span>
     <span class='ocr_line' id='line_1_43' title="bbox 145 4557 2160 4659; baseline 0.002 -32"><span class='ocrx_word' id='word_1_574' title='bbox 145 4570 198 4627; x_wconf 90' lang='lat' dir='ltr'>tat</span> <span class='ocrx_word' id='word_1_575' title='bbox 215 4557 381 4648; x_wconf 90' lang='lat' dir='ltr'>ascripto</span> <span class='ocrx_word' id='word_1_576' title='bbox 396 4557 548 4642; x_wconf 90' lang='lat' dir='ltr'>discedi,</span> <span class='ocrx_word' id='word_1_577' title='bbox 572 4572 607 4628; x_wconf 93' lang='lat' dir='ltr'>et</span> <span class='ocrx_word' id='word_1_578' title='bbox 621 4574 745 4630; x_wconf 90' lang='lat' dir='ltr'>monet</span> <span class='ocrx_word' id='word_1_579' title='bbox 760 4563 848 4632; x_wconf 92' lang='lat' dir='ltr'>illud</span> <span class='ocrx_word' id='word_1_580' title='bbox 863 4563 1001 4655; x_wconf 88' lang='lat' dir='ltr'>ipsum,</span> <span class='ocrx_word' id='word_1_581' title='bbox 1028 4568 1124 4659; x_wconf 92' lang='lat' dir='ltr'>quod</span> <span class='ocrx_word' id='word_1_582' title='bbox 1177 4573 1368 4655; x_wconf 90' lang='lat' dir='ltr'>pugnasset</span> <span class='ocrx_word' id='word_1_583' title='bbox 1395 4587 1462 4655; x_wconf 93' lang='lat' dir='ltr'>pro</span> <span class='ocrx_word' id='word_1_584' title='bbox 1486 4562 1578 4648; x_wconf 77' lang='lat' dir='ltr'>vita,</span> <span class='ocrx_word' id='word_1_585' title='bbox 1611 4565 1840 4635; x_wconf 90' lang='lat' dir='ltr'>iustissimam</span> <span class='ocrx_word' id='word_1_586' title='bbox 1866 4590 2008 4636; x_wconf 73' lang='lat' dir='ltr'>cainam</span> <span class='ocrx_word' id='word_1_587' title='bbox 2031 4561 2160 4637; x_wconf 90' lang='lat' dir='ltr'>habuit</span> 
     </span>
     <span class='ocr_line' id='line_1_44' title="bbox 146 4659 2159 4759; baseline 0.002 -27"><span class='ocrx_word' id='word_1_588' title='bbox 146 4659 315 4751; x_wconf 89' lang='lat' dir='ltr'>scriptum</span> <span class='ocrx_word' id='word_1_589' title='bbox 331 4672 394 4744; x_wconf 90' lang='lat' dir='ltr'>est,</span> <span class='ocrx_word' id='word_1_590' title='bbox 421 4661 634 4754; x_wconf 91' lang='lat' dir='ltr'>aequitatem</span> <span class='ocrx_word' id='word_1_591' title='bbox 650 4689 734 4734; x_wconf 87' lang='lat' dir='ltr'>esse.</span> <span class='ocrx_word' id='word_1_592' title='bbox 784 4667 854 4735; x_wconf 90' lang='lat' dir='ltr'>Sed</span> <span class='ocrx_word' id='word_1_593' title='bbox 868 4662 927 4735; x_wconf 89' lang='lat' dir='ltr'>hic</span> <span class='ocrx_word' id='word_1_594' title='bbox 942 4668 1125 4738; x_wconf 91' lang='lat' dir='ltr'>obiicitur:</span> <span class='ocrx_word' id='word_1_595' title='bbox 1178 4665 1312 4734; x_wconf 93' lang='lat' dir='ltr'>doloris</span> <span class='ocrx_word' id='word_1_596' title='bbox 1334 4677 1369 4734; x_wconf 89' lang='lat' dir='ltr'>et</span> <span class='ocrx_word' id='word_1_597' title='bbox 1387 4665 1479 4735; x_wconf 91' lang='lat' dir='ltr'>irae:</span> <span class='ocrx_word' id='word_1_598' title='bbox 1505 4660 1629 4737; x_wconf 89' lang='lat' dir='ltr'>habuit</span> <span class='ocrx_word' id='word_1_599' title='bbox 1644 4668 1752 4759; x_wconf 90' lang='lat' dir='ltr'>igitur</span> <span class='ocrx_word' id='word_1_600' title='bbox 1776 4669 2040 4739; x_wconf 89' lang='lat' dir='ltr'>excusationem</span> <span class='ocrx_word' id='word_1_601' title='bbox 2055 4668 2159 4737; x_wconf 85' lang='lat' dir='ltr'>valde</span> 
     </span>
     <span class='ocr_line' id='line_1_45' title="bbox 144 4762 2161 4863; baseline 0.003 -31"><span class='ocrx_word' id='word_1_602' title='bbox 144 4764 193 4832; x_wconf 80' lang='lat' dir='ltr'>At</span> <span class='ocrx_word' id='word_1_603' title='bbox 207 4762 414 4831; x_wconf 84' lang='lat' dir='ltr'>Aristoteles</span> <span class='ocrx_word' id='word_1_604' title='bbox 434 4777 539 4833; x_wconf 82' lang='lat' dir='ltr'>vocat</span> <span class='ocrx_word' id='word_1_605' title='bbox 560 4766 774 4858; x_wconf 90' lang='lat' dir='ltr'>aequitatem</span> <span class='ocrx_word' id='word_1_606' title='bbox 797 4769 1059 4860; x_wconf 90' lang='lat' dir='ltr'>mitigationem</span> <span class='ocrx_word' id='word_1_607' title='bbox 1077 4771 1127 4840; x_wconf 92' lang='lat' dir='ltr'>le·</span> <span class='ocrx_word' id='word_1_608' title='bbox 1177 4768 1411 4860; x_wconf 88' lang='lat' dir='ltr'>probabilem.</span> <span class='ocrx_word' id='word_1_609' title='bbox 1472 4767 1688 4863; x_wconf 87' lang='lat' dir='ltr'>Quanquam</span> <span class='ocrx_word' id='word_1_610' title='bbox 1710 4781 1828 4839; x_wconf 90' lang='lat' dir='ltr'>autem</span> <span class='ocrx_word' id='word_1_611' title='bbox 1850 4767 1918 4841; x_wconf 93' lang='lat' dir='ltr'>hoc</span> <span class='ocrx_word' id='word_1_612' title='bbox 1942 4772 2051 4840; x_wconf 91' lang='lat' dir='ltr'>modo</span> <span class='ocrx_word' id='word_1_613' title='bbox 2077 4768 2161 4839; x_wconf 80' lang='lat' dir='ltr'>Ari·</span> 
     </span>
     <span class='ocr_line' id='line_1_46' title="bbox 144 4866 2161 4967; baseline 0.003 -32"><span class='ocrx_word' id='word_1_614' title='bbox 144 4867 198 4957; x_wconf 88' lang='lat' dir='ltr'>gis</span> <span class='ocrx_word' id='word_1_615' title='bbox 227 4889 301 4933; x_wconf 92' lang='lat' dir='ltr'>non</span> <span class='ocrx_word' id='word_1_616' title='bbox 325 4866 506 4956; x_wconf 88' lang='lat' dir='ltr'>scriptam.</span> <span class='ocrx_word' id='word_1_617' title='bbox 557 4866 784 4959; x_wconf 88' lang='lat' dir='ltr'>Respondeo.</span> <span class='ocrx_word' id='word_1_618' title='bbox 836 4873 1046 4944; x_wconf 87' lang='lat' dir='ltr'>Aristoteles</span> <span class='ocrx_word' id='word_1_619' title='bbox 1068 4898 1127 4965; x_wconf 83' lang='lat' dir='ltr'>ge·</span> <span class='ocrx_word' id='word_1_620' title='bbox 1179 4872 1320 4940; x_wconf 90' lang='lat' dir='ltr'>stoteles</span> <span class='ocrx_word' id='word_1_621' title='bbox 1334 4871 1450 4959; x_wconf 83' lang='lat' dir='ltr'>legum</span> <span class='ocrx_word' id='word_1_622' title='bbox 1466 4869 1724 4961; x_wconf 89' lang='lat' dir='ltr'>mitigationem</span> <span class='ocrx_word' id='word_1_623' title='bbox 1749 4876 1870 4956; x_wconf 92' lang='lat' dir='ltr'>docet,</span> <span class='ocrx_word' id='word_1_624' title='bbox 1896 4885 1931 4941; x_wconf 90' lang='lat' dir='ltr'>et</span> <span class='ocrx_word' id='word_1_625' title='bbox 1948 4873 2085 4967; x_wconf 87' lang='lat' dir='ltr'>inquit,</span> <span class='ocrx_word' id='word_1_626' title='bbox 2110 4873 2161 4942; x_wconf 91' lang='lat' dir='ltr'>le·</span> 
     </span>
     <span class='ocr_line' id='line_1_47' title="bbox 1179 4971 2161 5069; baseline 0.002 -27"><span class='ocrx_word' id='word_1_627' title='bbox 1179 4998 1238 5064; x_wconf 87' lang='lat' dir='ltr'>ges</span> <span class='ocrx_word' id='word_1_628' title='bbox 1259 4973 1349 5042; x_wconf 89' lang='lat' dir='ltr'>sicut</span> <span class='ocrx_word' id='word_1_629' title='bbox 1367 4971 1525 5062; x_wconf 85' lang='lat' dir='ltr'>regulam</span> <span class='ocrx_word' id='word_1_630' title='bbox 1544 4973 1708 5044; x_wconf 86' lang='lat' dir='ltr'>Lesbiam</span> <span class='ocrx_word' id='word_1_631' title='bbox 1725 4972 1791 5069; x_wconf 83' lang='lat'>¹⁷),</span> <span class='ocrx_word' id='word_1_632' title='bbox 1818 4987 1879 5045; x_wconf 90' lang='lat' dir='ltr'>aut</span> <span class='ocrx_word' id='word_1_633' title='bbox 1890 4975 2098 5066; x_wconf 86' lang='lat' dir='ltr'>plumbeam</span> <span class='ocrx_word' id='word_1_634' title='bbox 2113 4975 2161 5044; x_wconf 90' lang='lat' dir='ltr'>ad</span> 
     </span>
    </p>
   </div>
   <div class='ocr_carea' id='block_1_4' title="bbox 151 5052 350 5067">
    <p class='ocr_par' dir='ltr' id='par_1_4' title="bbox 151 5052 350 5067">
     <span class='ocr_line' id='line_1_48' title="bbox 151 5052 350 5067; baseline -0.005 0"><span class='ocrx_word' id='word_1_635' title='bbox 151 5052 350 5067; x_wconf 55' lang='lat' dir='ltr'>m</span> 
     </span>
    </p>
   </div>
   <div class='ocr_carea' id='block_1_5' title="bbox 1181 5144 1385 5158">
    <p class='ocr_par' dir='ltr' id='par_1_5' title="bbox 1181 5144 1385 5158">
     <span class='ocr_line' id='line_1_49' title="bbox 1181 5144 1385 5158; baseline -0.015 0"><span class='ocrx_word' id='word_1_636' title='bbox 1181 5144 1385 5158; x_wconf 61' lang='lat' dir='ltr'>..n-.-</span> 
     </span>
    </p>
   </div>
   <div class='ocr_carea' id='block_1_6' title="bbox 183 5163 2075 5307">
    <p class='ocr_par' dir='ltr' id='par_1_6' title="bbox 183 5163 2075 5307">
     <span class='ocr_line' id='line_1_50' title="bbox 183 5163 1129 5235; baseline 0.011 -23"><span class='ocrx_word' id='word_1_637' title='bbox 183 5165 228 5220; x_wconf 78' lang='lat' dir='ltr'>u)</span> <span class='ocrx_word' id='word_1_638' title='bbox 254 5163 488 5214; x_wconf 84' lang='lat' dir='ltr'>Codicisltb.111.</span> <span class='ocrx_word' id='word_1_639' title='bbox 513 5165 553 5217; x_wconf 83' lang='lat' dir='ltr'>tit.</span> <span class='ocrx_word' id='word_1_640' title='bbox 575 5168 598 5216; x_wconf 89' lang='lat' dir='ltr'>t.</span> <span class='ocrx_word' id='word_1_641' title='bbox 623 5168 668 5219; x_wconf 83' lang='lat' dir='ltr'>lex</span> <span class='ocrx_word' id='word_1_642' title='bbox 685 5172 713 5222; x_wconf 84' lang='grc'>8.</span> <span class='ocrx_word' id='word_1_643' title='bbox 740 5169 836 5235; x_wconf 84' lang='lat' dir='ltr'>(corp.</span> <span class='ocrx_word' id='word_1_644' title='bbox 856 5173 906 5222; x_wconf 80' lang='lat' dir='ltr'>tur.</span> <span class='ocrx_word' id='word_1_645' title='bbox 926 5172 978 5221; x_wconf 83' lang='lat' dir='ltr'>civ.</span> <span class='ocrx_word' id='word_1_646' title='bbox 996 5173 1129 5222; x_wconf 71' lang='lat' dir='ltr'>adnecti</span> 
     </span>
     <span class='ocr_line' id='line_1_51' title="bbox 214 5232 2075 5307; baseline 0.005 -27"><span class='ocrx_word' id='word_1_647' title='bbox 214 5234 243 5284; x_wconf 70' lang='grc' dir='ltr'>Τ.</span> <span class='ocrx_word' id='word_1_648' title='bbox 260 5234 291 5283; x_wconf 89' lang='lat' dir='ltr'>n.</span> <span class='ocrx_word' id='word_1_649' title='bbox 310 5232 340 5282; x_wconf 85' lang='grc' dir='ltr'>Ρ.</span> <span class='ocrx_word' id='word_1_650' title='bbox 354 5233 375 5283; x_wconf 88' lang='lat'>1.</span> <span class='ocrx_word' id='word_1_651' title='bbox 393 5247 419 5295; x_wconf 80' lang='lat' dir='ltr'>p.</span> <span class='ocrx_word' id='word_1_652' title='bbox 435 5233 518 5291; x_wconf 67' lang='lat'>2¹³5.)-</span> <span class='ocrx_word' id='word_1_653' title='bbox 1215 5241 1262 5307; x_wconf 79' lang='lat'>16)</span> <span class='ocrx_word' id='word_1_654' title='bbox 1281 5240 1475 5303; x_wconf 83' lang='lat' dir='ltr'>pronuntiare]</span> <span class='ocrx_word' id='word_1_655' title='bbox 1492 5239 1531 5287; x_wconf 82' lang='lat' dir='ltr'>stc</span> <span class='ocrx_word' id='word_1_656' title='bbox 1548 5238 1597 5287; x_wconf 85' lang='lat' dir='ltr'>Ed.</span> <span class='ocrx_word' id='word_1_657' title='bbox 1618 5238 1707 5302; x_wconf 65' lang='lat' dir='ltr'>taso,</span> <span class='ocrx_word' id='word_1_658' title='bbox 1731 5239 1780 5290; x_wconf 73' lang='lat' dir='ltr'>Ed</span> <span class='ocrx_word' id='word_1_659' title='bbox 1801 5240 1876 5290; x_wconf 72' lang='grc'><strong>1546.</strong></span> <span class='ocrx_word' id='word_1_660' title='bbox 1894 5241 2075 5301; x_wconf 74' lang='lat' dir='ltr'>pronuntiari.</span> 
     </span>
    </p>
   </div>
   <div class='ocr_carea' id='block_1_7' title="bbox 181 5334 2164 5474">
    <p class='ocr_par' dir='ltr' id='par_1_7' title="bbox 181 5334 2164 5474">
     <span class='ocr_line' id='line_1_52' title="bbox 181 5334 2163 5408; baseline 0.002 -21"><span class='ocrx_word' id='word_1_661' title='bbox 181 5334 227 5399; x_wconf 71' lang='lat' dir='ltr'>to)</span> <span class='ocrx_word' id='word_1_662' title='bbox 247 5335 383 5396; x_wconf 75' lang='lat' dir='ltr'>scriptae]</span> <span class='ocrx_word' id='word_1_663' title='bbox 400 5337 466 5386; x_wconf 78' lang='lat' dir='ltr'>naec</span> <span class='ocrx_word' id='word_1_664' title='bbox 483 5349 537 5390; x_wconf 86' lang='lat' dir='ltr'>vox</span> <span class='ocrx_word' id='word_1_665' title='bbox 555 5351 573 5389; x_wconf 85' lang='grc' dir='ltr'><strong><em>ο</em></strong></span> <span class='ocrx_word' id='word_1_666' title='bbox 589 5341 764 5392; x_wconf 75' lang='lat' dir='ltr'>Melanthone</span> <span class='ocrx_word' id='word_1_667' title='bbox 782 5344 874 5394; x_wconf 81' lang='lat' dir='ltr'>addita</span> <span class='ocrx_word' id='word_1_668' title='bbox 893 5346 955 5407; x_wconf 84' lang='lat' dir='ltr'>est,</span> <span class='ocrx_word' id='word_1_669' title='bbox 983 5345 1010 5394; x_wconf 88' lang='lat' dir='ltr'>in</span> <span class='ocrx_word' id='word_1_670' title='bbox 1029 5343 1130 5394; x_wconf 83' lang='lat' dir='ltr'>codice</span> <span class='ocrx_word' id='word_1_671' title='bbox 1216 5340 1261 5408; x_wconf 82' lang='lat'>17)</span> <span class='ocrx_word' id='word_1_672' title='bbox 1286 5341 1410 5405; x_wconf 82' lang='lat' dir='ltr'>regulum</span> <span class='ocrx_word' id='word_1_673' title='bbox 1427 5338 1567 5397; x_wconf 78' lang='lat' dir='ltr'>Lesbiam]</span> <span class='ocrx_word' id='word_1_674' title='bbox 1593 5338 1635 5386; x_wconf 79' lang='lat' dir='ltr'>lta</span> <span class='ocrx_word' id='word_1_675' title='bbox 1657 5339 1814 5390; x_wconf 79' lang='lat' dir='ltr'>Metuntbon</span> <span class='ocrx_word' id='word_1_676' title='bbox 1841 5341 1976 5391; x_wconf 78' lang='lat' dir='ltr'>transfert</span> <span class='ocrx_word' id='word_1_677' title='bbox 2000 5339 2163 5392; x_wconf 74' lang='lat' dir='ltr'>Aristotelis</span> 
     </span>
     <span class='ocr_line' id='line_1_53' title="bbox 211 5403 2164 5474; baseline 0.007 -23"><span class='ocrx_word' id='word_1_678' title='bbox 211 5416 268 5454; x_wconf 85' lang='lat' dir='ltr'>non</span> <span class='ocrx_word' id='word_1_679' title='bbox 287 5405 432 5457; x_wconf 81' lang='lat' dir='ltr'>invenitur.</span> <span class='ocrx_word' id='word_1_680' title='bbox 1252 5414 1336 5462; x_wconf 71' lang='lat' dir='ltr'>verbu</span> <span class='ocrx_word' id='word_1_681' title='bbox 1353 5411 1476 5471; x_wconf 62' lang='grc' dir='ltr'>Λεσβίοις</span> <span class='ocrx_word' id='word_1_682' title='bbox 1499 5403 1645 5472; x_wconf 70' lang='grc' dir='ltr'><strong><em>οἰκοδομῆς</em></strong></span> <span class='ocrx_word' id='word_1_683' title='bbox 1666 5408 1728 5458; x_wconf 87' lang='lat' dir='ltr'>libri</span> <span class='ocrx_word' id='word_1_684' title='bbox 1746 5410 1780 5458; x_wconf 74' lang='lat' dir='ltr'>V.</span> <span class='ocrx_word' id='word_1_685' title='bbox 1797 5410 1916 5462; x_wconf 71' lang='lat' dir='ltr'>nutus.</span> <span class='ocrx_word' id='word_1_686' title='bbox 1942 5419 2002 5473; x_wconf 70' lang='lat' dir='ltr'>etp.</span> <span class='ocrx_word' id='word_1_687' title='bbox 2016 5410 2057 5463; x_wconf 75' lang='lat' dir='ltr'>X.</span> <span class='ocrx_word' id='word_1_688' title='bbox 2075 5411 2100 5472; x_wconf 63' lang='lat' dir='ltr'>St</span> <span class='ocrx_word' id='word_1_689' title='bbox 2120 5410 2164 5474; x_wconf 65' lang='grc' dir='ltr'>ἱ,</span> 
     </span>
    </p>
   </div>
   <div class='ocr_carea' id='block_1_8' title="bbox 0 0 2312 5760">
    <p class='ocr_par' dir='ltr' id='par_1_8' title="bbox 0 0 2312 5760">
     <span class='ocr_line' id='line_1_54' title="bbox 0 0 2312 5760; baseline 0 0"><span class='ocrx_word' id='word_1_690' title='bbox 0 0 2312 5760; x_wconf 95' lang='lat' dir='ltr'> </span> 
     </span>
    </p>
   </div>
  </div>
 </body>
</html>
