4566 5760
81 238 105 308 9
397 286 400 292 «
509 287 521 314 .
649 233 714 303 ΕΤ
740 230 1147 305 ulsssuunutoufs
1170 231 1229 305 ns
1254 232 1492 307 ANNEXAE.
2061 237 2109 306 10

80 410 196 471 borum
218 404 424 487 praestigiis,
446 413 483 466 ut
503 402 558 467 alii
573 403 778 484 Dpicuraeos
798 403 944 484 furores,
964 403 1018 466 alii
1031 402 1144 467 Stoica
1167 404 1397 486 deliramenta,
1417 407 1472 468 alii
1492 406 1575 469 alias
1596 415 1808 486 portentosas
1829 406 1997 487 opiniones
2019 408 2104 471 tueri

80 502 253 557 conantur.
305 490 395 553 'Palis
410 487 620 555 cousuetudo
648 491 734 572 parit
754 488 996 571 sycophantas,
1025 491 1144 552 artium
1165 501 1200 552 et
1223 492 1313 554 vitae
1332 493 1595 555 conturbatores.
1636 491 1796 553 Deiectus
1817 492 2010 555 adhibeatur
2031 494 2104 575 opi·

81 581 231 656 nionum,
253 586 383 639 etcum
404 594 486 639 vera
507 574 714 656 deprehensa
734 585 830 655 sunt,
861 573 978 636 modus
1000 575 1046 637 sit
1067 574 1334 656 disputationum.
1377 577 1415 638 ln
1436 577 1524 639 omni
1546 577 1616 639 vita
1636 587 1846 657 praeceptum
1867 578 1946 641 illud
1969 581 2104 662 mavis-

80 667 199 727 simum
228 679 389 743 amemus,
425 661 511 742 quod
533 660 619 741 apud
640 662 794 725 Plautum
822 662 942 722 recitat
969 662 1194 742 meretricula,
1222 678 1306 742 quae
1335 664 1471 743 etipsa
1491 662 1705 725 Aristotelico
1733 681 1823 724 more
1845 663 2104 728 mediocritatem

80 752 237 830 optimam
257 766 334 810 esse
356 749 492 828 statuit,
520 747 686 828 inquiens:
714 746 787 808 Hoc
808 747 916 811 satius
939 754 1002 807 est.
1055 745 1149 810 Satis
1178 757 1249 827 est,
1278 746 1365 830 quod
1386 750 1470 811 satis
1499 757 1565 811 est.
1613 747 1703 811 Usus
1732 757 1842 809 autem
1871 750 1962 812 vitae
1991 750 2104 817 multis

80 833 359 914 disputationibus
381 831 481 895 addet
509 833 626 894 lucem.
679 830 840 895 Sciebas
862 848 981 910 operas
1002 831 1221 895 scholasticas
1243 842 1278 895 et
1299 834 1362 896 boe
1383 852 1491 917 genus
1513 834 1754 896 enarrationem
1775 833 1915 896 fastidiri
1939 854 1960 897 a
1980 836 2104 898 multis.

81 920 151 983 Sed
173 937 291 982 revera
312 919 396 981 haec
419 918 553 999 puerilis
575 918 724 981 doctriua
745 916 837 979 utilis
860 924 931 994 est,
960 925 997 978 ut
1017 916 1064 980 ita
1086 917 1209 994 dicam,
1235 921 1435 1000 proporaria
1464 919 1505 981 ad
1528 920 1741 982 maximarum
1770 937 1877 980 rerum
1906 922 2103 1001 explicatio-

80 1024 166 1067 uem.
208 1003 287 1066 ldeo
308 1023 381 1068 sum
403 1005 551 1065 hortator
573 1003 721 1065 omnibus
744 1003 838 1065 bonis
858 1002 1018 1084 ingeniis,
1039 1012 1077 1065 ιιι
1099 1004 1406 1068 haecAristotelica
1421 1006 1551 1088 legant,
1574 1012 1702 1084 ament,
1725 1007 1858 1085 propius
1876 1005 2099 1086 considerent,

80 1109 184 1172 eoque
214 1089 291 1169 tibi,
317 1088 461 1151 Arnolde
490 1087 726 1167 eruditissime,
755 1087 841 1150 hauc
870 1086 1127 1151 lucubrationem
1157 1088 1372 1152 dedicandam
1400 1109 1476 1152 esse
1499 1091 1631 1170 censui,
1661 1088 1749 1170 quod
1771 1109 1846 1152 cum
1868 1091 1971 1153 sciam
1993 1100 2027 1153 te
2048 1091 2101 1153 bis

79 1175 303 1239 Aristotelicis
324 1175 415 1236 libris
444 1172 617 1253 delectari,
646 1172 800 1253 exemplo
825 1182 881 1234 tue
904 1171 1023 1234 multos
1052 1173 1094 1236 ad
1116 1174 1230 1236 horum
1253 1177 1406 1237 librorum
1429 1177 1601 1239 lectionem
1624 1176 1768 1237 invitare
1790 1177 1895 1256 cupio.
1941 1177 2016 1237 Etsi
2037 1194 2101 1238 au·

80 1272 147 1324 tem
169 1263 201 1321 in
224 1260 286 1322 hoc
305 1259 570 1322 commentariolo
591 1259 694 1321 mult-a
716 1267 810 1337 sunt,
840 1276 923 1339 quac
947 1257 1140 1320 fastidiosus
1164 1261 1266 1322 lector
1288 1262 1534 1342 aspernabitur,
1566 1271 1676 1325 tamen
1699 1261 1805 1323 iudico
1830 1262 1947 1324 bonam
1970 1279 2101 1342 operam

79 1357 237 1410 navatam
259 1363 335 1407 esse
357 1348 388 1407 in
412 1347 617 1407 enarratione
639 1346 744 1425 quinti
766 1343 838 1404 libri
862 1342 902 1403 de
923 1343 1064 1407 lustitia.
1117 1346 1173 1409 MD
1196 1345 1456 1424 adolescentem,
1477 1349 1584 1428 ipsum
1607 1347 1757 1409 Iustitiae
1781 1365 1898 1408 nomen
1921 1366 2023 1428 saepe
2046 1347 2100 1407 in-

78 1435 219 1512 vitavit,
249 1439 286 1493 ut
314 1430 391 1512 quid
414 1429 455 1492 de
476 1431 599 1492 virtute
622 1429 838 1510 pulcherrima
863 1436 898 1489 et
925 1429 1065 1490 rectrice
1088 1431 1180 1492 vitae
1203 1431 1344 1494 dixisset
1365 1432 1582 1513 Aristoteles,
1611 1450 1814 1514 cognoscere
1842 1451 2006 1512 cuperem.
2058 1431 2103 1494 Et

77 1517 275 1601 ingredienti
303 1516 502 1579 vestibulum
531 1516 656 1597 operis,
685 1515 808 1596 primae
835 1514 1049 1594 partitiones,
1079 1531 1164 1595 quae
1185 1534 1240 1577 res
1262 1535 1401 1600 magnas
1422 1526 1622 1599 proponunt,
1651 1516 1857 1579 mediocriter
1880 1517 2100 1580 blandiuntur.

77 1604 151 1666 Hae
174 1601 389 1684 cupiditatem
418 1621 524 1664 meam
550 1600 779 1663 incendebant.
832 1597 900 1662 Sed
922 1597 1088 1679 paululum
1110 1618 1326 1684 progressus,
1349 1603 1525 1666 haerebam
1549 1603 1642 1665 velut
1665 1605 1699 1664 in
1720 1602 1806 1683 luto,
1835 1603 1945 1665 sontes
1967 1605 2102 1666 nescie-

76 1691 172 1771 bam,
193 1687 281 1750 unde
303 1687 363 1749 has
384 1688 625 1768 proportionum
647 1683 965 1748 accommodationes
987 1687 1131 1771 sumpsit
1141 1687 1360 1765 Aristoteles,
1384 1690 1439 1770 qui
1461 1698 1540 1751 sunt
1562 1685 1647 1769 apud
1662 1687 1852 1769 Platonem,
1874 1689 1947 1750 ideo
1970 1700 2004 1750 et
2018 1708 2102 1751 con-

76 1776 186 1837 silium
215 1784 250 1835 et
276 1775 474 1835 sententiam
503 1791 568 1834 uon
590 1773 674 1834 satis
694 1768 882 1852 perspicere
904 1779 1052 1850 poteram
1068 1770 1112 1851 ¹).
1162 1770 1236 1833 Nec
1258 1773 1459 1854 interpretes
1481 1774 1700 1853 habebamus,
1730 1775 1784 1855 qui
1807 1782 1865 1835 aut
1885 1774 2034 1836 Platonis
2057 1775 2101 1835 li-

75 1862 155 1923 bros
177 1860 385 1940 attigissent,
406 1867 465 1920 sut
486 1861 534 1920 ita
555 1856 679 1919 exculti
700 1855 843 1917 luissent
863 1854 968 1915 literis
990 1864 1024 1916 et
1044 1857 1136 1917 vitae
1157 1859 1337 1921 communis
1359 1858 1640 1941 consideratione,
1663 1869 1700 1920 ut
1716 1860 1906 1921 Aristotelis
1928 1860 2100 1921 consilium

76 1946 171 2009 uobis
194 1963 357 2024 exponere
381 1953 526 2023 possent.
571 1944 680 2023 Saepe
700 1942 801 2023 igitur
823 1938 1052 2002 stomachabar
1074 1942 1145 2022 ipse
1168 1960 1311 2024 mecum,
1334 1962 1374 2006 ao
1397 1943 1545 2006 dolebam
1567 1964 1630 2006 uon
1653 1963 1751 2026 posse
1773 1964 1833 2006 nos
1850 1947 1883 2006 in
1900 1944 1985 2006 hane
2000 1963 2100 2026 prae-

76 2032 206 2111 cipuam
227 2040 354 2109 partem
376 2029 447 2091 libri
468 2028 694 2109 Aristotelici,
716 2037 872 2106 tanquam
894 2035 1066 2087 vetustate
1087 2028 1193 2107 spinis
1215 2029 1280 2090 iam
1303 2029 1459 2110 obsitam,
1489 2041 1673 2111 penetrare.
1717 2030 1785 2093 Sed
1808 2042 1925 2111 postea
1948 2029 2100 2094 animad-

75 2117 165 2179 verti
186 2114 516 2178 accommodationem
537 2115 625 2176 illam
646 2113 885 2195 proportionum
908 2129 950 2172 ex
972 2120 1069 2174 sexte
1092 2111 1172 2173 libro
1194 2114 1342 2176 Platonis
1365 2114 1406 2176 do
1429 2116 1559 2198 legibus
1581 2127 1766 2179 extructam
1786 2135 1882 2196 esse,
1904 2134 1967 2197 quo
1983 2115 2016 2178 iu
2030 2117 2101 2178 loco

74 2201 171 2264 Plato
200 2202 294 2281 quasi
321 2200 424 2283 digito
453 2202 579 2262 intento
609 2201 642 2261 iu
671 2199 756 2260 lianc
777 2197 969 2259 Aristotelis
992 2199 1211 2261 narrationem
1232 2210 1395 2262 monstrat
1417 2212 1451 2264 et
1473 2203 1644 2265 consilium
1666 2214 1700 2265 et
1722 2203 1793 2262 eius
1816 2203 2033 2284 senteutiam,
2064 2210 2101 2264 ut

75 2288 110 2349 in
132 2286 365 2350 commentario
386 2287 547 2348 recensui.
597 2286 696 2347 Nunc
725 2283 877 2345 discussa
899 2280 1059 2364 caligine,
1087 2293 1245 2364 quantum
1268 2303 1461 2367 possumus,
1489 2288 1576 2349 bona
1598 2288 1729 2370 ingenia
1752 2285 1794 2348 ad
1817 2287 1902 2349 hanc
1925 2287 2099 2349 lectionem

74 2374 263 2435 invitemus.
306 2372 479 2433 Neminem
501 2373 613 2452 opinor
636 2380 702 2433 tam
726 2369 830 2431 ferum
852 2385 946 2446 esse,
969 2369 1046 2448 quin
1069 2368 1249 2452 degustata
1266 2369 1438 2435 dulcedine
1452 2373 1568 2434 harum
1583 2373 1841 2453 disputationum
1857 2374 1960 2453 initio,
1982 2383 2099 2454 postea

74 2467 165 2521 totas
191 2458 369 2526 exhaurire,
393 2457 522 2538 cupiat.
562 2455 629 2519 Sed
657 2454 811 2536 polliceor
838 2452 997 2514 studiosis
1024 2471 1090 2515 uon
1120 2464 1248 2517 tanturn
1276 2458 1449 2520 iucundam
1480 2458 1550 2520 fers
1572 2458 1658 2521 hanc
1687 2460 1878 2537 lectionem,
1910 2457 1969 2521 sed
2000 2461 2099 2520 etiam
2161 2518 2169 2527 ,

73 2543 172 2607 valde
193 2543 305 2604 utilem
334 2543 367 2602 in
394 2542 614 2621 explicatione
636 2539 810 2601 multarum
831 2538 1131 2600 controversiarum
1160 2541 1416 2623 theologicarum
1438 2552 1473 2604 ct
1497 2543 1683 2606 forensium.
1737 2544 1810 2605 llac
1833 2553 1926 2604 tauta
1955 2545 2099 2605 utilitate

72 2632 103 2693 si
132 2630 187 2710 qui
217 2647 281 2689 non
309 2637 500 2706 moventur,
529 2626 700 2708 rigidiores
722 2634 801 2685 suut
824 2622 1031 2702 asperrimis,
1060 2632 1094 2684 et
1116 2623 1203 2684 nulio
1226 2643 1309 2686 sevo
1333 2628 1429 2688 motis
1451 2627 1596 2708 scopulis
1619 2630 1651 2688 in
1674 2630 1755 2689 mari
1777 2629 1962 2708 stantibus,
1991 2647 2100 2709 quau·

71 2733 172 2796 quam
200 2711 525 2796 assiduis-..fluctibus
553 2710 745 2773 tunduntur.
796 2708 870 2769 Etsi
893 2707 1069 2768 Astraeam
1094 2718 1210 2787 poetae
1240 2709 1354 2772 dicunt
1383 2714 1481 2773 terris
1504 2712 1675 2792 expulsam
1698 2732 1792 2791 esse,
1822 2722 1932 2774 tamen
1954 2716 2099 2774 sciamus

71 2801 136 2864 Dei
166 2816 282 2860 vocem
310 2792 506 2867 disiustitia
530 2798 797 2875 concionantem,
827 2811 889 2854 neo
917 2790 1019 2853 deleri
1049 2810 1110 2854 uec
1139 2796 1274 2875 opprimi
1303 2814 1412 2875 posse.
1469 2798 1514 2860 Et
1535 2797 1621 2860 hanc
1642 2801 1707 2860 etsi
1730 2798 1821 2859 multi
1847 2798 1995 2859 sureutor
2015 2817 2099 2861 con-

71 2892 241 2963 temnunt,
268 2873 529 2969 tresigii-semper
551 2881 663 2944 audiet
684 2879 854 2960 Ecclesia,
885 2896 947 2959 quo
969 2877 1003 2937 in
1025 2886 1120 2939 coetu
1144 2881 1172 2941 si
1193 2879 1346 2942 volumus
1369 2900 1465 2964 esse,
1486 2892 1522 2945 ut
1547 2880 1720 2963 debemus,
1744 2883 1909 2946 discamus
1933 2902 1989 2965 ea,
2013 2902 2098 2965 quae

70 2990 141 3034 vox
170 2968 282 3031 divina
309 2959 503 3055 {Poeantius
523 2961 645 3048 sabat,
675 2974 710 3029 et
738 2964 946 3027 conferamus
979 2980 1104 3045 genera
1132 2962 1362 3027 doctrinarum.
1417 2967 1464 3031 'l'e
1486 2966 1616 3049 quidem
1639 2968 1785 3030 Arnolde
1814 2971 1883 3031 scio
1906 2989 1971 3030 non
1994 2971 2099 3032 solum

70 3056 270 3134 doctrinae,
288 3049 480 3136 sedjetiam
505 3054 656 3132 'iustitiae
685 3069 795 3113 amore
823 3050 885 3111 has
907 3048 1001 3128 quasi
1032 3049 1177 3128 picturas
1200 3051 1438 3132 pulcherrimae
1466 3054 1601 3116 virtutis
1629 3053 1769 3115 libenter
1791 3054 2010 3116 considerare.
2053 3055 2099 3117 ut

68 3143 147 3225 quia
170 3139 211 3201 de
233 3140 368 3201 iustitia.
382 3137 524 3218 dissero,
553 3139 626 3200 dedi
649 3155 797 3217 operam,
824 3144 861 3196 nt
888 3134 993 3212 iusta,
1021 3144 1159 3197 verset
1182 3136 1387 3200 discentibus
1409 3139 1502 3201 utilia
1531 3138 1688 3219 dicerem3
1720 3141 1749 3200 si
1772 3139 1848 3220 quid
1870 3158 1951 3202 vero
1979 3139 2098 3200 alicubi

70 3225 294 3303 desideratur,
324 3222 483 3285 laci'amus
506 3209 762 3286 baec-iustitiae
785 3219 896 3281 officia
917 3219 1003 3279 inter
1025 3237 1086 3281 nos
1108 3220 1362 3303 honestissima,
1392 3225 1486 3287 amici
1508 3233 1664 3286 moneant
1685 3235 1867 3305 errantem,
1897 3242 1960 3306 ego
1983 3223 2099 3285 admo-

69 3316 161 3377 nitus
188 3302 341 3391 libenter·
352 3317 465 3373 cr'rata
492 3312 663 3392 corrigam.
706 3307 780 3369 Nec
801 3323 882 3366 vero
905 3303 1142 3385 sycophantias
1165 3309 1360 3370 iniustorum
1382 3327 1504 3390 moror,
1534 3312 1588 3390 qui
1611 3319 1750 3372 verset
1772 3320 1862 3372 reete
1886 3309 1975 3371 dicta
1995 3310 2098 3371 livore

68 3412 104 3463 et
133 3396 244 3459 morbo
272 3393 813 3486 animi,3calumuiis'depravant,
844 3406 906 3451 nec
941 3388 1062 3452 docent
1091 3392 1232 3455 meliora.
1282 3394 1375 3456 Deno
1398 3396 1474 3457 vale
1497 3396 1667 3457 carissime
1688 3395 1844 3458 Arnolde.
1888 3395 2008 3457 Mense
2026 3394 2098 3459 ue-

68 3482 269 3646 ιπ11811Ιὶἒίιολὶ
270 3478 453 3666 ἶῖῗειιοῗιῗι
480 3558 749 3660 nuncupatoriam
778 3585 961 3658 sequnntur
983 3579 1211 3642 enarrationes
1239 3581 1271 3642 in
1295 3581 1320 3644 1.
1343 3581 1385 3644 ll.
1407 3580 1466 3643 111.
1489 3591 1523 3643 et
1544 3582 1586 3644 V.
1609 3582 1725 3643 librum
1747 3581 1938 3643 Ethioorum
1960 3582 2097 3645 Aristo-

72 3672 167 3750 telis,
189 3669 306 3750 quibus
327 3669 361 3732 in
381 3659 450 3738 bue
472 3668 577 3747 quinti
596 3665 668 3727 libri
691 3662 775 3726 duae
795 3661 1019 3725 Melanthonis
1042 3662 1296 3730 dissertationes
1319 3667 1348 3730 1.
1361 3665 1402 3730 de
1418 3663 1640 3731 contractibus
1662 3676 1697 3728 et
1716 3666 1748 3739 2.
1764 3664 1803 3728 de
1819 3663 1940 3730 arbore
1952 3686 2097 3731 consan-

64 3751 247 3842 9ua'rrilulia
268 3757 300 3815 el
321 3742 525 3851 uffigiitotis,
545 3749 615 3813 aive
635 3749 676 3849 de
693 3744 858 3845 praelibas
879 3746 1010 3808 additae
1032 3758 1120 3849 sunt.
1503 3836 1521 3850 ..
1547 3837 1554 3850 ι
1648 3837 1654 3850 ·

153 3840 247 3903 Alias
276 3837 443 3921 editiones,
466 3847 500 3900 et
530 3845 749 3898 enarrationis
773 3835 886 3894 borum
908 3840 1047 3912 quatuor
1070 3833 1221 3895 librorum
1244 3845 1279 3897 et
1300 3846 1524 3898 commentam
1546 3856 1579 3897 ru
1601 3847 1750 3918 quintum
1772 3837 1979 3920 Ethicorum,
2010 3856 2095 3920 quae

64 3946 141 3996 eum
170 3924 392 4025 philosophiae
421 3923 551 4025 moralis
568 3923 720 4003 'epitome
750 3928 807 3982 aut
834 3936 908 3980 cum
936 3917 1065 3980 ethicae
1096 3918 1263 3982 doctrinae
1292 3923 1463 3985 elementis
1493 3931 1571 3984 suut
1593 3925 1791 3986 coniunctae
1799 3967 1809 4006 ,
1833 3923 1988 4006 deinceps
2008 3943 2095 3984 enu-

24 4077 28 4085 ’
64 4011 555 4175 ωθῐαῗιζωὲῑιιὶίιιῖεἶΜθΙιιιιΙι.
577 4091 679 4156 Dasil.
702 4092 739 4154 T.
763 4089 821 4153 lV.
843 4108 874 4169 p.
898 4086 1054 4169 lbbsqq.
1083 4088 1158 4170 (qui
1179 4091 1299 4173 prodiit
1320 4111 1350 4155 a.
1373 4092 1489 4176 1541.)
1519 4092 1598 4155 data
1620 4103 1673 4156 cst
1695 4093 1800 4156 altera
1821 4091 1936 4155 barum
1954 4108 2094 4154 enarra-

63 4187 188 4250 tiouum
212 4180 352 4261 euictos*
370 4206 402 4256 χ.
652 4219 655 4224 -

311 4248 419 4363 .‘·32'..·.·
1059 4298 1103 4360 u.

147 4421 236 4484 iluic
264 4412 488 4500 philosophiae
517 4419 601 4500 parti
630 4415 788 4480 colendae
810 4425 846 4480 ut
868 4415 975 4498 magis
996 4417 1096 4478 etiam
1118 4415 1337 4496 prospiceret,
1360 4414 1572 4494 Melantbon,
1604 4413 1715 4475 ethica
1736 4415 1928 4479 Aristotelis
1949 4416 2092 4500 imitans,

63 4506 220 4592 epitomes
243 4501 469 4587 pltlompttae
497 4499 635 4567 morolio
662 4502 744 4564 duos
774 4503 873 4565 libros
901 4503 1050 4582 scripsit,
1079 4502 1112 4562 in
1134 4518 1269 4581 quorum
1290 4503 1397 4581 priore
1419 4520 1475 4581 ea,
1507 4519 1591 4581 quae
1615 4501 1813 4562 Aristoteles
1835 4503 1869 4562 in
1890 4503 2009 4582 primo,
2032 4522 2091 4565 se-

54 4593 171 4659 cundo
201 4601 235 4654 et
265 4593 362 4653 tertio
384 4589 525 4660 libro-‘de
549 4590 613 4651 line
634 4588 792 4669 hominis,
823 4587 1004 4650 virtutibus
1027 4596 1062 4648 et
1083 4585 1256 4648 affectibus
1278 4585 1379 4664 dixit,
1407 4588 1439 4647 in
1462 4587 1566 4646 altero
1588 4602 1645 4663 ea,
1674 4602 1758 4664 quae
1780 4587 1834 4648 ille
1856 4587 1889 4647 in
1913 4591 2025 4668 quinto
2049 4588 2090 4652 de

60 4680 189 4746 iustitia
211 4685 246 4739 et
268 4677 338 4739 iure
360 4678 545 4756 enarravit,
567 4675 714 4739 breviter
736 4673 890 4753 explicat.
932 4673 1041 4736 Huius
1062 4671 1136 4733 libri
1159 4670 1261 4733 editio
1283 4673 1436 4753 princeps
1459 4669 1577 4750 prodiit
1601 4669 1692 4733 1538.
1717 4673 1890 4750 inscripto:

189 4757 420 4843 Philosophiae
464 4757 603 4824 morolio
650 4757 810 4842 epitome,
867 4751 1038 4841 Ptttrtppo
1079 4751 1339 4820 Meloneblbooe
1384 4759 1521 4836 oreore,
1578 4751 1763 4840 Nunquam
1806 4760 1908 4818 onterr
1951 4773 2089 4823 excuso.

230 4844 285 4911 Μ.
310 4848 356 4910 D.
372 4842 590 4910 XXXVIII.
636 4842 717 4910 Gom
735 4840 857 4910 Gratia
878 4846 910 4905 et
931 4838 1120 4920 Priuilepio
1140 4839 1225 4924 Imp.
1252 4874 1295 4889 -
1347 4841 1404 4922 (ln
1426 4840 1529 4922 flnoz)
1556 4837 1779 4924 Arpentorati
1801 4839 1890 4923 apud
1912 4839 2110 4908 Crotonem

229 4928 379 5014 Mplium
400 4950 513 4994 mense
534 4928 687 5006 Martio,
707 4947 797 4993 anno
816 4925 871 4992 M.
895 4925 943 4993 D.
968 4906 1187 4991 XXXVIII.
1216 4928 1248 4990 S
1291 4925 1520 5009 10172p1agg.
1882 4954 1886 4960 ·

144 5020 183 5083 ln
203 5017 409 5082 dedicatione
432 5016 474 5080 ad
497 5017 721 5082 Christianum
742 5015 927 5078 Pontanum
948 5013 1153 5097 Vitebergae
1174 5031 1260 5076 auno
1281 5011 1382 5074 111).
1397 5011 1569 5076 xxxvn.
1584 5009 1619 5091 ⁹)
1642 5012 1766 5090 scripta
1789 5010 1885 5090 (data
1900 5013 1933 5074 in
1949 5013 2089 5096 Dpisto·

56 5106 120 5189 lis,
147 5104 222 5168 Vol.
244 5106 304 5167 111.
334 5123 366 5185 p.
383 5102 449 5167 359
469 5105 561 5188 sqq.)
590 5103 631 5166 de
653 5101 751 5165 huius
778 5101 850 5165 libri
871 5100 999 5184 origine
1021 5110 1056 5165 et
1078 5101 1204 5164 ratione
1225 5099 1310 5162 baec
1331 5097 1428 5162 dicit:
1457 5097 1570 5180 „Cum
1591 5097 1784 5160 Aristotelis
1805 5098 1927 5162 Ethioa
1948 5119 2087 5164 enarra-

92 5327 122 5393 1)
140 5328 219 5380 cont.
238 5339 272 5379 ea
289 5338 359 5392 quas
375 5326 477 5377 heoub.
495 5323 577 5396 lloclo
594 5332 620 5375 a.
641 5321 716 5373 ibbo.
736 5319 873 5384 scripslt,
904 5321 988 5384 corp.
1006 5319 1066 5374 nat.
1086 5319 1150 5371 Vol.
1169 5318 1201 5370 11.
1221 5332 1247 5380 p.
1265 5317 1324 5368 ser.

89 5412 121 5481 2)
142 5414 200 5464 lico
217 5412 326 5478 quidem
341 5424 413 5463 anuo
432 5411 551 5473 epistola
568 5408 767 5470 nuncupatoria
783 5406 889 5471 scripta
906 5411 970 5476 ast,
991 5408 1108 5464 utlibet·
1125 5408 1185 5474 ipso
1203 5420 1258 5462 nou
1276 5407 1381 5462 Wlteb.
1401 5406 1477 5473 15³⁷,
1496 5405 1523 5458 id
1540 5407 1612 5471 quod
1630 5407 1693 5458 Vol.
1712 5407 1757 5457 111.
1776 5421 1802 5471 p.
1816 5405 1876 5458 8⁵9.
1895 5404 1976 5456 buius
1995 5407 2078 5470 corp.

127 5481 247 5547 legitur,
264 5481 315 5534 sed
332 5482 449 5548 argent.
470 5481 545 5532 1618.
562 5477 678 5542 prinum
694 5477 803 5543 prodiit
