4544 5766
66 200 169 278 toto
399 198 458 275 XI.
508 194 790 282 mannaim
822 191 1082 269 ontt‘rlonts
1115 192 1364 269 CICERONIS
1394 196 1495 269 ano
1528 199 1745 277 MURENA.
1979 208 2078 284 1074

64 354 267 449 dntdnbr
289 385 340 444 est
367 397 430 444 seu
454 370 687 463 comparatio.
794 372 854 443 Vel
880 369 1048 461 dioaitos]
1100 368 1284 460 turpitudo
1306 367 1345 438 in
1368 364 1472 440 buius
1495 371 1588 455 vita,
1615 373 1671 444 cui
1695 398 1762 445 nee
1781 374 1916 449 inimici
1933 380 2078 476 quidem

65 479 306 560 Antecedens,
333 477 433 570 quasi
448 475 598 544 diceret:
623 473 782 545 Fuissem
800 473 905 541 valde
926 494 1049 562 soper—
1100 473 1271 562 probrum
1301 472 1446 566 aliquod
1480 474 1632 544 obiicere
1660 492 1820 570 possunt.
1874 483 2077 557 Secunda

64 584 152 664 bus,
182 580 214 650 si
245 579 417 670 designati
446 577 600 649 considis
627 599 769 647 causam
791 573 1047 673 repudiassem.
1099 599 1182 665 pars
1213 574 1385 645 orationis
1413 571 1522 645 habet
1550 580 1774 651 collationem
1805 582 2006 674 dignitatis,
2038 589 2079 660 in

63 688 216 773 Adeptus
235 683 306 785 ciel
326 682 457 752 scilicet
486 681 545 750 illa
574 677 746 773 praemia.
847 677 929 769 Boe]
953 676 1047 746 Puto
1100 701 1168 770 qua
1185 675 1260 747 sine
1275 677 1464 748 acerbitate
1487 678 1643 774 (dicebat
1657 685 1751 753 enim
1767 699 1889 756 contra
1904 690 2079 788 amicum)

64 783 124 858 bic
154 786 322 855 mendam
355 809 448 866 esse,
483 796 521 853 et
553 782 789 852 omittendum
818 777 933 876 eoru)
963 802 1049 858 esse,
1100 792 1266 850 extenuat
1298 795 1509 852 ornamenta
1543 783 1668 856 Servii.
1744 788 1906 860 Primum
1946 796 2077 885 probat

65 911 286 984 quamquam
315 888 427 977 possit
454 885 580 956 referri
607 885 653 955 ad
679 885 832 954 labores.
952 886 1049 952 Esset
1099 882 1267 975 exemplis
1286 885 1422 955 aditum
1444 887 1489 954 ad
1511 888 1733 958 consulatum
1758 895 1957 964 nonsolum
1973 897 2078 967 nobi·

63 990 229 1082 meo]
279 988 437 1061 Videbor
475 990 644 1080 ignavus,
687 998 879 1079 postquam
919 980 1049 1053 abstuli
1099 985 1190 1055 liniti
1213 999 1354 1078 patere:
1386 991 1541 1059 secundo
1562 1003 1692 1084 aequat
1713 1007 1935 1086 quaesturas:
1968 1000 2075 1070 tertio

64 1091 240 1186 praemia.
298 1096 335 1166 2.
360 1092 551 1184 Superbus.
610 1089 646 1161 8.
672 1084 893 1158 lnbumanus
920 1098 954 1154 et
982 1084 1048 1152 im·
1099 1090 1259 1183 sequitur
1288 1090 1432 1159 collatio
1461 1093 1659 1162 studiomm
1692 1107 1727 1163 et
1748 1098 1885 1186 generis
1908 1100 2021 1188 vitae,
2054 1126 2076 1173 a

65 1197 222 1289 probus,
253 1193 285 1265 si
303 1195 435 1265 amicos
456 1192 694 1286 repudiarem.
749 1187 819 1261 Ista
843 1188 964 1258 omnia
988 1189 1048 1258 tie-
1100 1215 1171 1285 qua
1201 1191 1349 1262 discedit
1377 1195 1422 1261 ad
1445 1195 1669 1265 collationem
1700 1198 1882 1270 doctrinae
1903 1201 2009 1288 iuris,
2041 1216 2078 1276 et

66 1311 168 1382 rent,
192 1296 316 1367 sinon
339 1298 563 1368 defenderem
587 1294 791 1365 Murenam.
1098 1296 1152 1363 rei
1181 1294 1357 1366 militaris.
1432 1297 1593 1367 Praefert
1622 1311 1738 1368 autem
1775 1326 1851 1371 rem
1884 1305 2075 1378 militarem

172 1395 205 1490 ᾗ.
220 1399 255 1472 9.
280 1407 390 1495 Atque
405 1399 558 1489 huiusce]
585 1399 723 1490 Quarta
740 1393 846 1465 ratio.
924 1397 1049 1465 Contra
1099 1409 1248 1489 propter
1301 1399 1582 1488 magnitudinem
1637 1403 1771 1493 negotii
1820 1429 1862 1474 ac
1916 1411 2077 1499 periculi.

67 1500 218 1599 μηθ’)
232 1505 379 1595 veneris]
399 1503 515 1571 wider
530 1501 635 1570 einen
649 1493 785 1570 steben.
831 1489 1049 1568 ἀντίθετοντ
1098 1501 1269 1591 Intelliyo]
1286 1500 1451 1573 Partitio.
1527 1507 1652 1599 Atque]
1670 1503 1894 1578 Extenuatio.
1969 1519 2077 1586 Aecu-

66 1605 169 1677 Situ
195 1604 454 1676 iureconsultus
482 1603 618 1695 cogeris
644 1601 858 1692 respondere
890 1595 1049 1678 inimico,
1099 1604 1351 1694 aatorioJ'Non
1367 1604 1466 1687 dixit,
1492 1604 1548 1675 ler
1564 1608 1827 1692 dedamatoria,
1854 1611 1936 1704 quia
1954 1615 2078 1686 fuisset

68 1717 205 1802 quanto
227 1708 338 1799 magis
361 1732 425 1798 ego
448 1720 571 1776 orator
592 1706 703 1774 debeo
735 1703 858 1773 iuvare
883 1698 1049 1768 amicum.
1100 1706 1394 1777 contumeliosum
1415 1709 1453 1777 in
1473 1709 1560 1778 tales
1582 1710 1697 1793 viros,
1731 1712 1851 1805 quales
1867 1713 1916 1782 ibi
1932 1716 2078 1789 fuerunt

68 1810 124 1880 De
147 1810 323 1892 formula,
350 1834 452 1879 causa
477 1811 622 1891 cadere,
654 1805 737 1875 vide
761 1805 799 1874 in
819 1802 974 1874 Oratore
989 1799 1049 1895 ⁸⁴).
1099 1807 1242 1877 Servius
1259 1821 1293 1878 et
1315 1810 1416 1881 alius.
1519 1814 1667 1905 olona]
1692 1813 1907 1906 Propositio.
2010 1822 2080 1907 Qut

134 1967 137 1971 ,
174 1908 205 2003 ἓ.
227 1913 286 1984 10.
311 1914 453 2006 Docere]
479 1911 613 2004 Quinta
638 1909 751 1979 ratio:
776 1906 994 1986 Absurdum‚
1019 1899 1050 1973 si
1098 1912 1148 2002 si]
1181 1910 1353 1982 Rationes
1383 1912 1535 1985 subiicit.
1610 1915 1731 1984 Prima
1763 1917 1856 1987 ratio
1889 1931 1941 1988 est
1970 1946 2077 1994 causa

69 2038 196 2087 omnes
225 2016 434 2086 deberemus
474 2011 605 2084 habere
642 2011 822 2081 rationem
860 2004 1052 2088 amicitiae,
1100 2012 1233 2104 petitae
1247 2013 1364 2086 Asiae.
1437 2021 1669 2112 nonnos]
1692 2019 1799 2112 junge
1820 2023 1982 2109 lmaben,
2014 2026 2078 2120 qui

70 2130 164 2189 oerte
180 2115 332 2188 Murena
347 2119 485 2188 nullum
498 2113 646 2187 haberet
661 2116 894 2185 defensorem.
963 2112 1051 2181 oru-
1102 2119 1262 2188 nondum
1285 2129 1369 2188 suut
1387 2120 1510 2210 togati.

69 2221 190 2311 dalem]
203 2220 320 2305 Sexta,
333 2220 521 2292 Conclusio
537 2245 600 2290 seu
614 2215 835 2287 distributio:
854 2213 931 2304 Ego
945 2211 1051 2281 istum
1205 2216 1236 2311 ξ
1256 2223 1315 2294 12.
1341 2226 1397 2306 ldt,
1420 2227 1453 2293 rt
1466 2222 1578 2313 doda]
1602 2218 1771 2295 Inversio.
1844 2229 2081 2326 Quamobrem}

71 2323 273 2406 defendam,
299 2323 347 2392 ita
363 2336 496 2406 tamen,
517 2346 562 2392 ne
580 2322 709 2389 violem
727 2331 825 2389 tuam
847 2313 1053 2385 amicitiam.
1105 2322 1306 2395 Conclusio,
1387 2327 1573 2396 Memfim
1585 2325 1649 2420 ἢ]
1674 2321 1843 2397 lnfifiafio
1866 2344 1990 2401 ornata
2008 2334 2079 2406 dis,

73 2429 190 2498 Ietoia
200 2427 283 2518 loco]
293 2425 503 2497 Mollissimo
513 2426 622 2494 verbo
632 2421 770 2492 notavit
778 2419 878 2491 istius
885 2415 1054 2487 studium.
1106 2427 1316 2509 tributim,
1342 2426 1467 2519 quanti
1480 2426 1564 2494 boni
1582 2427 1663 2496 insit
1678 2423 1760 2496 buic
1774 2433 2065 2522 peregrinationi.

178 2527 264 2621 Cap.
285 2528 329 2599 V.
364 2526 396 2619 ᾗ.
420 2530 479 2600 11.
520 2529 676 2616 Intelliqo
708 2523 846 2615 iudicet]
885 2521 991 2593 Nulla
1007 2516 1054 2610 ω)
1210 2529 1295 2620 Cap,
1311 2525 1371 2598 Vl.
1398 2524 1428 2618 ξ.
1452 2529 1511 2600 18.
1536 2532 1756 2623 Sadaforem]
1781 2533 1980 2605 Secundum
1996 2561 2080 2607 con.

74 2641 126 2701 est
146 2631 309 2702 narratio
332 2631 370 2701 in
400 2628 468 2701 bac
491 2654 618 2713 causa,
649 2629 711 2698 sed
733 2628 813 2695 loco
838 2616 1055 2695 narrationis
1106 2632 1249 2701 vicium,
1300 2631 1379 2700 Ana
1403 2631 1588 2714 inficiam,
1615 2631 1652 2699 in
1672 2657 1741 2726 qua
1765 2636 1880 2726 parcit
1904 2632 2091 2730 ,signium

73 2730 232 2823 partitio.
282 2733 333 2804 Ac
354 2735 471 2826 prima
493 2733 635 2826 quidem
661 2755 746 2822 pars
777 2739 829 2798 cst
849 2720 1056 2796 confutatio.
1108 2734 1236 2826 Quare]
1270 2733 1513 2826 Comparatio,
1581 2731 1841 2825 Argumentum
1870 2752 1937 2810 est:
1974 2740 2083 2815 Nulla

74 2833 218 2907 Refellit
254 2838 350 2906 enim
387 2839 559 2932 quasdam
592 2836 687 2903 leves
729 2829 947 2920 suspiciones
994 2848 1055 2895 seu
1106 2839 1205 2929 signa
1231 2850 1352 2906 extant
1372 2834 1588 2907 saltationis:
1614 2861 1698 2929 ergo
1718 2839 1836 2913 nullus
1856 2844 2003 2912 saltator
2018 2858 2083 2933 est,

75 2939 256 3023 mulitia,
298 2939 425 3034 quibus
464 2951 516 3010 ⁰⁸1
549 2960 710 3028 ³⁵P01⁸1¹⁸
740 2933 903 3017 Muteno·
978 2926 1057 2998 Pri·
1108 2954 1143 3009 et
1165 2954 1204 3009 tu
1232 2939 1319 3010 facis
1349 2939 1612 3031 imprudenter,
1646 2964 1726 3010 cum
1752 2941 1860 3013 iacias
1880 2946 2081 3020 convicium

76 3065 176 3111 mum
206 3055 273 3112 est:
299 3042 389 3112 'Fuit
421 3044 459 3110 iu
487 3040 592 3124 Asia,
632 3038 740 3129 igitur
780 3046 831 3104 est
868 3031 986 3103 mollis
1023 3041 1059 3098 et
1108 3045 1145 3112 in
1172 3069 1251 3113 eum
1281 3055 1354 3111 tam
1386 3042 1570 3124 odiosum,
1603 3067 1720 3138 neque
1750 3045 1825 3116 eius
1853 3047 1906 3115 103
1936 3051 2083 3142 propri„

77 3146 164 3217 luxu
187 3159 385 3237 corruptus.
438 3144 561 3214 Cicero
587 3139 739 3233 opponit
761 3134 994 3208 necessariam
1024 3144 1059 3201 et
1108 3148 1205 3237 signa
1236 3141 1380 3216 habeas.
1482 3149 1689 3241 Quamquam
1704 3145 1752 3243 ⁴⁷)
1778 3152 1913 3242 vitioso]
1952 3153 2085 3224 scilicet

78 3245 265 3319 honestam
296 3273 439 3318 causam
471 3245 602 3338 petitae
627 3243 753 3325 Asiae,
784 3240 934 3320 Scilicet,
961 3236 1058 3329 qu⁰d
1109 3263 1143 3318 et
1159 3264 1279 3318 tamen
1294 3248 1420 3318 vitium
1437 3260 1501 3318 est.
1551 3247 1653 3318 Esset
1666 3249 1849 3341 indiguum
1865 3253 2085 3346 voluptatem

78 3353 175 3444 apud
202 3363 340 3444 patrem
368 3375 441 3421 esse
470 3347 643 3418 debuerit.
695 3343 833 3413 Deinde
865 3365 974 3431 genus
998 3362 1058 3406 nc·
1108 3352 1263 3422 tribuere
1285 3350 1392 3421 vitiis,

78 3452 167 3548 gotii
197 3455 237 3524 in
257 3453 365 3531 Asia:
396 3451 582 3534 Militavit,
615 3447 723 3540 igitur
753 3469 828 3515 non
857 3457 909 3515 est
938 3466 1058 3511 corru·
1213 3450 1321 3542 514.
1347 3452 1583 3542 Nihttipitur]
1605 3451 1805 3524 Conclusio.
1881 3459 2089 3552 factasunt}

82 3573 165 3651 ptus
194 3557 268 3627 otio
297 3569 332 3625 et
360 3555 613 3647 voluptatibus.
688 3548 864 3619 inversio:
908 3545 946 3615 Si
975 3543 1058 3613 Asia
1110 3555 1292 3626 Transitio
1315 3579 1357 3623 ex
1382 3553 1618 3622 confessione:
1645 3550 1744 3624 Nihil
1766 3571 1915 3648 possunt
1941 3558 1973 3628 ei
1997 3561 2088 3629 obii·

79 3656 191 3731 babet
212 3657 448 3750 suspicionem
471 3656 650 3739 luxuriae,
676 3677 759 3743 ergo
775 3647 843 3719 boc
857 3647 968 3738 magis
986 3648 1061 3715 lau·
1111 3684 1188 3728 cere
1212 3682 1257 3725 ne
1277 3656 1411 3724 inimici
1434 3654 1589 3748 quidem.

81 3763 222 3833 ‹tandus
244 3773 296 3833 est
315 3760 486 3843 Murena,
518 3760 616 3853 quod
645 3757 738 3825 inter
759 3755 839 3823 illas
860 3749 1060 3820 occasiones
1213 3761 1300 3852 Cap.
1314 3757 1388 3828 Vll.
1416 3752 1446 3847 ἓ.
1473 3754 1531 3827 15.
1556 3760 1746 3850 Summam]
1772 3759 1872 3829 Facit
1894 3762 2088 3835 concessio.

81 3868 241 3937 modeste
266 3863 404 3936 vixerit.
480 3859 668 3932 Conclusio
695 3868 747 3929 esi
773 3845 1061 3951 nooadtwwlda
1112 3889 1190 3933 nes:
1220 3863 1311 3956 Quia
1329 3886 1404 3930 non
1420 3861 1497 3929 vult
1512 3863 1720 3929 exacerbare
1734 3863 1917 3946 Servium,
1942 3860 2033 3934 nibil
2050 3868 2088 3936 in

82 3983 120 4041 et
135 3963 247 4041 babet
265 3966 535 4035 infitiationem:
569 3962 654 4033 Esse
675 3961 713 4030 in
736 3957 821 4030 Asia
844 3951 934 4025 nihil
954 3950 1063 4025 habet
1113 3992 1193 4036 eum
1226 3965 1313 4034 dicit
1344 3963 1521 4033 acerbum.
1598 3963 1757 4035 Secunda
1790 3990 1873 4056 pars
1903 3967 2089 4054 orationis,

82 4069 333 4165 impiffldississ
364 4071 425 4139 ⁸0⁶¹
455 4065 607 4157 impiier
633 4063 752 4132 Vivere
781 4062 820 4131 5¹¹
842 4059 938 4129 Ᾱδῖθ·
988 4055 1062 4125 V⁰⁸
1114 4094 1204 4164 quae
1237 4065 1343 4137 babet
1374 4065 1598 4136 collationem
1630 4066 1822 4155 dignitatis.
1899 4067 2088 4141 Concessio

82 4189 206 4247 autem
234 4173 374 4242 nullum
405 4170 539 4239 crimen
567 4163 866 4243 commemoratis·
925 4159 1062 4230 Deinde
1114 4198 1176 4243 seu
1206 4169 1417 4264 propositio.
1520 4171 1766 4260 Contempairti]
1797 4167 1959 4238 Primum
1987 4196 2091 4264 argu·

84 4277 284 4373 opponitur
310 4273 468 4344 laudatio
496 4269 649 4341 Asianae
676 4262 971 4360 peregrinationis
999 4285 1063 4353 Per
1114 4288 1296 4355 mentum,
1334 4274 1371 4340 in
1401 4294 1472 4367 quo
1505 4269 1635 4360 probat
1662 4293 1735 4337 non
1766 4272 1880 4339 solum
1914 4274 2092 4346 nobilitati

82 4377 372 4455 distributionem
411 4400 483 4446 una
518 4397 558 4444 re
587 4372 625 4439 in
659 4370 789 4441 mullos
819 4368 966 4437 virini&
997 4388 1063 4457 Pf0
1115 4391 1237 4471 patere
1252 4377 1387 4444 aditum
1405 4375 1451 4441 ad
1470 4371 1710 4454 consulatum,
1735 4374 1796 4442 sed
1812 4374 1917 4441 etiam
1935 4376 2092 4465 plebeiis.

84 4484 260 4554 varietate
290 4476 633 4550 circumstantiarum
665 4471 866 4543 distributa:
896 4467 1065 4550 Militare,
1116 4479 1278 4574 opponit
1306 4476 1477 4567 exempla.
1577 4476 1795 4567 Aventinum]
1840 4476 1911 4544 Ubi
1942 4479 2091 4569 plebs,

84 4583 307 4658 fortitudinis
322 4595 389 4661 eth
403 4579 498 4673 Patri
512 4581 644 4659 adesse,
658 4575 799 4668 Pietaiis
815 4585 876 4642 0⁵1·
927 4568 1064 4641 DiluliO
1116 4584 1278 4678 patribus
1299 4583 1492 4659 defecerat,
1517 4578 1793 4661 contenderunt,
1818 4590 1859 4647 ut
1874 4603 1915 4647 ex
1936 4604 2000 4652 suo
2016 4609 2094 4654 cor·

85 4687 235 4763 secundi
257 4684 409 4757 convicii
441 4695 492 4753 est
519 4683 562 4752 de
594 4678 793 4752 saltatione·
854 4673 917 4744 Εδῑ
946 4686 1063 4744 aulem
1118 4711 1204 4782 pore
1230 4695 1434 4753 crearentur
1464 4678 1643 4763 consules,
1675 4678 1766 4749 sicut
1790 4681 2012 4776 aliquamdiu
2041 4688 2093 4756 fa·

84 4772 274 4876 infitiatio,
300 4788 384 4883 quia
408 4785 506 4878 signa
521 4785 596 4855 eius
610 4781 662 4853 rei
676 4781 772 4851 nulla
791 4789 921 4847 extant.
973 4775 1067 4846 Con·
1118 4804 1212 4863 crum
1235 4798 1297 4857 est,

87 4893 201 4968 clusio
219 4916 262 4964 ex
291 4888 509 4961 confessione
545 4883 846 4956 adversariorum:
862 4966 864 4971 Ι
879 4879 985 4951 Nulla
1016 4892 1068 4950 est
1221 4887 1252 4982 §
1279 4887 1336 4958 16.
1362 4887 1501 4977 Populo]
1526 4883 1740 4955 Extenuatio
1756 4886 1952 4956 nobilitatis
1970 4886 2094 4966 Servii.

1119 4995 1160 5064 L.
1186 4993 1336 5063 Murena
1360 4988 1481 5058 notior
1506 4999 1557 5058 est
1586 4989 1742 5080 populo,
1778 5015 1885 5083 quam
1915 5000 1973 5073 tu,
2012 4993 2094 5087 quia

126 5104 177 5162 42)
193 5101 224 5153 ln
243 5099 292 5153 ao.
308 5096 394 5149 orell.
412 5094 478 5173 haec
495 5104 548 5177 vox
567 5090 669 5140 omissa
685 5088 737 5140 est.
1121 5091 1366 5187 ¹riumppmit0
1467 5095 1541 5163 Nec
1560 5093 1659 5185 nihi]
1698 5091 1850 5162 collatio
1886 5090 2026 5166 vinum
2061 5110 2097 5168 et

128 5174 178 5229 4³)
197 5163 419 5230 contraquam]
439 5177 478 5210 sic
496 5160 652 5220 ao.1ooa.;
670 5157 718 5209 m.
739 5152 825 5207 oreti.
842 5165 924 5218 qoem
940 5154 1052 5202 contro.

127 5244 177 5300 tt)
193 5240 265 5288 Vide
278 5235 405 5286 nerano.
427 5230 530 5280 schotto
549 5229 575 5277 tu
590 5227 646 5278 cto.
663 5228 696 5276 do
712 5223 823 5288 oratt,
844 5222 888 5286 to,
912 5220 968 5273 tto.
986 5230 1072 5284 aspro

126 5307 341 5440 al'iiidl'u
366 5371 415 5422 aa.
442 5368 516 5418 asos.
540 5364 599 5413 ausc
624 5362 684 5416 vost
708 5360 828 5413 aucam
854 5370 952 5411 nom
974 5355 1071 5424 „rm
1157 5337 1206 5394 ⁴⁶)
1224 5327 1396 5389 umores]
1413 5325 1454 5376 ⁸¹⁰
1469 5322 1520 5375 Μ·
1539 5322 1630 5382 Μὸ
1648 5320 1698 5372 ¹⁶⁶·
1717 5318 1802 5371 ⁰³¹¹·
1821 5316 1971 5373 mmm·

163 5437 319 5500 ¹0⁸th
337 5442 382 5490 est
398 5435 555 5501 rostrum·
1160 5423 1207 5485 n)
1225 5415 1472 5488 ommino
1490 5409 1544 5461 m.
1562 5407 1654 5472 ross,
1671 5404 1721 5457 rc
1740 5403 1826 5459 orat.
1842 5417 1979 5472 mm,

93 5537 277 5603 Messana.
300 5526 406 5591 Orsa.
428 5520 514 5586 vn.
534 5517 626 5583 xv1.
1460 5480 1508 5551 68
