4544 5766
193 180 269 259 Vii.
325 176 708 259 oottunltmttvs
747 178 796 261 tit
835 182 1083 265 CICERONIS
1121 182 1440 265 Paumrtottrs
1479 189 1765 267 oraremus,
1905 196 1980 272 862

101 408 111 439 ,
147 356 277 451 quihus
306 368 450 427 venuste
482 356 671 457 interdum·
689 357 744 430 uti
774 350 874 444 licei,
916 374 957 431 nt
1006 359 1082 444 sui,
1107 372 1143 431 et
1159 360 1325 445 miseere,
1351 386 1391 432 ae
1406 387 1614 435 coacervare
1628 366 1762 450 multa,
1784 389 1876 461 quae
1894 382 1978 439 sunt

101 459 149 530 ins
161 459 212 529 ait
225 472 347 530 contra
363 459 592 554 expilationes
605 460 829 532 immodicas:
862 461 957 532 Boni
1007 463 1122 533 aliena
1145 488 1165 532 a
1185 464 1390 556 proposito,
1424 480 1459 537 et
1478 463 1568 537 nihil
1592 468 1728 538 iaciunt
1751 469 1809 564 (ut
1829 470 1976 565 dicitur)

101 562 137 633 'is
175 574 227 632 est
261 584 367 654 pecus
396 564 563 648 tondere,
601 587 678 633 non
711 564 898 655 deglubere
910 565 954 663 ⁸).
1005 560 1096 658 πρὸς
1110 563 1204 649 ἔπος.
1239 564 1466 639 indoctorum
1480 571 1639 662 exempla
1651 584 1733 641 sunt
1746 571 1979 667 inpromptu,

103 665 270 736 Plautum
285 666 328 735 de
343 667 453 736 modo
474 677 674 758 sumptum,
698 669 866 738 struenda
883 690 955 739 esse
1006 691 1098 762 quae
1121 681 1295 740 testantur
1316 666 1409 740 nihil
1425 672 1561 765 percipi
1579 698 1621 743 ex
1638 674 1818 760 oratione,
1843 675 1978 768 sileges

104 792 213 859 apro
238 756 362 860 opibus
377 767 421 863 ³).
471 766 664 839 Rarissime
695 768 830 840 utimur
859 771 955 840 aeni-
1005 782 1191 862 syntaxeos
1214 772 1448 864 negligantur.
1520 776 1590 845 Sed
1613 777 1796 849 videamus
1818 761 1979 871 exempla

101 895 176 954 sus,
208 881 248 938 ut
274 871 368 962 apud
399 869 613 941 Hesiodum:
650 870 849 943 Dimidium
876 874 955 966 plus
1005 885 1163 944 veterum
1191 868 1415 968 scriptorum.
1481 875 1523 947 in
1550 880 1712 949 oratione
1743 880 1850 949 Marii
1880 884 1977 973 apud

101 990 125 1051 t:
154 974 250 1066 quod
272 972 400 1043 dicitur
421 974 465 1043 de
489 975 594 1045 laude
614 974 878 1048 mediocritatis.
1004 974 1206 1047 Sallustium
1222 976 1254 1074 ⁸)
1277 973 1364 1048 haec
1384 991 1467 1050 sunt
1488 982 1613 1053 verba:
1639 981 1688 1051 Et
1708 981 1795 1053 illud
1817 982 1978 1076 intelligo

101 1075 215 1169 Quinta
236 1075 369 1169 species
390 1087 442 1175 est
463 1070 676 1170 hyperbole,
699 1088 754 1147 ut:
1005 1077 1181 1169 Quirites,
1220 1080 1382 1151 omnium
1420 1105 1485 1151 ora
1523 1083 1563 1153 in
1598 1109 1654 1155 me
1692 1110 1861 1156 conversa
1891 1112 1977 1171 esse,

403 1195 579 1275 Geminique
598 1196 746 1257 mumma
1004 1204 1135 1274 aequos
1158 1181 1343 1278 bonosque
1364 1184 1484 1255 lavere
1506 1185 1654 1281 (quippe
1669 1188 1837 1258 beneficia
1848 1187 1880 1286 ο)
1897 1214 1976 1259 mea

146 1294 315 1356 incoatum
337 1296 448 1374 scopuli
457 1294 498 1372 ⁸).
1003 1283 1214 1375 reipublicae
1236 1285 1469 1381 procedunt),
1493 1289 1714 1360 nobilitatem
1735 1292 1853 1361 locum
1877 1291 1978 1361 inva-

102 1423 171 1468 :ero
196 1399 247 1467 ait
269 1400 312 1467 de
334 1398 463 1467 Verre:
489 1399 528 1468 in
550 1397 668 1469 Sicilia
688 1422 763 1470 non
783 1397 889 1469 fuisse
912 1410 953 1469 ut
1003 1386 1110 1456 dendi
1140 1411 1321 1480 quaerere.
1395 1388 1455 1460 Pii
1487 1392 1636 1463 Obscura
1667 1394 1804 1477 (italio,
1843 1393 1977 1465 inseri&

102 1526 191 1584 qum,
217 1501 338 1596 quales
358 1502 504 1571 fuerunt
522 1497 705 1586 Phalaris,
736 1513 798 1572 aut
816 1500 952 1596 Diony.
1001 1483 1222 1578 parenthesi,
1254 1515 1344 1584 quae
1372 1490 1479 1561 etiam
1511 1506 1562 1565 est
1583 1494 1722 1567 vitiosa.
1772 1494 1837 1567 Est
1857 1510 1977 1568 autem

102 1605 156 1675 sed
178 1615 349 1697 tanquam
371 1602 525 1697 Scyllam
549 1615 611 1675 aut
632 1600 901 1704 Charybdim⁸).
1001 1585 1087 1661 haec
1111 1591 1302 1663 sententia:
1327 1590 1487 1687 intelligo
1506 1597 1622 1667 bonos
1644 1594 1735 1667 mihi
1754 1598 1887 1684 lavere,
1911 1624 1977 1669 no-

531 1770 540 1788 ·
572 1771 582 1789 ⁹
1000 1693 1087 1764 biles
1108 1718 1193 1766 vero
1214 1695 1396 1782 insidiari,
1421 1711 1457 1769 et
1477 1699 1677 1771 occasiones
1699 1724 1886 1795 quaerere,
1918 1727 1976 1771 me

239 1769 301 1840 De
336 1784 685 1863 ⁶⁰¹¹¹P⁰⁸¹i¹⁰¹100
1002 1797 1182 1866 evertendi
1209 1810 1245 1868 et
1275 1800 1513 1891 opprimendi.
1578 1800 1619 1872 id
1645 1802 1684 1871 in
1713 1806 1783 1874 fine
1810 1804 1977 1897 ambigua

102 1905 248 2000 lap.V1.
279 1904 392 1999 §.18,
427 1912 463 1981 c,
485 1912 523 1980 F.
544 1911 658 1989 Habeo
679 1913 721 1980 de
744 1906 951 1999 simplicibus
1002 1900 1262 1971 constructione
1285 1902 1453 1988 effertur,
1485 1905 1708 1975 nobilitatem
1736 1904 1855 1976 iocum
1876 1907 1976 1976 inva-

102 2046 104 2058 ι
138 2036 227 2081 nune
252 2015 292 2081 de
317 2015 546 2082 contemtum
568 2036 701 2106 quaero,
753 2015 789 2085 c.
811 2015 852 2082 Ρ.
872 2015 950 2081 Νη.
1001 2001 1107 2071 dendi
1132 2027 1314 2096 quaerere.
1364 2003 1484 2076 Media
1510 2003 1730 2099 parenthesis
1750 2008 1829 2100 plus
1852 2011 1976 2082 obscu-

102 2116 221 2205 peidem
234 2111 266 2206 ¹¹)
297 2125 395 2196 runs,
429 2112 510 2207 εις)
551 2111 675 2183 Cicero
707 2113 781 2208 ipse
813 2112 949 2183 duabus
999 2103 1115 2175 ritatis
1128 2099 1247 2177 habet.
1296 2104 1380 2178 ideo
1396 2104 1586 2181 mihibene
1602 2112 1728 2183 volunt
1744 2111 1835 2184 cives
1853 2136 1976 2182 aman-

110 2214 404 2306 compositionem
435 2228 596 2286 constare
624 2215 727 2296 dicite
758 2217 820 2287 sed
850 2214 949 2308 prius
999 2218 1051 2277 tes
1063 2206 1290 2299 reipublicae,
1316 2209 1398 2303 quia
1414 2237 1470 2283 me
1486 2215 1531 2283 de
1546 2214 1725 2306 republica
1740 2211 1976 2286 benemereti

103 2341 143 2387 os
157 2329 350 2409 nuncupat,
376 2331 497 2409 postea
514 2318 809 2404 consecutionem,
833 2318 949 2400 idest,
999 2321 1182 2394 constant,
1206 2335 1269 2381 seu
1292 2311 1376 2406 quia
1399 2315 1469 2383 mei
1493 2316 1632 2387 labores
1654 2328 1736 2389 sunt
1760 2318 1976 2411 reipublicae

103 2420 248 2491 entiam.
299 2420 368 2490 Sed
389 2432 527 2490 natura·
540 2419 617 2512 ipsa
639 2421 740 2513 prior
761 2433 815 2492 est
828 2443 948 2490 eonse—
998 2410 1101 2481 utiles
1124 2424 1159 2481 et
1180 2414 1362 2485 salutares.
1411 2413 1452 2486 ld
1480 2417 1569 2487 dixit
1590 2418 1775 2491 Sallustius
1804 2421 1974 2493 inusitato

103 2536 136 2592 et
161 2519 406 2606 cohaerentia,
440 2545 531 2617 quae
560 2546 688 2616 corpus
711 2535 780 2609 est,
813 2521 851 2592 in
874 2546 947 2617 quo
998 2515 1125 2585 verbo:
1147 2513 1228 2583 Mea
1242 2516 1412 2587 beneficia
1426 2518 1641 2612 reipublicae
1652 2524 1863 2613 procedunt,
1876 2524 1974 2618 quod

103 2626 113 2694 i
131 2638 233 2710 sunt,
258 2624 406 2695 velutin
421 2621 585 2696 machina
601 2638 737 2711 motus,
762 2636 825 2698 aut
839 2625 946 2695 inter-
997 2616 1132 2689 Graece
1156 2615 1296 2689 videtur
1316 2619 1449 2691 dictum
1470 2629 1742 2718 προχωροῦσιν.

103 2740 194 2799 ωε,
950 2753 957 2770 ·
1096 2717 1248 2811 Flagitat
1263 2720 1371 2812 igitur
1388 2725 1588 2796 consecutio
1601 2737 1634 2794 et
1650 2725 1815 2820 syntaxin
1830 2724 1973 2807 iustam,

103 2831 234 2901 timum
265 2829 373 2921 igitur
401 2833 445 2901 de
478 2830 725 2904 consecutione
756 2829 945 2901 dicendum
997 2833 1176 2893 esserum
1204 2823 1368 2895 ordinem
1396 2826 1667 2919 congruentem,
1705 2852 1751 2899 ne
1778 2828 1825 2899 sit
1854 2826 1971 2897 oratio

102 2959 168 3005 uae
197 2933 386 3025 praecipue
420 2945 557 3004 constat
584 2932 822 3027 grammaticis
842 2955 946 3029 prae·
996 2925 1185 2995 temeraria
1209 2929 1385 3021 quaedam
1411 2930 1644 3003 coacervatio.
1695 2930 1817 3025 Quare
1845 2929 1970 3000 Cicero

131 3034 315 3119 videlicet,
347 3048 387 3105 ut
407 3035 497 3105 iusta
524 3047 559 3105 et
586 3040 770 3110 observata
792 3034 945 3132 syntaxi,
993 3028 1203 3124 plerumque
1234 3029 1350 3122 posita
1386 3033 1504 3128 aliqua
1541 3032 1808 3126 proposiliffllsss
1847 3031 1971 3103 melli

103 3151 180 3222 ant,
214 3137 386 3209 sententia
409 3138 527 3232 aliqua
551 3154 726 3230 ponatur,
760 3164 801 3210 ac
828 3138 943 3232 posita
993 3129 1148 3201 vicinam
1170 3132 1382 3204 sententiam
1402 3148 1531 3207 natura
1555 3131 1822 3219 cohaerentem,
1848 3135 1970 3206 videli-

103 3268 130 3324 r;
156 3241 284 3311 deinde
307 3263 392 3309 vero
414 3241 484 3309 alia
504 3263 700 3334 congruens
722 3246 769 3313 ad
789 3266 866 3314 rem
890 3266 944 3312 se-
993 3245 1066 3317 cet,
1091 3246 1154 3304 aut
1174 3258 1315 3307 causam
1337 3249 1399 3307 aut
1412 3238 1736 3332 amplificationem.
1785 3239 1837 3309 hc
1852 3264 1970 3309 suma-

103 3395 112 3416 .
162 3344 229 3413 llic
251 3345 340 3413 ordo
364 3344 555 3413 verborum
578 3358 614 3416 et
635 3369 754 3417 rerum
779 3357 861 3437 apte
884 3368 943 3413 eo·
992 3359 1072 3406 mus
1085 3337 1285 3430 exemplum
1299 3363 1342 3409 er
1358 3340 1520 3411 oratione
1537 3341 1721 3414 notissima
1739 3365 1808 3434 pro
1824 3336 1969 3412 Archia.

103 3447 210 3531 rium,
242 3459 391 3516 vocatur
420 3442 478 3516 hic
509 3448 721 3520 consecutio,
789 3447 942 3517 Miretur
992 3436 1172 3509 Sententia
1201 3439 1339 3533 primae
1368 3440 1506 3534 periodi
1536 3457 1604 3515 est:
1643 3443 1766 3515 Debeo
1793 3443 1968 3515 defensio·

110 3550 259 3644 aliquis,
286 3573 349 3618 cur
371 3551 415 3618 de
436 3573 476 3618 re
497 3561 572 3618 tam
593 3550 732 3642 vulgari
753 3560 940 3644 praecepta
990 3562 1074 3611 nem
1091 3534 1256 3616 Archiae.
1319 3542 1412 3615 Nam
1446 3546 1491 3615 ad
1521 3545 1703 3618 vitandam
1731 3547 1969 3640 suspicionem

104 3669 166 3724 tur.
218 3650 306 3745 Quis
328 3650 424 3722 enim
447 3650 569 3736 nescit,
590 3654 730 3746 regulas
753 3664 940 3747 syntaxeos
990 3641 1198 3714 temeritatis
1221 3657 1256 3714 et
1278 3644 1485 3718 declinanda
1509 3648 1612 3733 odia,
1638 3648 1793 3721 maxim
1822 3651 1968 3745 prodest

104 3757 205 3825 mdas
221 3753 318 3826 esse?
336 3754 415 3849 quis
427 3753 538 3825 nescit
549 3757 748 3827 orationem
757 3757 939 3827 confugam
990 3745 1142 3836 allegare
1183 3740 1368 3818 honestam
1406 3750 1512 3821 officii
1550 3776 1591 3821 ac
1627 3752 1738 3824 debili
1776 3753 1967 3824 talionem·

104 3857 222 3949 afiligi,
247 3858 285 3926 in
309 3881 379 3951 qua
402 3859 588 3928 necverha
602 3872 697 3937 recte
711 3858 829 3929 iuncta
845 3869 939 3941 eunt,
988 3845 1105 3919 Porro
1128 3848 1282 3922 brevitas
1303 3850 1425 3923 hrisset
1447 3854 1553 3926 nimis
1575 3850 1757 3941 horrida,
1774 3857 1804 3929 si
1825 3867 1965 3925 tantum

104 3958 339 4043 tcohaerent,
366 3972 512 4055 etquae
534 3961 732 4034 estsimilis
754 3960 939 4055 (utilora
989 3950 1147 4023 dixisset:
1186 3950 1309 4023 Debeo
1339 3956 1577 4028 defensionem
1604 3954 1767 4029 Archiae.
1843 3957 1964 4051 Quare

104 4062 194 4160 quit)
216 4062 399 4133 lebrilibus
419 4063 587 4149 somniis,
620 4064 682 4138 ubi
704 4090 770 4136 nec
789 4088 852 4158 pes
872 4086 938 4133 nec
986 4048 1075 4125 haec
1098 4052 1174 4148 ipsa
1189 4056 1362 4126 sententia
1379 4072 1527 4151 augetur
1544 4060 1791 4131 distributione
1807 4058 1964 4152 partium

104 4168 156 4237 rui
176 4169 312 4236 formae
334 4164 521 4256 congruit?
988 4157 1201 4242 industriae,
1229 4183 1291 4230 sen
1310 4161 1504 4246 facultatis,
1537 4186 1629 4256 quae
1648 4175 1786 4233 constat
1807 4159 1963 4253 ingenio,

104 4273 134 4342 :d
156 4267 360 4363 peritissimi
383 4263 546 4339 homines
558 4265 743 4353 viderunt,
767 4266 834 4339 etsi
847 4261 938 4336 nihil
988 4259 1235 4332 exercitatione
1257 4277 1293 4333 ει
1313 4275 1400 4335 arte.
1452 4263 1490 4335 si
1519 4263 1605 4358 quid
1635 4263 1744 4361 est¹‘)
1770 4265 1808 4333 iu
1826 4289 1885 4333 me
1907 4262 1963 4333 in·

104 4375 222 4444 turale
245 4384 315 4454 est,
341 4394 448 4466 quam
469 4369 508 4439 in
528 4371 709 4466 loquendo
731 4367 865 4455 anniti,
896 4381 937 4440 ut
987 4362 1082 4456 genii
1110 4361 1259 4447 iudices,
1302 4365 1399 4458 quod
1429 4363 1542 4435 sentio
1573 4391 1681 4460 quam
1712 4366 1758 4437 sit
1784 4366 1962 4458 exiguum,

104 4502 146 4549 ua
164 4489 198 4546 et
214 4472 439 4545 cohaerentia
457 4474 638 4545 dicantur:
665 4486 785 4543 tamen
804 4472 935 4543 multos
986 4478 1048 4536 aut
1066 4465 1096 4536 si
1117 4491 1186 4561 qua
1209 4465 1411 4536 exercitatio
1443 4466 1602 4552 dicendi,
1632 4467 1671 4537 in
1699 4493 1769 4564 qna
1799 4495 1856 4539 me
1885 4494 1961 4541 uon

130 4579 192 4675 qui
222 4583 266 4649 de
294 4577 431 4668 magnis
458 4579 564 4649 rebus
593 4575 733 4662 dicunt,
775 4574 935 4647 oblivisci
985 4569 1119 4639 infitior
1139 4567 1364 4638 mediocriter
1380 4594 1453 4641 esse
1471 4582 1668 4652 versatum3
1695 4584 1757 4642 aut
1770 4572 1800 4644 si
1814 4568 1959 4644 huiusce

983 4671 1036 4742 rei
1062 4670 1155 4741 ratio
1188 4669 1306 4764 aliqua
1334 4672 1379 4741 ab
1415 4672 1632 4765 optimarum
1668 4675 1799 4747 artium
1835 4676 1959 4747 studiis

105 4856 147 4903 ton
175 4849 255 4899 mer
280 4859 303 4898 c.
319 4845 353 4898 ω
984 4788 1019 4844 ει
1033 4773 1079 4872 ¹¹)
1103 4771 1288 4865 disciplina
1312 4775 1485 4866 perfecta,
1507 4794 1536 4846 a·
1555 4799 1625 4871 qua
1641 4801 1706 4869 ego
1721 4780 1860 4851 nullum
1875 4802 1958 4848 con-

105 4944 127 4990 ι.
145 4937 228 4988 stret.
245 4937 280 4998 t,
297 4936 331 4997 t,
350 4931 397 4983 tt:
421 4933 522 4982 temon
538 4928 656 4984 rtvlnus
672 4942 744 4998 nos,
760 4932 853 4984 nmen
869 4931 932 4984 etl·
982 4928 1186 4946 ““““-“

105 5020 112 5056 ι
127 5018 177 5070 pro
194 5004 288 5067 opibus
307 5003 403 5052 nostra
419 5001 535 5051 moenis.
1014 5018 1047 5084 0)
1064 5020 1179 5076 mum,
1196 5020 1317 5087 rugum,
1333 5035 1356 5077 ο,
1373 5022 1418 5079 es,

105 5091 151 5140 soe
167 5088 321 5151 aenigmate
337 5083 517 5147 proseratur:
535 5080 622 5135 nacor
637 5074 722 5150 im
737 5079 851 5151 nanae,
867 5084 932 5138 ’Νι
1013 5109 1046 5168 ε)
1065 5104 1209 5169 museus]
1225 5106 1266 5159 ee
1283 5106 1326 5159 m
1345 5106 1512 5173 commta
1528 5109 1599 5172 spur
1617 5110 1730 5165 suamc
1747 5111 1863 5177 regiae:
1888 5116 1955 5165 sene

105 5158 137 5210 ιι
153 5157 232 5220 sung.
248 5155 310 5204 chit.
328 5155 348 5203 1.
365 5156 437 5204 cent.
453 5152 503 5205 lx.
518 5163 598 5217 prov.
614 5152 659 5208 9⁶.
1047 5179 1129 5229 qm,

105 5244 206 5310 WB·
223 5241 253 5306 is
271 5238 329 5291 ¹⁶²·
348 5237 407 5289 ¹⁶³·
1015 5262 1062 5323 ιιι)
1080 5261 1110 5314 Sl
1127 5261 1191 5326 qut
1208 5264 1347 5314 ast-suo
1364 5259 1425 5312 iuro
1442 5260 1545 5322 debet]
1567 5263 1635 5314 tssc
1651 5267 1694 5314 est
1712 5263 1851 5317 sententia
1868 5268 1955 5329 prtum

114 5330 144 5381 in
162 5329 278 5379 Verrem
294 5328 347 5375 tot
365 5323 398 5373 li
416 5324 435 5375 1.
452 5324 495 5388 V,
512 5323 563 5391 Μ,
581 5326 633 5378 llo
648 5334 690 5392 sq.
1047 5332 1104 5385 Gla.
1124 5334 1194 5385 unt.
1211 5343 1263 5398 pro
1280 5331 1389 5383 Aralla.

105 5418 167 5478 aa]
185 5415 227 5466 ⁸¹⁰
243 5413 286 5463 Mt
303 5411 504 5476 (immin-s
519 5409 572 5466 ll:
589 5411 679 5471 orell.
695 5413 821 5483 cutim
1013 5417 1062 5481 ιι)
1078 5416 1180 5483 atlete
1194 5417 1240 5473 tto
1256 5418 1424 5481 crumas
1442 5414 1492 5470 tu.
1509 5416 1612 5471 oretts
1628 5426 1670 5469 sc.
