4544 5766
284 128 345 269 lx
397 192 683 270 nnannano
714 188 976 270 ortanoms
1008 184 1258 266 otcnnottts
1291 190 1391 262 nno
1420 192 1697 268 truncatio,
1923 188 2000 278 ter

93 363 298 435 insidiarum
328 368 422 437 vitae
453 382 560 451 tuae,
611 370 694 466 quia
725 368 800 465 ipse
833 368 963 438 Caesar
1013 364 1207 436 dimicavit.
1233 452 1237 459 ἡ
1287 361 1475 463 Varietate]
1500 365 1853 454 scilicetGalliarum,
1868 370 1996 465 Hispa·

93 469 221 562 abatur
233 469 380 540 insidias
400 472 467 541 sibi
493 473 588 556 fieri,
622 485 658 542 et
681 473 797 565 ipsum
812 471 962 540 Marcel·
1012 469 1175 552 uiarum,
1211 464 1371 550 Africae,
1408 467 1581 559 Aegypti,
1629 482 1694 541 etc.
1793 479 1867 544 Ner
1898 474 1994 576 rcro]

93 595 149 639 ton
173 596 327 663 prorsus,
349 598 467 643 secum
496 574 694 646 rediturum
729 575 768 643 in
797 574 962 666 gratiam,
1011 570 1251 663 Amplilicatio
1270 571 1416 640 landum
1437 571 1642 641 bellicarum
1664 597 1685 642 a
1708 573 1996 651 circumstantiis:

93 699 186 743 auum
212 675 419 745 beneficium
444 671 549 745 nibili
574 680 770 762 facturum,
805 678 842 746 id
864 678 961 771 quod
1012 676 1168 744 Bellicae
1182 673 1324 757 laudes,
1350 696 1441 766 quac
1464 687 1546 742 sunt
1566 677 1761 744 multorum
1777 702 1996 766 communes,

93 777 157 846 itur
174 802 215 845 ex
231 778 378 868 epistola
393 782 439 848 ad
451 777 660 850 Marcellum
677 781 738 852 lib.
755 778 864 876 4.⁶⁰):
899 777 962 850 Ni·
1012 778 1169 848 minores
1189 788 1272 846 sunt
1293 775 1355 859 iis,
1394 788 1588 869 quaesunt
1611 779 1778 869 propriae
1804 781 1997 875 imperato-

93 880 243 963 taliud,
281 884 377 973 quod
400 882 658 952 dubitationem
680 883 785 952 affert
805 880 961 963 Caesari,
1011 905 1104 952 rum.
1155 878 1224 948 Sed
1238 880 1380 962 laudes,
1405 902 1493 972 quas
1509 874 1678 951 hactenns
1700 883 1786 967 tibi,
1812 911 1835 954 o
1853 884 1995 973 Caesar,

122 980 281 1079 Ordinis]
316 984 448 1054 scilicet
468 986 651 1057 senatorii.
726 987 790 1056 nte
809 979 959 1081 quidem]
1012 1009 1054 1053 ex
1077 983 1182 1053 rebus
1204 981 1309 1073 gestis
1330 982 1562 1071 comparasti,
1589 997 1671 1052 sunt
1687 987 1881 1058 multorum
1899 1014 1994 1060 com-

93 1084 215 1152 [ficatio
243 1110 264 1154 a
293 1110 444 1177 persona
465 1087 646 1172 Marcelli,
686 1088 789 1182 quasi
808 1087 959 1156 diceret:
1010 1110 1155 1169 munes,
1192 1084 1370 1154 restitutio
1402 1083 1561 1153 Marcelli
1594 1087 1645 1155 tui
1677 1086 1796 1158 solius.
1871 1090 1995 1187 ltaque

93 1212 120 1254 n
137 1186 236 1255 omni
249 1187 320 1256 vita
338 1189 467 1258 accidit
481 1189 534 1257 illi
549 1185 860 1273 honorificentius,
886 1190 960 1280 glo·
1010 1191 1091 1258 illac
1108 1189 1228 1257 laudes
1245 1187 1288 1256 iis
1304 1212 1345 1255 ex
1359 1186 1522 1256 restituto
1539 1186 1709 1257 Marcello
1725 1192 1836 1281 partis
1850 1192 1994 1266 inferio-

93 1302 157 1359 set
171 1289 318 1373 melius,
344 1317 452 1385 quarn
468 1296 565 1386 quod
579 1306 721 1364 senatus
745 1317 812 1385 pro
834 1318 877 1361 eo
901 1295 960 1361 de·
1010 1317 1087 1376 res,
1113 1292 1206 1360 unde
1218 1287 1340 1358 Livius
1356 1289 1421 1356 ait:
1445 1288 1603 1358 Fortuna
1620 1294 1819 1381 peremnia
1837 1290 1994 1369 bumana

93 1418 139 1462 ,ιιε
154 1403 224 1475 εεῐ,
250 1407 284 1461 et
300 1406 339 1462 tn
353 1395 488 1465 iudicas
505 1420 585 1465 enm
601 1396 667 1465 tibi
678 1397 837 1465 futurum
855 1418 959 1463 orna·
1010 1394 1163 1464 maxime
1180 1393 1219 1460 in
1232 1416 1289 1461 res
1307 1391 1451 1461 bellicas
1467 1404 1611 1482 potens,
1639 1406 1673 1462 et
1685 1393 1828 1467 Curtius
1835 1397 1901 1495 6²):
1927 1400 1994 1471 Fa-

93 1525 116 1575 ·,
143 1506 177 1563 et
192 1495 267 1565 eius
281 1497 541 1566 restitutionem
560 1499 625 1567 tibi
640 1494 771 1568 honori
791 1500 959 1569 futuram.
1009 1500 1156 1567 tendum
1174 1507 1295 1563 tamen
1311 1507 1380 1578 est,
1409 1495 1698 1585 cumplurimum
1720 1498 1843 1569 virtuti
1867 1504 1996 1575 debue-

93 1594 165 1694 oeo]
192 1597 407 1692 scilicetquo
422 1601 603 1671 restitutus
630 1612 800 1685 estate,
834 1625 857 1669 o
873 1600 960 1670 Cae·
1011 1601 1075 1683 rit,
1100 1599 1181 1690 plus
1203 1597 1363 1667 debuisse
1379 1598 1563 1679 fortunae,
1587 1598 1616 1667 si
1638 1599 1683 1668 sit
1706 1603 1914 1689 prudentia,
1941 1608 1995 1681 vis

126 1697 272 1798 Iudicio]
296 1701 428 1772 scilicet
448 1729 521 1797 quo
545 1716 646 1773 tanto
670 1704 787 1774 fructu
810 1703 960 1772 Marcel·
1010 1705 1174 1771 fortunae
1197 1700 1294 1770 nulla
1319 1711 1383 1768 est.
1470 1697 1750 1801 Illustratacoess
1781 1700 1822 1807 lp
1845 1708 1993 1799 quinde-

95 1824 144 1869 on
166 1802 351 1892 indignum
372 1805 547 1877 iudicasti.
629 1812 688 1878 Ba·
709 1802 791 1904 quo]
822 1805 959 1898 Ampli-
1010 1806 1078 1873 cim
1095 1804 1217 1875 diebus
1232 1800 1419 1895 occupavit
1432 1803 1625 1871 maximam
1639 1804 1858 1894 provinciam
1867 1808 1994 1905 Hispa-

110 1904 306 1974 abeneticii
320 1908 576 1998 magnitudine.
625 1910 728 1978 Bona
743 1920 861 1979 autem
876 1932 959 2000 pars
1009 1909 1128 1990 niam,
1152 1919 1187 1975 et
1211 1905 1339 1975 deinde
1362 1929 1447 1972 mox
1464 1905 1616 1975 recurrit
1630 1905 1667 1975 in
1682 1905 1839 1995 ltaliam,
1865 1917 1994 1986 consti-

93 2005 280 2079 atitndinis
301 2010 411 2092 scire,
450 2023 625 2104 quantum
656 2013 797 2083 debeas.
898 2016 960 2082 Eat
1009 2011 1095 2080 tntis
1108 2008 1311 2079 consulibus
1326 2006 1534 2099 properavit
1548 2007 1584 2076 in
1596 2009 1782 2099 Apuliam,
1809 2027 1844 2083 et
1858 2041 1993 2110 pugna-

93 2104 134 2205 )]
161 2103 381 2206 ἐπιφώνημα
405 2112 529 2204 implet
552 2127 588 2182 et
607 2127 712 2205 auget
728 2138 858 2207 corpus
879 2136 959 2180 ora·
1010 2113 1062 2182 vit
1077 2136 1157 2181 cnm
1173 2111 1368 2202 Pompeio,
1395 2121 1430 2178 et
1446 2109 1559 2178 victor
1575 2111 1700 2183 extitit.

93 2261 97 2281 .
178 2211 348 2311 Laetitia]
383 2215 478 2307 Quia
501 2241 624 2287 omnes
646 2229 791 2308 sperant
813 2240 849 2287 sc
871 2239 959 2309 quo·
1114 2211 1147 2306 ᾗ.
1163 2213 1198 2284 6.
1226 2208 1510 2308 θοφίιαιὶοηε“)]
1535 2213 1618 2306 quia
1636 2227 1719 2283 sunt
1737 2239 1844 2310 supra
1867 2217 1994 2295 burna·

93 2313 346 2400 dvossuturos,
370 2331 405 2385 et
420 2319 608 2389 Caesarem
619 2320 866 2390 restituturum
886 2341 958 2388 εεεε
1010 2341 1096 2386 num
1116 2328 1272 2408 captum.
1346 2319 1440 2384 Nam
1460 2312 1613 2413 bellicas]
1638 2316 1853 2392 Extenuatio
1880 2349 1900 2394 a
1927 2327 1994 2397 cir-

93 2427 183 2484 atem
201 2418 386 2508 pristinam
404 2422 714 2512 praestantissimis
730 2422 940 2516 quibusque.
1010 2417 1243 2489 cumstantiis.
1311 2421 1356 2487 ar
1370 2412 1477 2513 certe]
1492 2415 1716 2491 Distributio.
1778 2425 1849 2495 Sed
1862 2434 1993 2525 tamea]

93 2519 110 2605 j.
124 2517 161 2589 4.
188 2525 281 2604 Quod
294 2518 345 2618 ci]
373 2521 552 2602 Locus.ex
574 2500 765 2616 dignilate,
797 2537 832 2594 et
855 2546 959 2613 argn-
1008 2523 1247 2591 antecedens:
1276 2519 1345 2590 Sed
1359 2530 1479 2586 tamen
1497 2542 1554 2590 res
1571 2520 1717 2592 bellicae
1740 2525 1858 2598 minus
1879 2531 1995 2607 laudis

93 2647 136 2689 un
168 2635 293 2691 natum
327 2637 378 2693 cst
408 2651 450 2696 ex
481 2627 563 2696 loco
596 2651 796 2698 causarum.
877 2629 960 2710 Quia
1009 2621 1153 2695 babent.
1231 2616 1406 2718 Vindicat]
1433 2617 1557 2691 zeucbt
1574 2648 1616 2693 zu
1630 2623 1681 2713 jr,
1709 2626 1826 2718 eignet
1838 2629 1873 2720 jr
1888 2658 1942 2705 zu.

93 2719 106 2820 ]
134 2723 378 2798 Coacervatio.
1112 2722 1144 2817 ᾗ.
1162 2723 1197 2794 7.
1221 2717 1378 2818 Atoero]
1403 2720 1524 2793 Altera
1538 2748 1621 2816 pars
1637 2732 1891 2804 antecedentis:
1913 2736 1992 2810 Hoc

93 2827 168 2919 lap.
188 2824 230 2898 ll.
266 2823 298 2918 ἓ.
319 2828 357 2900 4.
395 2832 535 2902 Nullius
562 2826 714 2928 tantum]
756 2823 959 2918 ἀδύνατον,
1009 2832 1141 2898 factum
1157 2828 1197 2895 fit
1211 2825 1360 2897 consilio
1378 2838 1413 2894 et
1430 2826 1590 2911 ratione,
1615 2853 1690 2898 non
1704 2833 1866 2906 fortuito.
1925 2845 1995 2914 Νῖ-

93 2931 311 3021 epropositio
324 2956 390 3023 per
403 2935 708 3024 comparationem
723 2932 761 3000 in
775 2927 868 3000 banc
882 2954 960 3001 sen·
1009 2928 1078 3029 aaz]
1109 2929 1229 2999 Ratio.
1330 2925 1532 3027 Nunquam]
1565 2929 1691 3001 Ratio:
1730 2935 1823 3029 Quia
1849 2939 1993 3015 fortuna

93 3057 142 3102 m:
174 3031 290 3103 Nemo
321 3046 373 3105 est
404 3048 503 3104 tanta
535 3035 738 3131 eloquentia
766 3033 961 3126 praeditus,
1012 3048 1063 3105 est
1085 3056 1210 3126 expers
1231 3030 1380 3101 consilii.
1444 3031 1598 3102 Multum
1622 3029 1754 3106 habent
1774 3035 1862 3110 baec
1884 3048 1991 3119 verba

93 3159 127 3219 r,
153 3135 217 3228 qui
230 3136 342 3227 possit
353 3160 409 3207 res
425 3152 504 3208 tuas
516 3151 650 3229 gestas,
681 3162 756 3207 non
771 3138 886 3206 dicam
904 3159 961 3205 cx·
1010 3133 1233 3207 urbanitatis.

93 3263 128 3322 e,
153 3239 214 3307 sed
231 3263 417 3322 enarrare,
452 3241 623 3334 equibus
644 3253 764 3310 tamen
783 3263 859 3309 non
883 3250 961 3307 tan·
1113 3238 1199 3328 Cap.
1224 3232 1281 3306 lll.
1315 3230 1348 3325 ξ.
1369 3235 1404 3305 8.
1444 3233 1635 3335 Domuiata']
1669 3238 1848 3313 Minorem
1874 3251 1991 3339 primo

93 3340 211 3423 audis,
243 3356 417 3433 quantum
438 3367 481 3411 ex
498 3343 668 3412 Marcello
689 3344 853 3413 restituto
877 3366 960 3410 con·
1011 3341 1148 3434 posuit,
1174 3338 1276 3434 qnasi
1294 3338 1442 3406 diceret:
1468 3338 1605 3410 facilius
1628 3353 1679 3412 est
1700 3344 1843 3416 vincere
1864 3345 1995 3440 hostes,

93 3469 188 3526 ιεεε,
214 3446 381 3538 adquam
399 3457 568 3539 tanquam
587 3448 631 3514 ad
655 3471 801 3538 scopum
827 3442 960 3526 omnia,
1011 3468 1118 3539 quarn
1149 3443 1306 3509 affectus.
1396 3437 1538 3538 Gentes]
1571 3440 1604 3508 A
1625 3444 1841 3521 difficultate.
1933 3461 1994 3531 θο-

93 3546 130 3614 ἰιι
152 3545 266 3636 priori
287 3559 389 3637 parte
410 3543 514 3617 buius
537 3548 711 3618 orationis
733 3572 798 3639 per
817 3548 960 3638 longam
1008 3541 1164 3642 piarum]
1198 3542 1231 3609 A
1250 3541 1401 3610 minore·
1493 3539 1619 3642 Nulla]
1651 3546 1786 3647 γνώμη
1807 3575 1826 3619 a
1846 3557 1992 3634 maiore.

93 3650 245 3717 ationem
276 3651 460 3734 dicuntur,
493 3653 678 3720 reserenda
701 3663 795 3720 snnt.
860 3648 960 3716 Hanc
1010 3643 1103 3745 Deo]
1130 3647 1212 3717 Non
1228 3644 1321 3712 enim
1339 3655 1391 3712 est
1404 3638 1621 3730 humanum,
1646 3652 1707 3718 sed
1723 3647 1920 3731 heroicum.

93 3753 264 3822 ›sitionem
287 3753 450 3843 primum·
477 3755 666 3823 confirmat
691 3751 879 3822 collatione
906 3775 961 3820 re·
1114 3744 1145 3840 ᾗ.
1162 3748 1198 3817 9.
1224 3742 1360 3842 ltaque]
1386 3744 1575 3817 Conclusio
1590 3750 1743 3824 duorum
1767 3777 1993 3850 argumento-

93 3854 279 3925 ‚Romanis
291 3856 566 3947 imperatoribus
580 3869 616 3926 et
630 3855 758 3926 exteris
771 3867 961 3947 gestarum,
1012 3876 1111 3935 rum,
1137 3851 1262 3943 inqua
1288 3849 1423 3918 confert
1444 3849 1727 3925 aestimationem
1753 3874 1787 3930 et
1811 3861 1994 3953 iudicium,

94 3983 111 4028 ε
126 3981 184 4027 res
208 3958 369 4029 Caesaris
389 3960 565 4050 praefert..
615 3997 618 4002 .
1013 3979 1084 4049 quo
1101 3951 1280 4044 excepturi
1292 3964 1375 4021 snat
1390 3974 1446 4021 res
1458 3952 1552 4021 bello
1566 3968 1680 4045 gestas
1694 3984 1773 4030 cum
1798 3958 1867 4034 boc
1889 3967 1994 4043 facto'.

93 4059 113 4150 l.
129 4057 166 4133 5.
190 4056 307 4157 Soleo]
335 4061 567 4130 Confirmatio
580 4083 605 4129 a
621 4072 751 4131 natura
766 4059 872 4144 tacti,
894 4071 961 4130 est-
1011 4059 1116 4128 Nullo
1130 4056 1178 4154 θ’)
1202 4050 1367 4152 anquam]
1401 4054 1639 4147 Amplilicatio
1665 4084 1685 4128 a
1708 4062 1994 4144 circumstantiis.

93 4187 164 4235 »cns
182 4165 227 4232 ab
242 4158 405 4235 honesto.
432 4161 566 4257 ἄλλως.
602 4162 809 4245 Concessio,
836 4163 874 4230 in
891 4185 961 4255 qua
1015 4161 1187 4230 italorum
1207 4152 1306 4252 sono]
1334 4157 1435 4251 quasi
1450 4158 1595 4226 diceret:
1623 4160 1703 4232 illae
1718 4164 1839 4239 laudes
1858 4170 1993 4266 aliquid

93 4252 242 4337 licat'res
255 4267 410 4349 bellicas,
435 4265 518 4359 qnia
533 4265 719 4335 videbatur
736 4288 794 4335 eas
809 4263 961 4333 nimium
1012 4261 1194 4333 molestiae
1210 4254 1343 4327 habent
1357 4273 1504 4351 propter
1517 4260 1709 4345 clamorem
1725 4268 1898 4357 militum,
1926 4271 1995 4348 boc
2059 4303 2061 4306 ’

93 4395 186 4441 nare.
249 4366 333 4437 ldeo
354 4368 474 4439 statim
497 4369 648 4459 opponit
672 4367 961 4458 occupationem:
1014 4377 1078 4449 est,
1096 4389 1171 4433 non
1186 4363 1376 4430 admodum
1392 4373 1512 4450 gratae
1528 4377 1622 4435 sunt.
1690 4373 1761 4454 Qtto
1777 4371 1906 4474 sardio]
1924 4372 1993 4451 hoc

93 4498 151 4543 rae
166 4473 205 4541 in
219 4472 313 4540 bello
331 4485 447 4563 gestae
463 4484 546 4541 sunt
563 4470 755 4552 maximae,
783 4481 817 4537 et
840 4482 892 4539 est
913 4469 961 4537 ita
1014 4481 1077 4550 est,
1093 4491 1200 4563 quam
1218 4459 1446 4531 vehementer
1462 4464 1629 4539 afficiunt.
1687 4475 1766 4543 Non
1781 4474 1894 4577 modo]
1909 4479 1994 4552 Αιιι-

93 4578 205 4645 aratio
241 4600 321 4644 cum
361 4575 440 4645 aliis
480 4573 621 4664 regibus
658 4584 694 4641 et
733 4571 963 4663 principibus.
1013 4569 1181 4662 plificatio
1206 4590 1250 4634 ex
1272 4564 1421 4633 minori:
1465 4565 1611 4638 Summa
1633 4569 1710 4644 lans
1735 4588 1786 4647 est
1811 4580 1995 4678 principis,

93 4675 173 4777 tais]
198 4678 306 4747 Aliud
323 4689 593 4759 ornamentum,
620 4688 740 4768 estque
761 4673 963 4745 distributio
1015 4673 1112 4766 quod
1123 4681 1204 4762 post
1217 4666 1403 4735 victoriam
1416 4669 1537 4738 omnia
1552 4673 1697 4745 consilia
1712 4679 1757 4747 ad
1770 4704 1993 4758 communem

92 4782 347 4863 nstantiarum,
376 4804 472 4873 quae
497 4788 719 4869 exaggerant.
795 4771 964 4872 Numero]
1014 4772 1306 4868 tranquillitatem
1325 4771 1506 4856 conferat,
1533 4786 1566 4841 et
1590 4787 1703 4847 totam
1726 4788 1993 4877 rempublicam,

93 4885 220 4957 Caesar
241 4884 350 4975 signis
371 4882 508 4952 collatis
520 4906 600 4950 cum
615 4877 715 4951 hoste
732 4878 965 4973 quinquagies
1015 4888 1188 4970 quantum
1214 4872 1390 4965 reliquum
1418 4885 1489 4958 est,
1521 4876 1640 4968 cupiat
1661 4885 1807 4956 salvam.

93 5122 145 5174 cac.
165 5121 243 5184 epist.
262 5121 297 5169 aa
314 5117 398 5169 amat.
413 5117 462 5180 ιιι,
478 5102 506 5178 r,
524 5115 566 5166 a:
590 5113 637 5165 aa
653 5112 725 5163 enam
741 5111 882 5176 marat,
898 5108 966 5160 aaa
1045 5105 1098 5165 aa)
1116 5104 1193 5158 cust.
1206 5106 1244 5169 x,
1257 5106 1287 5170 a,
1303 5105 1347 5158 aa.
1364 5106 1429 5168 (ra.
1450 5110 1666 5179 samaruga.

93 5192 130 5310 :¹⁴¹
153 5203 232 5309 {⁸³33
263 5189 334 5306 apd
357 5185 550 5236 ‘¹¹¹¹>1‘2‘10110ffl
572 5184 686 5235 ‘m‘
708 5183 750 5246 ⁰¹2
779 5194 864 5245 W
886 5191 965 5244 ‘¹⁸⁰¹‘
1048 5206 1305 5271 aestumat]
1325 5207 1641 5278 stera.raee.eta1.;
1669 5190 1996 5276 connumeratae,

116 5272 151 5324 po
166 5273 195 5309 εε
226 5274 257 5322 ε,
280 5272 332 5309 cc.

93 5347 169 5405 rere]
187 5344 229 5394 sio
247 5343 298 5394 Ea
315 5340 388 5392 ¹568.
407 5342 434 5389 et
452 5338 506 5401 at.;
531 5335 581 5387 Ed.
600 5335 687 5388 orell.
704 5346 783 5387 vero.
1049 5310 1098 5372 ⁶⁴)
1118 5310 1315 5377 ⁰⁰9ll⁰il⁰²¹01
1334 5310 1376 5362 ¹²⁰
1392 5312 1443 5362 Ed·
1459 5315 1551 5380 ¹5⁶8&
1575 5316 1624 5367 Μ
1644 5317 1730 5368 orell.
1748 5324 1896 5388 cogttatto.

93 5429 163 5494 outa
179 5429 237 5486 eat]
255 5423 468 5484 stoEd.1tte.;
491 5419 541 5471 tta
560 5419 649 5473 orell.
666 5418 739 5485 onte
753 5418 829 5472 aaa
845 5419 898 5472 ort.
1050 5415 1100 5478 tt)
1117 5412 1224 5478 Nullo]
1242 5415 1460 5481 sto·x‹t.1aaa.;
1483 5417 1532 5469 Et.
1552 5419 1640 5469 orell.
1656 5432 1747 5486 “²2²0
1764 5425 1836 5478 gu„

93 5535 170 5581 arn
193 5515 299 5579 Orra.
323 5512 406 5573 Vos.
429 5509 520 5571 XVI.
1344 5485 1388 5554 61
