4544 5766
184 204 262 280 sos
473 197 676 274 SCRIPTA
696 197 775 274 ΡΗ.
796 197 910 273 ΜΗ..
932 197 1002 269 an
1016 194 1237 279 ll'l'lllGEN·
1251 196 1593 283 B'l'l’tlbllssOEN
1616 200 1928 281 uncrinus
2131 202 2219 283 md

185 402 203 443 .·
293 376 483 449 Caeterum
495 372 669 466 disputari
685 384 804 465 posset
824 395 845 441 a
865 372 1105 465 sapientibus,
1129 394 1177 442 an
1227 402 1312 461 vos,
1337 400 1493 472 quorum
1515 376 1745 474 uliquileerte
1766 376 1851 450 iusti
1873 389 1999 463 erant,
2031 378 2126 450 etin
2151 375 2222 451 hoe

183 480 241 552 lta
263 495 357 552 recte
379 479 623 549 consuleretur
644 475 868 547 conscientiis
892 477 1000 546 etiarn
1021 477 1061 545 in
1082 475 1177 545 iura-
1228 504 1311 550 casu
1326 480 1545 552 innocentes.
1596 479 1647 549 Et·
1665 475 1798 552 sciebat
1820 482 1860 551 in
1877 480 2222 555 conminationibus

187 585 319 654 mentis
338 595 436 651 rnetn
457 580 624 663 extortis,
656 577 687 649 si
707 581 763 648 lex
786 577 995 670 simpliciter
1017 602 1178 671 pronun·
1230 582 1343 675 excipi
1364 582 1643 676 poenitentiam,
1676 585 1767 655 sicut
1789 583 1885 656 Deus
1909 583 1985 675 ipse
2006 584 2157 678 excipit,
2181 601 2223 658 ut

190 687 297 761 tiaret
320 685 521 755 iuramenta
544 682 744 752 latronibus
768 684 851 752 data
873 707 949 751 uon
969 683 1110 761 valere,
1144 693 1180 748 et
1230 686 1385 757 ostendit
1399 681 1549 755 historia
1564 682 1673 754 lonae
1700 686 1862 783 (3‚10‚)‚

188 785 396 886 prohiberet
424 787 515 858 solvi
542 784 737 878 promissa,
777 784 868 854 sicut
898 796 934 854 et
961 784 1000 854 in
1028 783 1177 856 Numer.
1333 788 1550 883 Quanquam
1568 801 1688 857 autem
1708 790 1824 860 Nabal
1840 813 1915 859 non
1936 787 2010 879 agit
2034 790 2222 882 poeniten.

191 917 269 984 cap.
285 892 347 974 30,
371 888 532 984 (4-9.)
556 887 728 980 scriptum
757 900 826 957 est:
867 886 957 957 Cum
986 899 1089 979 pater
1118 897 1181 954 aut
1232 890 1338 976 tiam,
1360 904 1481 961 tamen
1494 890 1633 985 reliqua
1649 892 1784 961 lanulia
1797 906 1850 963 est
1864 892 2016 983 placata,
2042 890 2126 962 ideo
2138 917 2225 986 par-

188 995 340 1064 maritus
357 993 606 1062 contradicunt
621 990 763 1060 mulieri
780 989 990 1083 iuranti²⁴),
1021 1013 1097 1057 non
1119 1013 1181 1057 va-
1232 990 1561 1064 cithonestissimae
1576 993 1831 1088 matronaeffi),
1854 994 2223 1080 etfamifiae‚et1)00

189 1098 264 1168 lere
284 1096 547 1177 iuramentum,
586 1107 622 1163 θῑ
645 1117 723 1162 eam
746 1117 819 1175 ¹¹0ss
840 1093 918 1161 fieri
941 1117 1060 1175 ream,
1100 1115 1180 1161 cum
1232 1097 1364 1188 gratias
1387 1097 1478 1188 agit,
1502 1097 1600 1191 quod
1625 1095 1859 1168 interveniret
1881 1095 2041 1188 abigail,
2066 1123 2112 1170 ne
2136 1102 2226 1195 quid

188 1224 266 1270 uon
281 1212 400 1270 servat
415 1198 669 1267 iuramentum.
721 1195 792 1266 Sed
816 1192 909 1263 hane
931 1193 1177 1290 quaestionem

193 1301 273 1372 aliis
286 1301 453 1395 relinquo
477 1299 704 1391 cogitandam
726 1311 931 1368 reverenter
953 1301 997 1369 de
1019 1321 1058 1367 re
1082 1308 1180 1366 tanta

192 1404 444 1476 iudicantibus.

294 1592 358 1663 De
391 1587 785 1680 interpretatione
812 1586 1078 1659 iuramenti.

294 1744 378 1819 Non
393 1741 578 1836 loquimur
593 1743 637 1809 de
651 1737 852 1833 sophisticis
866 1740 1095 1825 iuramentis,
1113 1738 1183 1809 ubi

191 1848 329 1923 luditur
354 1843 583 1934 ambiguitate
606 1846 820 1927 verborum,
861 1856 901 1913 ut
928 1844 1040 1912 multa
1064 1853 1185 1912 extant

192 1951 354 2044 exempla
377 1949 415 2016 in
435 1941 612 2029 historiis,
644 1947 771 2040 utqui
793 1958 917 2039 pactus
945 1947 1089 2037 triginta
1111 1944 1184 2013 die·

193 2083 275 2130 rum
298 2050 479 2133 inducias,
510 2062 620 2119 noctu
641 2050 883 2141 populabatur
903 2048 1075 2143 agros¹⁵).
1131 2045 1184 2114 lbi

193 2160 327 2233 dictum
356 2152 539 2223 communi
559 2175 659 2220 more
684 2165 778 2220 recte
803 2152 1027 2246 loquentium
1049 2149 1184 2243 perspi-

194 2287 302 2336 cuum
327 2269 409 2339 est,
438 2255 500 2323 sed
523 2255 740 2325 calumniose
762 2257 998 2347 depravatur,
1040 2266 1075 2321 et
1098 2253 1184 2323 tales

130 2370 139 2381 ’
194 2360 407 2464 praestigiae
424 2381 499 2426 non
517 2370 666 2450 possunt
680 2359 810 2448 regulis
827 2354 1096 2448 comprehendi,
1122 2358 1184 2426 sed

194 2466 386 2542 autoritate
408 2461 633 2555 superiorum
657 2461 834 2532 tollendae
863 2473 956 2530 suut.
1025 2459 1094 2529 Sed
1122 2458 1184 2527 ubi

196 2571 306 2642 verba
324 2563 509 2663 perspicua
528 2578 629 2648 sunt,
656 2576 691 2633 et
708 2566 806 2634 nulla
829 2562 1008 2633 cavillatio
1034 2574 1104 2646 est,
1131 2561 1184 2629 in-

186 2668 336 2749 terdum
362 2669 527 2738 accedere
553 2667 885 2762 interpretationem
919 2677 1071 2758 oportet.
1135 2663 1186 2732 Ut

195 2775 325 2873 aliquis
353 2772 449 2841 iurat
477 2795 514 2840 se
546 2773 713 2840 daturum
746 2769 847 2839 alteri
867 2782 1000 2838 certam
1025 2769 1185 2849 domurn,

194 2879 283 2953 baec
298 2879 425 2945 domus
440 2872 534 2964 perit
551 2872 735 2954 incendio,
762 2869 818 2941 bic
838 2869 1103 2964 impossibilitas
1123 2871 1185 2936 ad-

197 2983 251 3055 dit
272 2977 366 3049 hanc
389 2974 745 3066 interpretationem,
771 2974 921 3056 scilicet,
954 2973 985 3042 si
1005 2997 1060 3041 res
1085 2996 1186 3040 man-

198 3085 285 3158 serit
301 3082 339 3148 in
355 3079 478 3147 eodem
501 3089 613 3159 statu,
640 3089 675 3144 et
688 3079 729 3144 fit
745 3077 844 3145 irrita
862 3075 1065 3168 promissio.

300 3180 434 3251 Milites
464 3179 674 3248 iuraverunt
704 3205 741 3249 se
768 3180 848 3249 duci
878 3179 1186 3269 obtemperaturos

198 3313 294 3370 esse,
327 3285 415 3353 duce
438 3293 560 3374 capto,
593 3283 791 3353 liberantur
813 3285 858 3352 ab
879 3275 947 3349 hac
974 3280 1186 3351 obedientia.

196 3390 250 3465 lta
266 3387 378 3459 facilis
394 3399 446 3456 est
459 3385 718 3477 interpretatio,
743 3386 858 3456 ubire
877 3396 1012 3453 mutata
1027 3383 1187 3477 sequitur

188 3489 476 3591 ¹impossibilitas.
1040 3571 1043 3579 ἱ

190 3648 193 3656 -
300 3592 482 3665 Interdum
504 3616 653 3685 sequens
670 3589 842 3660 iniustitia
861 3590 961 3659 addit
976 3590 1187 3681 interpreta-

197 3698 347 3774 tionem.
399 3695 449 3765 Ut
468 3695 601 3765 iuravit
616 3693 744 3787 aliquis
759 3719 795 3762 se
815 3694 1038 3762 redditurum
1047 3693 1093 3786 ²⁸)
1115 3717 1187 3762 esse

194 3790 378 3896 gladium,
402 3822 477 3869 non
492 3797 642 3869 reddens
656 3795 791 3865 furioso
808 3809 902 3865 recte
920 3795 1016 3866 facit.

192 3922 196 3930 “
304 3901 405 3975 Talis
422 3912 475 3970 est
496 3912 595 3968 cas'us
608 3897 778 3993 Davidis,
810 3899 873 3992 qui
897 3898 993 3967 iurat
1019 3922 1056 3967 se
1080 3896 1188 3964 inter-

198 4008 374 4079 fecturum
392 4028 465 4074 esse
482 4002 597 4073 Nabal
611 4015 646 4070 et
666 4001 740 4072 eius
760 4000 1011 4096 familiam⁹⁷)‚
1046 4013 1081 4069 et
1104 3999 1187 4093 quia

1233 1199 1358 1270 durius
1373 1201 1504 1268 faceret
1523 1200 1577 1293 (1.
1594 1200 1690 1270 Sam.
1705 1198 1769 1283 25,
1783 1199 1993 1295 32-34.).

1334 1299 1375 1371 lu
1391 1300 1483 1371 bam
1498 1301 1711 1371 seutentiam
1736 1303 1861 1372 dicunt
1883 1303 2144 1390 iurisconsulti,
2170 1306 2226 1378 iu-

1232 1417 1395 1474 ramenta
1412 1407 1530 1474 calore
1547 1404 1753 1475 iracundiae
1768 1408 1881 1489 factet,
1906 1430 1981 1474 uon
2006 1402 2139 1478 babere
2159 1434 2225 1481 an·

1234 1507 1427 1578 toritatem.
1474 1508 1580 1600 Quod
1596 1507 1730 1577 dictum
1746 1521 1867 1577 tamen
1883 1533 1963 1578 suas
1976 1521 2089 1583 metas
2103 1507 2227 1597 hebet,

1234 1624 1364 1680 utnon
1380 1611 1517 1692 valent,
1542 1636 1622 1679 curu
1639 1624 1802 1680 secutura
1818 1625 1872 1682 est
1886 1611 2071 1686 iniustitia.

1338 1711 1402 1782 Est
1424 1726 1545 1783 autem
1575 1708 1816 1804 pulcherrima
1843 1713 1964 1806 imago
1994 1715 2033 1785 in
2063 1718 2227 1812 exemplo

1234 1813 1444 1910 Abigaitv).
1975 1881 1982 1905 „

1336 1918 1393 1988 Sic
1409 1916 1706 1988 comminationes
1721 1919 1865 1989 divinae
1880 1919 2129 2010 intelliguntur
2144 1947 2226 1993 cum

1236 2020 1440 2112 exceptione
1463 2021 1726 2114 poenitentiae,
1761 2047 1840 2092 crem
1863 2021 2019 2093 Ecclesia
2040 2025 2079 2093 fit
2101 2028 2228 2118 depre-

1235 2123 1359 2206 catrix‚
1386 2123 1483 2194 Deus
1499 2122 1619 2194 multis
1638 2124 1770 2215 parcit,
1798 2139 1833 2194 et
1848 2137 1968 2195 tamen
1982 2151 2046 2196 suo
2064 2139 2227 2222 tempore

1235 2227 1350 2296 Nabal
1375 2227 1530 2311 tollitur,
1564 2224 1729 2295 videlicet
1752 2227 1830 2312 isti,
1864 2229 1927 2323 qui
1948 2230 2133 2323 praecipui
2155 2231 2228 2304 suis

1234 2329 1414 2399 furoribus
1429 2329 1572 2399 irritant
1587 2327 1678 2398 iram
1694 2324 1781 2417 Dei,
1816 2343 1851 2400 et
1869 2356 1945 2401 non
1968 2347 2079 2423 agunt
2099 2335 2226 2428 poeui-

1236 2431 1400 2503 tentiam.

1337 2533 1492 2603 Facilior
1510 2546 1561 2605 est
1573 2533 1759 2627 responsio
1784 2537 1827 2605 de
1841 2533 1962 2621 Iosue,
1988 2537 2051 2632 qui
2071 2540 2229 2610 servavit

1236 2636 1529 2732 Gabaonitasw),
1567 2664 1647 2708 cum
1676 2639 1733 2707 lex
1759 2638 1881 2708 divina
1913 2639 2070 2712 iussisset
2103 2639 2227 2715 omnes

1237 2739 1447 2811 Cauanaeos
1479 2739 1607 2824 deleri,
1640 2753 1688 2810 mt
1714 2741 1900 2826 Deutsso,
1924 2742 2021 2840 (17.)
2053 2744 2226 2838 scriptum

1237 2856 1299 2914 est.
1352 2845 1569 2935 Quanquam
1584 2841 1686 2913 losue
1710 2847 1875 2936 deceptus
1899 2858 1995 2930 erat,
2023 2859 2057 2915 et
2080 2863 2228 2943 propter

1238 2970 1397 3015 errorem
1417 2944 1658 3015 iuramentum
1674 2946 1862 3017 videbatur
1884 2972 1958 3018 esse
1980 2949 2144 3036 irritum,
2178 2966 2229 3022 ta·

1237 3072 1320 3117 men
1336 3073 1410 3116 non
1426 3059 1542 3118 mutat
1556 3048 1753 3138 promissa,
1780 3053 1841 3120 sed
1861 3052 2012 3121 antefert
2034 3052 2229 3125 iuramenti

1237 3151 1475 3220 reverentiam
1491 3151 1681 3234 mandato,
1707 3152 1745 3219 in
1768 3178 1840 3247 qno
1864 3153 1942 3246 ipso
1959 3168 2081 3225 tamen
2093 3158 2230 3228 sciebat

1239 3250 1331 3324 banc
1366 3253 1699 3344 interpretationem
1727 3252 2019 3346 comprehensam
2052 3284 2150 3345 esse,
2190 3274 2229 3330 ut

1238 3369 1445 3449 parceretur
1473 3356 1709 3447 supplicibus,
1751 3358 1842 3428 sicut
1873 3383 2034 3451 expresse
2056 3362 2228 3456 scriptum

1240 3473 1292 3530 est
1313 3460 1419 3530 Deut.
1435 3461 1497 3541 20,
1522 3458 1630 3553 (11.).
1687 3460 1878 3530 Praeterea
1901 3475 1937 3531 et
1957 3464 2121 3535 omnium
2144 3491 2228 3558 gen-

1239 3562 1349 3647 tium,
1374 3562 1412 3631 in
1429 3562 1558 3655 quibus
1572 3561 1762 3632 mediocris
1779 3589 1862 3633 cura
1883 3564 1951 3634 suit
1967 3565 2080 3637 iustae
2100 3571 2228 3660 guber.-

1239 3665 1417 3748 nationis,
1444 3690 1522 3735 mos
1536 3664 1604 3734 fuit
1619 3690 1764 3755 parcere
1779 3666 2014 3758 supplicibus:

1290 3775 1368 3864 μηδ’
1391 3779 1496 3856 ἱκέτας
1517 3775 1654 3858 ἀδικεῖν,
1681 3778 1781 3845 ἱκέται
1805 3781 1892 3868 ἱεροί
1912 3808 1944 3848 τε
1966 3788 2021 3849 καὶ
2042 3783 2146 3869 ὄγκοι.

1240 3885 1280 3955 ln
1308 3884 1377 3956 hoc
1400 3883 1651 3956 honestissimo
1677 3913 1777 3956 more
1797 3888 1893 3959 Deus
1916 3889 2023 3959 etiam
2032 3890 2080 3987 ⁸¹)
2106 3892 2229 3986 imagi·

1239 4014 1323 4058 nem
1341 4013 1424 4059 suae
1442 3988 1649 4058 clementiae
1667 3991 1866 4081 proposuit.
1918 3993 2004 4063 Vult
2025 3995 2128 4086 parci
2149 4021 2230 4090 sup-

191 4136 262 4181 ·rex
283 4121 377 4191 erat,
407 4119 444 4177 et
468 4106 673 4192 defenderat
697 4128 817 4195 greges
834 4102 970 4186 Nabal,
1003 4103 1189 4172 videbatur
1237 4093 1410 4185 plicibus,
1443 4091 1576 4174 idest,
1610 4090 1672 4175 iis,
1708 4093 1769 4187 qui
1791 4109 1988 4185 agnoscunt
2009 4096 2172 4189 culpam,
2199 4116 2247 4170 et

200 4213 330 4285 iustam
346 4212 421 4280 irae
439 4234 583 4279 causam
601 4203 748 4289 babere3
782 4207 843 4278 sed
859 4232 938 4276 cum
957 4206 1190 4275 interveniret

200 4312 424 4408 deprecatrix
438 4312 598 4404 Abigail,
625 4335 772 4403 prorsus
796 4309 917 4380 abiicit
930 4308 1049 4379 David
1076 4308 1190 4378 consi-

199 4418 288 4488 lium
311 4419 355 4486 de
380 4416 555 4498 vindicta,
590 4414 729 4484 etiamsi
752 4413 856 4484 aliter
878 4413 1069 4483 iuraverat.
1120 4413 1191 4482 Sed

196 4520 292 4591 'vidit
320 4531 521 4590 secuturam
549 4543 622 4588 esse
655 4516 886 4601 iniustitiam,
920 4516 1050 4589 iniuste
1083 4516 1192 4584 inter-

195 4624 338 4694 fecisset
352 4621 445 4692 illius
460 4645 609 4690 uxorem
625 4633 830 4690 matronam
857 4634 1035 4704 sanctam,
1063 4633 1097 4689 et
1119 4644 1191 4688 ser-

204 4782 412 4805 ,..-.....

194 4892 197 4897 -
233 4860 285 4928 2⁴)
303 4860 421 4917 terenti]
440 4857 480 4906 sie
497 4859 571 4905 recte
587 4856 663 4905 Edit.
679 4855 771 4921 tem
806 4857 834 4906 in
852 4857 936 4908 unu.
951 4856 1043 4923 1161,
1070 4855 1145 4908 1517.
1164 4861 1192 4906 et

270 4932 346 4989 awo.
364 4927 482 4978 turondt.
877 4955 879 4960 ·

233 5034 284 5094 tt)
304 5032 386 5096 Ceut.
403 5039 488 5092 supro
505 5040 530 5090 p.
547 5027 607 5080 100.
626 5029 691 5075 note
704 5018 747 5076 10.

233 5133 285 5200 96)
308 5130 491 5190 redditurum]
521 5129 563 5178 sic
589 5128 674 5177 Edttt.
697 5125 790 5184 tm,
830 5126 904 5177 lasa.
930 5135 957 5178 et
987 5129 1078 5194 roem
1119 5130 1193 5184 Edit.

271 5204 346 5261 troo,
366 5208 478 5272 typogr.
496 5210 609 5252 errore:
637 5195 797 5246 rediturum.

233 5306 284 5371 17)
303 5308 326 5358 1.
343 5308 415 5358 Sanc
428 5304 474 5361 25,
492 5302 527 5354 tt
540 5315 600 5367 sqq.
642 5300 683 5349 De
701 5301 750 5348 troc
768 5297 883 5347 Devtdts
903 5298 1056 5351 iuramento
1075 5303 1193 5353 diuert-

270 5381 316 5427 tor
342 5375 371 5425 in
396 5372 507 5424 [terrui
531 5371 654 5421 soeundt
681 5371 776 5432 perte.
806 5377 890 5416 ceum
907 5369 995 5418 ΧΧΙΙ.
1019 5375 1127 5432 quaest.
1144 5373 1193 5426 lv.

260 5457 283 5494 e.
299 5445 324 5493 a
345 5443 445 5507 (corp.
466 5442 521 5496 aar.
537 5451 635 5493 naon.
652 5439 696 5493 sd
713 5437 827 5491 uttam
844 5436 875 5492 P.
886 5437 908 5491 1.
924 5450 950 5502 p.
964 5436 1048 5505 m).

1243 4197 1399 4264 offerunt
1420 4219 1455 4263 se
1480 4196 1524 4262 ad
1546 4219 1720 4286 poenam,
1756 4209 1791 4266 et
1812 4212 1938 4289 petunt
1956 4199 2247 4290 mitigationem.

1241 4299 1318 4368 Hoc
1334 4321 1522 4366 commune
1540 4297 1593 4366 ius
1609 4298 1809 4390 supplicum
1833 4300 1969 4371 violare
1986 4303 2212 4394 turpissimu

1241 4402 1363 4473 fuisset
1380 4400 1460 4471 duci
1476 4401 1550 4469 eius
1566 4401 1711 4492 populi,
1739 4403 1800 4496 qui
1814 4404 1940 4475 unicus
1964 4404 2003 4473 in
2026 4408 2132 4480 terris
2157 4435 2216 4481 era
2228 4434 2272 4471 a

1242 4505 1395 4599 populus
1411 4502 1499 4587 Dei,
1533 4517 1568 4574 et
1587 4505 1777 4601 praecipue
1797 4506 2017 4599 intelligebat
2040 4522 2074 4578 et
2093 4510 2217 4584 coleba
2229 4537 2272 4571 ἐ

1243 4607 1415 4679 iustitiam
1434 4619 1469 4674 et
1483 4605 1570 4676 atlias
1589 4607 1748 4681 virtutes.

1278 4880 1327 4938 28)
1346 4879 1503 4936 matronae]
1522 4879 1561 4926 sic
1578 4878 1662 4932 Edttt.
1681 4879 1773 4941 1511..
1801 4881 1875 4932 1³54.
1893 4884 1921 4930 et
1942 4880 2036 4946 tuat,
2070 4883 2177 4938 Edit!
2204 4898 2222 4927 a

1313 4951 1424 5009 typogr.
1444 4958 1555 4996 errore:
1578 4951 1704 4999 matroni.

1276 5033 1326 5091 11)
1344 5032 1468 5095 attgeit]
1492 5031 1532 5080 stc
1550 5033 1634 5082 ltdttt.
1657 5034 1730 5085 1562.
1750 5038 1778 5084 et
1796 5036 1889 5099 aaut&
1918 5037 2003 5086 rute
2018 5037 2092 5089 1111.
2111 5045 2140 5090 st
2161 5042 2259 5093 1110,

1312 5117 1421 5180 abiget.
1455 5116 1508 5166 lttn
1523 5117 1612 5167 forma
1628 5118 1715 5167 reddit
1728 5118 1802 5170 hebr.
1816 5121 1925 5181 pisum
1943 5102 2065 5187 itm,
2086 5124 2156 5176 hece
2168 5139 2245 5178 sore

1313 5204 1430 5250 tractam
1455 5180 1558 5267 ΒΜ..
2044 5189 2050 5199 '

1280 5286 1331 5346 St)
1349 5287 1412 5339 vid.
1432 5287 1486 5336 los.
1499 5286 1527 5350 1,
1547 5288 1581 5337 18
1595 5277 1653 5350 κῃ.

1279 5373 1536 5494 „iugalium
1555 5373 1595 5424 sis
1613 5374 1696 5425 leuitt.
1713 5376 1802 5443 1564„
1822 5376 1898 5428 tw.
1914 5381 1941 5428 et
1957 5379 2049 5444 taoo.;
2068 5381 2142 5434 eut.
2158 5384 2233 5437 retr.

1304 5455 1331 5492 ιο
1491 5480 1499 5499 ι
1711 5484 1717 5493 ²
1836 5458 1840 5463 .
1891 5458 1894 5463 .
