4544 5766
119 211 196 304 aas
388 204 830 281 smirnamum
851 206 919 277 ιιι
942 205 1154 281 arment
1174 205 1245 277 αι
1271 200 1526 293 soranum
1554 202 1867 280 sescrxnru
2072 200 2150 277 sas

175 382 313 462 Sic
303 400 342 451 m
365 381 542 459 ueteribus
563 381 759 452 canonibus
780 382 852 451 duo
876 383 1007 499 madiis
1027 391 1112 451 sunt
1162 391 1231 449 stes
1246 378 1343 468 apud
1355 375 1669 474 Euripidemlli,
1674 393 1712 450 et
1723 379 1897 449 Adrastus
1923 377 2019 470 apud
2035 373 2152 446 Herm

128 512 342 582 poenarum:
370 484 574 576 Separatio,
608 478 878 578 ἀφορίζεσθαι,
913 497 949 553 et
973 489 1112 555 excom·
1162 484 1289 550 dotum
1297 475 1364 574 11)
1388 481 1520 550 scilicet
1535 484 1736 555 velamenta
1750 495 1846 552 certa
1866 482 1906 552 in
1925 480 2089 571 capite.
2086 477 2156 549 Et

128 589 343 670 municatio,
368 582 729 679 ἀναθεματίζισθαί.
1164 585 1259 701 apud
1272 581 1482 675 Euripidem
1498 584 1642 656 Orestes
1663 585 1817 655 comedit
1841 584 1955 666 solus,
1974 607 2048 652 nec
2069 581 2175 675 hcet
2173 592 2175 623 ¹

230 689 416 783 Separatio
432 701 484 760 est
496 713 631 780 poena,
656 711 727 783 qua
748 682 859 758 homo
885 714 951 781 per
972 703 1113 760 senten
1164 711 1197 755 er
1186 686 1333 755 'adesse
1349 688 1531 757 communi
1550 713 1705 759 mensae.
1756 686 1804 758 Et
1823 689 1918 778 apud
1936 681 2151 777 Sophoclem

128 795 216 864 tiam
234 791 409 867 Ecclesiae
438 791 576 882 cogitur
598 790 1113 885 aliquantisperintermitte're
1164 787 1324 880 Oedipus
1354 789 1508 862 moestus
1536 815 1577 860 re
1608 792 1770 883 cognita,
1791 826 1794 832 ·
1818 814 1862 859 ex
1891 786 2027 860 Thebis
2057 785 2175 883 eiici-¹

129 897 286 967 officium
308 896 509 987 publicum,
548 906 583 964 et
608 919 712 964 usum
742 909 1046 968 sacramentorum
1055 893 1114 990 11),
1165 890 1314 988 tur⁷⁹).'
1364 934 1400 957 ν,
2144 922 2148 931 ·

129 1013 171 1070 ut
193 1000 397 1091 exploretur
418 998 493 1067 eius
517 996 738 1079 obedientia,
778 1020 826 1065 an
848 1000 971 1070 volens
992 998 1113 1071 statim
1268 993 1316 1062 Hi
1331 994 1462 1065 veinsii
1475 1020 1595 1068 mores
1616 996 1764 1067 arcendi
1785 993 2150 1067 excommunicatore

130 1126 168 1173 se
185 1103 438 1172 emendaturus
456 1101 520 1185 sit,
546 1112 581 1170 et
595 1100 735 1168 veniam
752 1099 938 1191 petiturus,
965 1127 1012 1172 an
1028 1125 1114 1171 vero
1166 1096 1349 1180 convictu,
1376 1099 1482 1168 etiam
1498 1101 1628 1170 retenti
1649 1114 1733 1172 sunt
1747 1102 1843 1193 apud
1856 1097 2018 1168 ludaeos
2066 1094 2147 1167 ldeo

131 1204 388 1274 contumaciter
402 1204 609 1272 defensurus
625 1227 804 1286 errorem,
830 1218 893 1275 aut
912 1229 1116 1318 persevera·
1165 1201 1298 1271 Paulus
1326 1194 1395 1269 hoc
1423 1205 1532 1271 modo
1564 1203 1663 1274 iubet
1687 1204 1793 1272 vitari
1816 1199 2147 1282 excommunicatos,

130 1320 232 1378 turus
246 1307 285 1375 in
296 1307 426 1377 scelere
442 1318 644 1396 contempta
661 1330 747 1374 voce
759 1303 839 1375 Dei.
1024 1347 1029 1350 -
1166 1304 1272 1373 nesii
1288 1328 1368 1373 cum
1386 1303 1436 1373 eis
1453 1306 1653 1376 communis
1666 1331 1789 1376 mensa
1806 1304 1860 1400 (1.
1877 1299 2012 1386 cond,
2030 1300 2119 1397 11)

231 1399 353 1478 Altera
382 1433 499 1500 poena
528 1408 654 1478 ultima
675 1420 710 1477 et
732 1431 871 1477 summa
898 1405 937 1476 in
959 1407 1115 1489 Ecclesia
1266 1405 1321 1476 Ex
1347 1401 1403 1476 his
1431 1409 1578 1479 vetustis
1597 1409 1726 1503 ritibus
1751 1407 2145 1487 excommunicatorum,

131 1524 183 1582 est
197 1509 534 1593 excommunicatio,
561 1534 653 1606 quae
673 1511 711 1579 in
733 1494 928 1580 canonibus
952 1513 1117 1581 nomina·
1166 1508 1338 1578 translata
1357 1522 1440 1579 sunt
1455 1524 1490 1580 et
1503 1513 1541 1581 in
1554 1512 1747 1582 Ecclesiam
1761 1512 1960 1604 spectacula
1986 1508 2143 1601 publicae

131 1629 190 1684 tur
203 1610 470 1708 Anathema⁷⁶).
490 1673 493 1676 .
510 1611 643 1706 Estque
657 1636 793 1704 poena,
820 1639 890 1708 qua
906 1607 1015 1683 homo
1031 1615 1117 1707 legi-
1167 1611 1484 1708 poenitentiaew),
1516 1628 1558 1684 ut
1579 1609 1878 1696 nominabantur,
1912 1637 2004 1706 quae
2028 1623 2144 1704 postca

132 1718 220 1788 timo
243 1717 374 1788 iudicio
401 1715 539 1785 eiicitur
565 1741 607 1784 ex
626 1716 802 1800 Ecclesia,
843 1730 878 1787 et
907 1717 1021 1786 donec
1039 1742 1136 1788 non.
1168 1714 1297 1783 Graeci
1310 1731 1565 1808 nuncuparunt
1586 1712 1769 1811 ἐπιτίμια,
1793 1717 1830 1785 id
1854 1728 1925 1799 est,
1948 1711 2145 1805 castigatio

130 1821 223 1890 redit
237 1823 283 1889 ad
303 1819 581 1913 poenitentiam,
608 1832 661 1888 est
683 1820 885 1890 membrum
906 1844 1053 1910 prorsus
1071 1822 1116 1890 ab
1167 1839 1230 1887 nes
1245 1841 1307 1887 seu
1321 1818 1487 1890 mulctas.
1519 1818 1651 1890 Latini
1665 1818 1839 1891 vocabulo
1853 1843 1921 1889 usu
1935 1829 2019 1889 sunt
2034 1816 2145 1886 minut

130 1920 284 2019 Ecclesia
300 1922 513 2014 praecisum,
535 1934 570 1990 ct
587 1922 765 1991 exclusum
783 1922 984 1994 asocietate
1000 1946 1117 1994 sacra-
1167 1923 1369 1990 verecundo
1389 1922 1681 1995 satisfactionum.

132 2038 336 2095 mentorum
356 2036 392 2092 et
406 2023 721 2095 ecclesiasticorum
739 2023 949 2096 officiorum.
1267 2022 1477 2094 Homicidae
1499 2039 1534 2096 et
1555 2028 1617 2096 alii
1638 2022 1767 2118 polluti
1786 2023 1991 2094 manifestis
2012 2019 2146 2094 sceleri·

232 2127 306 2198 Nec
320 2127 467 2197 dubium
488 2138 539 2196 est
559 2126 694 2218 primos
714 2140 834 2219 patres
855 2128 962 2199 etiam
988 2127 1116 2200 vitasse
1165 2123 1320 2209 bos,·ut
1342 2129 1545 2213 adulteriis,
1576 2130 1718 2201 stabant
1738 2140 1836 2196 certo
1859 2128 1939 2197 loco
1956 2127 2002 2195 in
2017 2125 2146 2219 templo

130 2230 332 2300 convictum
365 2253 510 2313 eorum,
550 2254 640 2323 quos
666 2224 736 2299 hoc
764 2232 873 2300 modo
896 2255 939 2300 ex
960 2228 1115 2303 Ecclesia
1167 2251 1232 2318 per
1258 2229 1396 2323 aliquot
1416 2231 1510 2316 dies,
1541 2230 1833 2303 indutisordidis
1857 2231 2014 2300 vestibus
2041 2245 2077 2302 et
2095 2252 2148 2321 gc-

64 2345 66 2351 ’
130 2332 320 2403 eiecerunt.
357 2332 408 2402 Ut
416 2332 531 2400 Adam
546 2342 582 2401 et
594 2332 694 2401 Heva
710 2332 920 2425 expulerunt
934 2357 953 2401 a
968 2359 1003 2404 se
1015 2334 1117 2419 Cain,
1166 2342 1305 2402 stantes.
1330 2332 1451 2424 signa,
1492 2347 1533 2404 ut
1565 2330 1767 2405 homicidae
1800 2334 1937 2424 gladios
1970 2334 2149 2424 gerebant,

131 2437 176 2506 ad
193 2461 299 2531 quern
314 2434 443 2505 dicitur
459 2459 545 2503 voce
560 2435 683 2504 divina
704 2434 849 2529 (Genea.
864 2434 900 2520 4,
918 2435 1014 2532 12.):
1044 2437 1116 2507 Va·
1167 2433 1319 2503 adulteri
1332 2437 1441 2506 fasces
1455 2437 1650 2528 virgarum.
1702 2437 1768 2507 llis
1787 2436 1896 2527 signis
1918 2438 2149 2507 ostendebant

130 2564 194 2630 gus
222 2539 290 2610 eris
317 2550 352 2606 et
369 2540 548 2631 ¹profugus
575 2538 613 2606 in
643 2551 751 2626 terra.
816 2537 863 2607 Et
895 2539 1001 2630 gessit
1026 2539 1116 2610 Cain
1166 2559 1202 2605 sc
1217 2536 1321 2606 lateri
1342 2539 1502 2630 culpam,
1530 2553 1570 2609 et.
1586 2566 1623 2611 se
1638 2540 1776 2632 'dignos
1802 2562 1876 2608 esse
1898 2539 2036 2631 poenis.
2095 2538 2151 2608 Sic

128 2642 268 2733 signum
282 2653 413 2725 reatus,
438 2642 529 2711 sicut
546 2640 664 2735 inquit
677 2654 791 2711 textus
805 2640 951 2736 (Genes.
968 2639 1114 2739 4,15.):
1166 2639 1357 2730 explorati,
1383 2654 1464 2732 post
1478 2643 1616 2737 aliquot
1630 2643 1706 2714 dies
1729 2642 2024 2728 absolvebantur,
2051 2656 2087 2714 et
2106 2641 2150 2711 ad

126 2743 174 2817 Et
189 2746 310 2839 posuit
322 2742 420 2815 Deus
439 2744 478 2833 in
499 2767 541 2812 eo
565 2744 725 2835 signum,
751 2744 934 2827 videlieet,
960 2746 1115 2817 subitam
1166 2744 1454 2813 communionem
1470 2771 1592 2817 rursus
1607 2747 1900 2816 admittebanturt
1973 2796 1977 2803 -
2039 2795 2043 2804 ·

130 2848 476 2930 consternationem,
501 2869 623 2914 coram
642 2846 720 2917 aliis
744 2843 969 2930 hominibus,
996 2861 1114 2920 ortam
1265 2843 1305 2915 ld
1321 2850 1558 2939 spectaculum
1574 2874 1594 2917 a
1611 2848 1797 2941 disciplina
1812 2847 1925 2917 veteri
1940 2861 2060 2919 ortum
2074 2848 2153 2935 fuit,

129 2977 172 3022 ex
188 2951 327 3042 magnis
342 2950 534 3041 pavoribus
551 2949 808 3032 conscientiae,
835 2949 1001 3042 quisunt
1022 2950 1114 3021 iudi·
1165 2968 1205 3014 ac
1219 2972 1365 3041 prorsus
1385 2945 1641 3022 nihilfaciebat
1656 2955 1703 3022 ad
1719 2951 1966 3022 remissionem
1989 2948 2152 3044 peccato·

128 3055 221 3125 cium
244 3067 279 3122 et
292 3076 431 3148 poena
424 3051 480 3121 'sic
503 3050 668 3120 ordinata
690 3050 805 3121 aDeo
828 3052 867 3120 in
886 3064 962 3120 toto
985 3077 1113 3144 genere
1164 3072 1245 3118 rum
1260 3076 1380 3122 coram
1397 3051 1495 3138 Deo,
1521 3057 1582 3126 sed
1598 3055 1667 3124 fuit
1682 3056 1880 3147 exploratio
1896 3055 2151 3151 qualiscunque

49 3158 55 3167 ’
126 3152 302 3227 humano.
1165 3176 1310 3237 coriam,
1337 3181 1400 3248 qur
1389 3155 1461 3226 ad
1469 3107 1664 3228 Ecclesiam
1681 3158 1858 3242 redibant,
1884 3183 1931 3228 an
1944 3159 2038 3228 serio
2052 3173 2151 3278 pete·

230 3256 297 3328 llic
311 3282 389 3327 mos
405 3255 569 3327 eliciendi
583 3255 942 3329 excommunicatosa
966 3283 1113 3329 consue·
1163 3268 1244 3323 rent
1259 3256 1414 3329 veniam.
1464 3259 1554 3331 Aliis
1574 3261 1681 3330 etiam
1699 3263 1861 3353 exemplo
1876 3263 1963 3345 fuit,
1989 3274 2031 3332 ut
2049 3263 2151 3353 igno-

124 3362 247 3434 tudinc
277 3374 312 3431 ct
341 3360 525 3445 convictu,
569 3359 712 3431 duravit
733 3373 855 3452 postea
880 3362 919 3430 in
938 3363 1112 3453 gentibus,
1163 3357 1312 3427 miniani
1331 3359 1497 3439 vilerenl
1547 3359 1656 3446 Item,
1684 3377 1725 3434 nl
1747 3377 1933 3436 cernerent
1957 3365 2004 3434 ob
2028 3367 2151 3436 oculos

124 3472 217 3562 quae
249 3464 362 3557 magis
393 3463 619 3555 retinuerunt
650 3462 873 3563 disciplinam
892 3466 1110 3557 ,primorum
1163 3462 1278 3550 posita
1297 3463 1521 3548 testimonia,
1547 3491 1639 3561 quae
1656 3468 1892 3537 ostendebant
1906 3469 2025 3560 lapsos
2037 3467 2152 3560 recipi

124 3583 280 3663 patrum.
341 3566 434 3639 Nam
460 3579 495 3636 et
518 3569 613 3658 apud
629 3566 785 3636 Graecos
814 3567 922 3659 longo
951 3582 1111 3686 tempore
1162 3587 1277 3654 posse.

123 3668 193 3742 hoc
223 3682 401 3741 servatum
427 3683 496 3753 est,
529 3682 570 3739 ut
593 3665 794 3754 homicidae
819 3682 854 3738 et
873 3671 1016 3755 incesti,
1049 3671 1113 3764 qui
1262 3666 1310 3737 Et
1340 3663 1436 3740 hunc
1464 3696 1603 3741 morem
1632 3672 1756 3744 citavit
1781 3674 1910 3746 Petrus
1938 3671 2151 3743 Alexandri·

123 3800 199 3845 non
229 3768 551 3858 interficiebantur,
599 3773 660 3840 sed
687 3766 910 3863 vagabantur
938 3785 1111 3866 tanquam
1161 3767 1285 3864 nus⁸¹)
1306 3786 1429 3844 contra
1447 3770 1634 3846 Catharos.

124 3874 439 3960 excommunicati,
455 3884 638 3965 gererent
660 3872 759 3964 signa
785 3888 926 3959 reatus,
958 3888 1000 3944 ut
1021 3874 1111 3945 Ore·
1160 3926 1368 3942 ....-...

119 4033 325 4064 ,..........
1194 4003 1244 4064 77)
1262 4005 1527 4072 contitutionis.
1546 4009 1628 4062 naor.
1642 4009 1678 4061 71
1689 4021 1747 4074 sqq

156 4111 205 4178 71)
222 4109 381 4175 separatio,
401 4097 575 4174 αφορισμος,
593 4119 617 4157 s
634 4105 724 4158 niuor
738 4104 997 4177 excommunicatio,
1015 4110 1109 4161 consi-
1194 4105 1242 4174 78)
1261 4108 1429 4176 Herodoti,
1448 4109 1572 4160 tid-te.
1605 4112 1742 4162 Adrastm
1755 4111 1866 4177 Phryx,
1884 4108 1982 4164 Gordil
1993 4109 2076 4178 fliius,
2095 4127 2148 4164 ue-

192 4184 282 4232 steirat
298 4180 326 4229 in
339 4177 496 4228 exclusione
509 4177 645 4226 homiuum
660 4189 678 4226 a
695 4177 907 4239 participatione
927 4141 1110 4231 condensitas
1229 4189 1279 4240 pos
1295 4174 1405 4241 Midae,
1434 4180 1532 4228 fratris
1550 4181 1728 4244 interemptor
1746 4179 1873 4244 expiatur
1896 4193 1914 4232 a
1932 4182 2051 4243 croeso,
2082 4185 2147 4246 Ly-

123 4235 139 4281 1
191 4255 219 4301 et
235 4262 345 4313 precum
363 4246 498 4304 fidelium
530 4259 565 4295 ex
583 4246 702 4295 ecclesia
725 4248 817 4299 autem
837 4259 886 4296 eos
903 4259 958 4296 non
976 4248 1107 4302 eliciebat.
1229 4192 1291 4295 iliae
1309 4258 1391 4312 rege,
1411 4248 1456 4310 qui
1474 4249 1500 4298 el
1517 4249 1666 4300 custodiam
1684 4249 1734 4300 iiiii
1752 4251 1795 4298 sui
1816 4251 1900 4312 Atpis
1920 4251 1955 4301 ad
1971 4252 2145 4303 venationem

191 4266 353 4370 Corislstere
376 4317 454 4371 enimv
468 4281 558 4377 adhuc
583 4316 711 4376 poterant
735 4315 770 4365 ad
794 4315 957 4365 audiendam
986 4318 1109 4378 psalmo·
1228 4315 1356 4365 exeuntis
1369 4316 1488 4369 mandat.
1523 4319 1602 4368 11ιιιια
1614 4318 1699 4370 1111ωιι
1710 4318 1848 4369 Adrastos
1865 4331 1961 4381 aprum
1978 4321 2147 4386 transfigere

117 4410 121 4415 ·
191 4389 277 4447 diam,
300 4379 497 4445 scripturarum
514 4383 675 4448 lectionem,
689 4383 855 4434 ’concionem
873 4386 900 4433 et
917 4396 1014 4445 preces
1030 4389 1108 4436 cate·
1227 4385 1326 4433 voleus
1358 4385 1522 4451 transfodit,
1561 4391 1733 4450 qtratnoitrem
1756 4400 1820 4437 sesa
1843 4388 1903 4450 ipsa
1926 4401 2010 4452 super
2037 4391 2145 4441 bustum

191 4458 383 4506 chtimenororn
401 4464 434 4501 ao
450 4453 665 4515 poenitentium,
688 4458 771 4515 atque
788 4455 845 4503 tum
862 4466 921 4502 σιιιιι
941 4452 998 4502 illis
1015 4453 1107 4506 disce·
1228 4454 1313 4516 Atyis
1330 4453 1489 4527 transfodit

190 4526 255 4574 dere
280 4524 414 4572 debebant
461 4522 549 4584 prima
572 4521 657 4569 divini
680 4523 770 4571 cultus
793 4523 889 4584 parte,
920 4522 1005 4572 missa
1029 4526 1108 4574 eate-

189 4594 398 4646 ciiumenorum,
420 4555 515 4639 ’atrita
559 4590 622 4640 vid.
641 4589 661 4639 1.
679 4590 821 4654 ltingtarnl
840 4590 963 4653 origines
987 4605 1010 4642 s.
1030 4593 1107 4641 anti·
1191 4555 1339 4616 11111111
1358 4557 1440 4619 111111·
1458 4557 1525 4609 011
1544 4559 1611 4622 111
1627 4514 1703 4610 1111
1723 4560 1844 4624 1111111·

191 4663 270 4725 quttt.
288 4659 439 4709 ecclesiast.
458 4659 487 4708 1ιι
504 4659 552 4709 iat.
569 4671 646 4709 vers.
665 4658 716 4710 al.
729 4661 763 4712 11.
777 4659 950 4713 Griscitovto.
967 4661 1105 4714 volvit
1191 4660 1241 4720 81))
1259 4661 1299 4710 iio
1316 4659 1396 4710 varta
1412 4659 1491 4710 buiris
1515 4661 1640 4723 publicae
1662 4663 1848 4732 poenitentiae
1875 4662 1983 4714 rationo
2005 4663 2062 4716 old
2080 4664 2145 4716 clar.

190 4746 215 4794 p.
228 4732 260 4780 81
276 4742 336 4792 sqq.
1225 4732 1316 4793 Βσ)σι
1342 4730 1375 4778 de
1397 4740 1497 4792 magno
1519 4731 1625 4781 veteris
1650 4726 1784 4798 ecclesiae
1807 4732 1882 4782 circa
1906 4733 2081 4794 poenitentes
2103 4735 2145 4784 ri-

154 4820 202 4878 78)
221 4816 374 4865 Anathema
391 4812 409 4862 i.
424 4826 448 4865 e.
464 4812 620 4864 exsecratio
637 4824 660 4862 s.
677 4806 1000 4882 παντελὴςιῖφορισμὸς,
1017 4815 1105 4867 omni·
1230 4796 1563 4864 8111·111111·17111·1·
1592 4796 2145 4868 11111111111111811·111111131111111·

189 4886 271 4937 moda
295 4882 436 4946 separatio
461 4894 483 4934 a.
508 4882 595 4932 maior
615 4885 857 4935 excommunicatio
882 4888 960 4948 erat,
997 4887 1105 4967 quarrdo
1225 4882 1252 4930 i·
1270 4865 1425 4918 1111-113
1452 4833 2013 4934 111111111011111111111811ο.11111111·
2035 4871 2145 4922 11111111·

189 4954 311 5005 homiues
329 4953 363 5002 de
381 4950 499 5005 ecclesia
516 4951 625 5011 penitus
644 4952 850 5011 expellebantur
868 4956 896 5003 et
913 4954 1105 5004 arumnicum
1225 4935 1481 5002 1111111111111·
1503 4952 1530 5000 p.
1543 4935 1683 4989 13-117·

188 5026 248 5088 ipsa
262 5024 290 5072 in
304 5021 394 5071 sacris
407 5019 506 5069 oficiis
518 5019 707 5068 commuuione
719 5024 927 5082 separabantur.
962 5023 1105 5085 rreqoeu-
1188 5021 1237 5080 81)
1256 5022 1372 5084 Peiros,
1396 5021 1539 5084 episcopus
1556 5022 1776 5087 Alexandrinus,
1801 5026 1835 5074 ob
1852 5025 2027 5080 mnotltstsn
2044 5027 2074 5075 et
2091 5027 2145 5077 do-

188 5099 232 5144 ter
250 5093 331 5142 etiam
350 5089 436 5139 rard·
447 5088 624 5172 pigritentur
641 5088 800 5152 phrasibus,
829 5104 894 5154 eng
920 5083 1105 5156 ἀπείργεσθαι
1224 5091 1342 5139 utrinam
1358 5093 1392 5140 ab
1409 5091 1527 5142 Eusebio
1544 5092 1689 5154 laudatus,
1717 5094 1841 5155 tempore
1863 5095 2062 5156 persecutionis
2080 5097 2145 5158 qui-

188 5162 233 5226 ιῆς
250 5159 408 5221 ἐκκλησίας,
438 5150 635 5208 ἀποκλείεσθαι
660 5159 689 5205 et
712 5153 862 5241 ῥίπτεσθαι
884 5157 929 5220 τῆς
951 5156 1104 5221 ἐκκλησίας,
1224 5159 1285 5208 dem
1302 5160 1492 5210 Diocletianae
1515 5160 1582 5223 suga
1604 5164 1733 5211 servatus
1757 5163 1886 5224 deinceps
1902 5162 2067 5215 Maximiano
2090 5165 2144 5214 inr-

186 5227 264 5287 istic
289 5219 376 5290 εἶναι,
412 5221 623 5293 exasperasse:
653 5223 699 5286 sic
731 5221 868 5289 συνόδου,
901 5221 1029 5293 ἄπεῑρξαι
1058 5228 1104 5290 τῆς
1222 5230 1336 5291 perante
1353 5239 1378 5278 a.
1392 5229 1454 5281 111.
1472 5229 1606 5291 martyris
1623 5234 1738 5280 mortem
1763 5243 1862 5293 passeis
1885 5236 1936 5284 est.
1983 5233 2090 5286 1.,1106.
2109 5236 2144 5284 de

185 5295 359 5367 ακροάσιως,
377 5299 486 5347 ceteris.
520 5295 583 5347 vid.
601 5295 768 5357 ilingliaml.
783 5297 801 5347 l
820 5298 961 5360 p.ti⁴sqq
995 5299 1022 5351 J
1037 5297 1102 5349 cur.
1221 5296 1389 5359 poenitentia
1404 5298 1502 5348 iliram
1520 5298 1646 5361 scripsit,
1680 5299 1757 5349 cuius
1778 5300 1929 5362 quindecim
1951 5313 2074 5352 munuca
2093 5314 2144 5351 su·

185 5373 234 5425 w.
254 5367 369 5432 Augusti
387 5365 670 5431 nemisurdgteiten
696 5377 748 5417 aus
767 5365 815 5417 der
833 5366 937 5422 christi.
956 5367 1102 5420 Armeni.
1222 5369 1353 5431 persnas,
1371 5368 1417 5431 qul
1434 5377 1536 5431 graece
1554 5371 1583 5415 et
1599 5366 1702 5430 latina,
1719 5382 1780 5419 com
1798 5368 1909 5421 scholiis
1921 5371 2059 5423 iteodml
2072 5372 2141 5423 ital-

181 5439 318 5499 111).
334 5436 385 5488 187
396 5449 440 5501 ss.
1219 5435 1340 5488 sanouh
1367 5437 1397 5487 et
1417 5432 1458 5489 io'.
1480 5436 1610 5486 zonarae
1638 5436 1815 5502 reponumur
1837 5437 1869 5490 in
1892 5438 1964 5494 auu.
1986 5438 2136 5503 emerent
