4544 5766
72 188 154 267 aas
572 189 600 264 t
651 188 1018 265 enomeouma
1050 183 1100 259 ta
1134 177 1323 255 oracta
1354 178 1613 261 ucsnoxls.
2021 200 2099 279 ω,

71 361 289 447 tentorium,
313 362 376 433 ubi
391 357 615 455 hospitaliter
629 388 690 435 eos
705 364 861 459 excepit,
886 376 921 435 et
933 390 1057 457 pacem
1112 354 1290 438 vindicta,
1312 355 1435 425 liceret
1449 357 1639 454 unicuique
1661 338 1806 454 privato
1819 366 1856 437 iu
1873 372 2021 445 domum
2041 380 2093 446 al·

71 494 154 539 cnm
170 466 222 536 eis
235 465 328 537 fecit.
377 466 505 537 Postea
528 469 674 538 fuerunt
687 468 884 562 imperator
900 483 935 540 et
950 470 1058 541 Guel·
1110 459 1240 541 letius.
1270 482 1290 527 a
1314 482 1386 554 ‘11¹0
1409 473 1587 555 utcunque
1610 465 1723 536 laesus
1744 483 1855 556 esset,
1881 474 2091 570 irrumpere,

67 574 124 641 fus
140 569 231 640 socii
253 569 488 660 expeditionis
503 571 670 663 Syriacae
678 570 745 664 19),
775 597 843 642 uec
864 572 968 643 aliter
990 598 1056 641 no-

67 672 222 743 minavit
235 672 432 764 imperator
448 674 615 743 Guelfum
630 698 736 767 quam
752 677 911 747 fratrem.

167 774 349 845 Antonius
384 776 551 847 triumvir
587 779 746 868 pepercit
786 778 927 871 captivo
967 776 1056 859 seni,

67 903 174 974 quem
191 877 263 947 lilia
281 878 320 946 in
339 903 477 949 carcere
494 880 632 948 aluerat
646 881 737 950 lacte
752 906 829 952 suo.

166 979 354 1051 Ludovico
370 982 446 1074 regi
462 982 668 1067 Gallorum,
702 983 777 1054 eius
793 982 950 1053 nominis
966 985 1054 1051 duo-

66 1082 228 1167 decimo,
254 1096 355 1153 eraut
372 1086 518 1179 quidam
536 1085 759 1170 incitatores,
784 1099 974 1179 postquam
991 1109 1055 1153 rex

66 1190 179 1258 lactus
213 1186 378 1281 essetw),
418 1200 459 1258 ut
487 1188 631 1279 puniret
659 1188 816 1283 aliquos,
854 1189 917 1285 qui
947 1200 1052 1256 antea

65 1289 131 1383 ipsi
155 1289 302 1359 fuerant
325 1289 479 1373 inimici,
519 1303 554 1359 ct
576 1292 717 1361 lucrant
740 1317 921 1374 suasores,
954 1290 1052 1360 utin

65 1415 247 1465 carcerem
269 1392 526 1475 includeretur,
559 1396 620 1463 scd
645 1395 828 1486 respoudit
849 1392 1052 1464 laulovicus

64 1494 236 1564 iniuriam
252 1496 382 1563 factam
408 1495 488 1565 duci
505 1495 752 1567 Aurelianeusi
776 1523 850 1567 non
873 1496 1051 1590 pertinere

64 1599 106 1667 ad
125 1622 272 1690 regem,
297 1597 497 1691 significans
518 1600 647 1671 multas
671 1599 819 1671 iniurias
842 1599 1052 1670 obliviscen-

64 1702 124 1771 das
145 1725 247 1783 esse,
276 1701 485 1792 praesertim
511 1702 656 1772 mutatis
676 1704 896 1795 temporibus
917 1716 952 1772 et
973 1727 1051 1771 mu-

65 1805 311 1876 tatasortuna.

161 1905 271 1974 Talia
283 1907 445 1997 exempla
463 1906 719 1978 consideranda
734 1921 835 1993 sunt,
859 1919 900 1977 ut
914 1905 1052 1978 discant

66 2009 243 2092 iuniores,
270 2008 356 2103 quid
380 2009 552 2100 significet
575 2006 764 2104 ἐπιείκεια,
790 2034 882 2106 quae
905 2034 946 2083 co
960 2005 1050 2076 ¹dili-

65 2112 204 2203 gentius
222 2113 480 2184 consideranda
502 2126 537 2182 et
556 2114 670 2205 magis
691 2116 845 2183 amanda
868 2125 938 2196 est,
966 2110 1048 2205 quia

65 2214 299 2307 Evangelium
327 2227 379 2285 est
399 2215 531 2307 ,ingens
560 2213 730 2288 ἐπιείκεια
754 2216 862 2309 legis,
902 2214 1051 2284 remittit

65 2331 227 2410 peccata,
266 2320 327 2388 sed
350 2331 498 2410 propter
520 2318 777 2405 Mediatorem,
813 2319 874 2414 qui
898 2318 989 2387 iram
1012 2317 1049 2388 in

10 2466 12 2471 ·
66 2446 133 2492 sese
146 2419 348 2505 derivavit,
375 2434 410 2490 et
430 2423 541 2492 sactus
565 2434 617 2491 est
636 2446 702 2514 pro
728 2423 831 2493 nobis
853 2433 1049 2517 peccatum,

10 2566 13 2573 ·
66 2536 101 2594 ut
114 2548 186 2595 nos
202 2525 367 2595 fieremus
383 2523 517 2595 iustitia
531 2525 600 2593 Dei
616 2525 655 2593 in
670 2525 747 2617 ipso
755 2525 815 2622 ⁸¹).

160 2626 333 2697 Affirmat
361 2625 468 2697 etiam
490 2626 743 2719 Evangelium,
773 2626 882 2725 recipi
905 2620 1049 2695 inchoa-

10 2770 16 2780 ·
67 2745 134 2801 tam
149 2729 416 2814 obedientiam,
442 2755 648 2831 quanquam
664 2720 848 2814 mutilam,
875 2729 1049 2821 exiguam,

10 2859 14 2895 2
66 2834 267 2905 mendicam
287 2846 321 2902 et
343 2833 537 2905 sordidam.
588 2833 702 2904 Docet
724 2846 842 2905 autem
866 2833 1048 2927 quomodo

10 2978 12 2983 ·
68 2938 222 3031 placeat,
247 2935 379 3007 scilicet
400 2936 467 3011 fide
491 2950 640 3030 propter
655 2936 892 3007 Mediatorem
907 2936 945 3004 in
966 2961 1049 3004 con-

10 3082 13 3087 ·
69 3041 186 3113 versis.
239 3040 291 3111 ar
305 3038 345 3108 in
361 3039 593 3131 explicatione
608 3037 713 3110 buius
728 3040 814 3109 dicti
828 3035 974 3133 (Mattb.
991 3036 1049 3119 19,

70 3144 160 3242 17.):
200 3140 241 3215 Si
262 3143 316 3214 vis
340 3143 376 3210 in
399 3142 508 3211 vitam
539 3142 697 3235 ingredi,
738 3168 839 3213 serva
868 3143 1050 3223 rnarrdata,

68 3244 212 3337 intelligi
228 3244 577 3320 inteixetev‘necesse
594 3261 664 3332 cst,
690 3244 853 3315 videlicet
874 3246 969 3314 iuxta
996 3243 1049 3311 in-

67 3349 360 3441 terpretationem
389 3372 451 3421 seu
481 3347 673 3426 ἐπιείκειαν
702 3347 741 3418 in
762 3348 957 3442 Evangelio
977 3357 1049 3419 tra-

69 3453 192 3527 ditum.

260 3620 321 3689 De
350 3619 552 3695 vindicta
580 3634 620 3690 et
645 3623 695 3690 dc
720 3621 852 3691 bello.

160 3774 321 3845 lulianus
362 3773 557 3869 imperator
596 3785 631 3841 et
668 3774 729 3841 alii
757 3773 1048 3864 vituperaverunt

1108 577 1144 631 et
1168 561 1321 633 vicissim
1348 561 1449 633 illum
1476 563 1618 654 privato
1640 567 1775 660 impetu
1794 576 1886 644 male
1906 581 2090 656 mulctare.

1108 664 1198 736 Huic
1212 677 1446 759 sequerentur
1458 664 1617 737 infinitae
1633 673 1867 748 confusiones.

1207 763 1316 851 ltem,
1357 766 1388 837 si
1418 780 1556 838 tantum
1587 773 1733 847 consilio
1763 796 1992 853 moverentur
2012 811 2089 858 ma.

1106 870 1290 960 gistratus,
1315 869 1435 940 liceret
1454 869 1504 941 eis
1528 874 1751 963 permittere,
1783 892 1822 949 ut
1842 883 1997 958 latrones
2020 889 2087 959 im·

1105 997 1200 1064 pune
1214 987 1471 1064 grassarentur.
1521 971 1573 1043 lta
1589 978 1688 1046 ncilla
1702 993 1790 1049 esset
1804 985 1979 1060 societatis
2002 992 2086 1061 civi-

1106 1075 1148 1146 lis
1162 1075 1332 1147 defensio.
1378 1075 1497 1168 Quare
1513 1079 1693 1150 somnium
1708 1081 1968 1159 monachorum
1983 1119 2085 1185 pror-

1105 1205 1163 1249 sus
1179 1179 1307 1248 salsum
1325 1190 1388 1250 est.

1203 1280 1378 1350 Furentcr
1399 1295 1520 1351 errant
1541 1297 1578 1353 et
1600 1286 1861 1379 anabaptistae,
1903 1299 1964 1390 qui
1992 1301 2085 1375 dicta

1103 1381 1162 1450 illa
1188 1383 1238 1452 sic
1260 1383 1558 1474 interpretantur,
1590 1389 1692 1479 quasi
1712 1393 1883 1466 damnent
1901 1403 2087 1494 magistra.

1103 1497 1159 1555 tus
1175 1497 1209 1555 et
1226 1485 1367 1556 iudicia.
1415 1485 1491 1559 Nos
1504 1487 1611 1579 igitur
1626 1490 1676 1559 sic
1688 1498 1961 1585 respondemus:
1987 1519 2085 1579 utra-

1104 1612 1171 1680 que
1186 1587 1300 1672 dicta,
1326 1588 1489 1658 videlicet
1504 1605 1751 1683 praeceptum,
1784 1602 1881 1692 quod
1898 1604 1995 1676 iubet
2009 1634 2085 1680 ma-

1102 1688 1268 1780 gistratus
1296 1715 1457 1762 exercere
1487 1693 1699 1781 vindictam,
1739 1712 1774 1767 et
1799 1706 1896 1794 quod
1918 1707 2088 1798 probibet

1102 1792 1251 1883 privatis
1263 1794 1424 1885 personis
1441 1819 1601 1867 exercere
1618 1799 1830 1887 vindictam,
1855 1831 1929 1877 non
1945 1824 2085 1888 tantum

1103 1895 1268 1980 consilia,
1302 1898 1363 1967 sed
1385 1911 1572 1989 praecepta
1595 1924 1687 1985 esse,
1725 1904 1808 1999 quia
1833 1909 2005 2004 scriptura
2028 1943 2086 1989 ex-

1102 2022 1221 2090 presse
1247 1999 1416 2071 discernit
1436 2000 1681 2092 magistratum
1702 2029 1723 2073 a
1745 2013 1905 2100 personis
1924 2017 2085 2107 privatis.

1102 2100 1328 2192 blagistratui
1342 2104 1502 2186 mandat,
1518 2116 1558 2173 ut
1574 2121 1733 2176 exerceat
1748 2110 1951 2189 vindictam.
1976 2120 2090 2199 Rom.

1103 2204 1163 2287 13,
1180 2203 1270 2300 (4.):
1295 2204 1365 2274 Dei
1383 2206 1479 2275 enim
1494 2206 1656 2278 minister
1675 2223 1745 2294 est,
1774 2214 1903 2287 vindex
1924 2224 1970 2291 ad
1992 2224 2084 2298 iram

1101 2306 1153 2389 ei,
1180 2308 1242 2403 qui
1265 2310 1358 2379 male
1380 2309 1465 2399 agit.
1524 2309 1622 2381 Sicut
1644 2313 1739 2381 enim
1763 2317 1839 2385 vrtlt
1853 2318 1947 2395 Deus
1969 2320 2086 2399 homi.

1101 2433 1188 2477 num
1211 2410 1415 2480 societatem
1438 2412 1514 2501 lege
1538 2412 1632 2504 regi,
1664 2415 1714 2484 ita
1737 2420 1813 2487 vult
1836 2426 2084 2514 magistratum

1101 2536 1173 2580 esse
1188 2515 1370 2585 custodem
1384 2514 1470 2605 legis
1486 2526 1521 2583 et
1535 2528 1768 2588 executorem.
1795 2521 1852 2591 Sic
1864 2525 1973 2616 igitur
1987 2557 2085 2605 exer·

1101 2627 1178 2683 ceat
1206 2616 1422 2700 uindictam,
1467 2614 1556 2689 sicut
1586 2619 1643 2687 lex
1674 2621 1847 2713 praecipit
1875 2641 1910 2698 et
1939 2636 2085 2708 ordinat

1101 2717 1197 2788 iuxta
1219 2718 1373 2816 primam
1396 2730 1432 2788 et
1452 2719 1644 2789 secundam
1667 2724 1845 2810 tabulam,
1868 2729 1906 2797 id
1926 2748 1996 2820 est,
2023 2742 2084 2810 de.

1100 2823 1221 2893 fendat
1243 2822 1470 2914 magistratus
1492 2821 1665 2895 Ecclesiae
1687 2839 1781 2896 recte
1805 2833 2013 2925 sentientes,
2048 2854 2084 2912 et

1101 2926 1272 3014 reprimat
1294 2938 1484 3017 tyrannos,
1520 2925 1583 3021 qui
1605 2927 1696 2995 bella
1719 2929 1876 3001 inferunt
1894 2935 2084 3029 Ecclesiae,

1102 3026 1227 3118 puniat
1249 3052 1332 3097 suae
1356 3027 1501 3097 ditionis
1523 3026 1768 3121 blasphemos,
1801 3036 1966 3112 defendat
1990 3048 2084 3117 etin

1100 3131 1268 3200 societate
1291 3130 1387 3198 civili
1408 3131 1562 3201 colentes
1578 3132 1770 3218 iustitiam,
1803 3150 1838 3206 et
1858 3145 2029 3234 reprimat
2049 3163 2084 3219 et

1102 3233 1228 3325 puniat
1249 3233 1426 3316 latrones,
1463 3235 1676 3325 praedones,
1710 3237 1880 3326 incestos,
1905 3246 1996 3319 sieut
2019 3246 2083 3323 bas

1102 3360 1223 3406 otiosas
1246 3336 1449 3426 complexus
1469 3348 1522 3405 est
1541 3360 1604 3407 rex
1619 3335 1823 3429 Alphonsus
1844 3343 1882 3413 in
1904 3374 1969 3420 suo
1990 3378 2084 3446 sym.

1100 3440 1196 3521 bolo,
1223 3463 1303 3506 cum
1319 3437 1434 3529 pinxit
1448 3437 1646 3529 pelicanum
1662 3443 1855 3514 fodientem
1869 3450 1936 3519 sibi
1951 3468 2084 3545 pectus,

1101 3554 1135 3611 et
1152 3565 1217 3611 suo
1230 3540 1403 3631 sanguiue
1420 3541 1573 3608 alentem
1589 3544 1718 3633 pullos,
1744 3557 1780 3615 et
1794 3549 1979 3645 adscripsit
1995 3552 2083 3627 baec

1100 3644 1207 3713 verba
1223 3644 1381 3740 prolege
1399 3653 1433 3710 et
1448 3666 1515 3735 pro
1531 3667 1647 3734 grege.

1200 3744 1264 3820 Est
1292 3745 1400 3836 igitur
1424 3745 1621 3836 legitimum
1644 3750 1796 3836 bellum,
1834 3771 1898 3827 aut
1925 3758 2081 3853 legitima

66 3876 298 3971 Evangelium
329 3887 364 3944 et
388 3876 624 3969 scripserunt,
657 3878 850 3946 absurdum
886 3889 921 3945 ct
953 3900 1048 3944 com·
1098 3848 1278 3931 ‘lesem’
1318 3871 1408 3942 ‘luae
1431 3849 1470 3965 ssi
1491 3847 1526 3916 Vi
1551 3854 1728 3969 flffPthi
1757 3880 1821 3946 per
1847 3862 2084 3953 magistratus,

66 3982 165 4055 muni
189 3978 351 4051 societati
371 3978 609 4070 perniciosum
634 4004 726 4062 esse,
754 3979 836 4073 quia
859 3972 1048 4069 probibeat
1100 3964 1162 4021 ³¹⁰¹
1184 3963 1477 4067 ²⁵²s⁰f¹¹Pefflt¹⁰
1494 3951 1670 4068 {edumas
1689 3970 1891 4073 '³¹¹1P00113
1913 3966 2081 4056 lflgffimib

64 4084 276 4155 vindictam:
303 4078 430 4151 Matth.
441 4079 476 4165 5,
488 4080 602 4176 (39.):
624 4080 701 4172 Ego
719 4096 836 4151 autem
855 4080 934 4151 dico
948 4081 1048 4150 vobis
1100 4079 1191 4171 ‘lua‘
1212 4056 1250 4126 fil
1272 4078 1309 4120 Ἢ
1330 4054 1588 4178 ⁶⁰¹Pff¹³¹l¹l³⁰f
1604 4071 1841 4174 mffss¹⁵¹fflt¹¹⁸·
1894 4066 1944 4134 Ul
1962 4070 2081 4137 defen-

64 4214 134 4259 Μ
157 4186 326 4257 mmm
348 4185 458 4255 malo,
524 4183 571 4252 Et
592 4184 698 4254 mm,
717 4190 775 4266 η,
809 4184 921 4279 (19),
964 4183 1046 4255 No„
1099 4183 1152 4227 sio
1174 4169 1268 4273 erat,
1304 4181 1396 4273 cunr·
1410 4160 1538 4225 braecr
1561 4162 1803 4277 reprimebant
1819 4166 1987 4250 Xerxem,
2020 4186 2081 4242 aut

64 4290 287 4363 vindicantes
308 4301 445 4356 vosmet
466 4287 571 4380 ipsos.
623 4285 707 4357 lude
729 4288 932 4375 ratiocinati
953 4284 1048 4370 sunt,
1099 4260 1256 4333 R⁰¹¹¹³¹¹¹
1278 4258 1534 4376 flaumi'al‘m’
1560 4261 1812 4333 ⁰⁰⁰⁸t³¹¹t¹¹¹¹¹⁸
1832 4264 2009 4339 Lidssillm
2021 4274 2081 4370 ⁸³),

63 4390 304 4487 politicum&
322 4391 503 4473 ordinem,
530 4390 658 4460 iudicia
678 4403 713 4458 et
723 4390 901 4482 legitimas
915 4414 1048 4483 poenas
1100 4364 1302 4479 Miccabaffl
1325 4358 1553 4483 A¹¹¹¹⁰f¹¹¹¹¹¹¹·
1614 4363 1965 4456 Πρω1)(9Γῖ1ῑῑίΗὲῐθῑ,
1999 4399 2080 4449 tunt

63 4494 267 4589 prohiberi,
293 4494 390 4587 quod
405 4506 494 4564 esset
507 4494 712 4563 absurdum.
1099 4465 1195 4534 D¹⁰¹¹
1214 4476 1400 4556 recuperat
1417 4466 1607 4579 Syracusas
1614 4465 1679 4582 tf⁴)‚
1714 4466 1747 4535 Τ
1748 4463 1958 4589 htasybulus
1971 4475 2080 4550 Athe.

160 4592 336 4669 Monacbi
349 4595 398 4664 sic
412 4607 598 4678 excusant,
624 4594 747 4664 dicunt
760 4594 946 4665 consilium
962 4618 1048 4678 esse,
1100 4568 1235 4662 nassa).
1275 4567 1475 4639 Alexander
1498 4568 1696 4639 ⁶¹V¹t²¹t¹b⁰⁸
1716 4567 1845 4645 1⁰¹¹¹⁶¹⁸
1866 4575 1994 4650 istium
2017 4607 2080 4676 ⁰P·

63 4729 133 4773 non
153 4711 400 4797 praeceptum.
458 4699 527 4769 Sed
549 4693 636 4766 baec
658 4699 834 4769 excusatio
860 4699 1047 4767 refutanda
1100 4671 1229 4788 pressi?
1255 4668 1407 4786 “flium
1433 4667 1645 4743 libertatem·
1709 4673 1739 4742 Ρ
1742 4699 1832 4793 θξῐὶᾶ
1860 4695 1953 4765 erat,
1999 4710 2079 4756 cum

63 4819 123 4877 est.
175 4804 272 4877 Nam
288 4800 318 4872 si
332 4800 480 4872 subditis
497 4826 571 4870 non
593 4814 683 4870 esset
705 4796 887 4892 prohibita
907 4800 1047 4892 privata
1098 4771 1648 4847 ¹³f²¹⁰¹¹m⁰¹¹¹1¹¹¹⁰r¹¹¹¹¹b⁰¹h¹m
1668 4778 1777 4849 tr¹¹¹1ss
1790 4779 1979 4853 Beniamin
1995 4811 2080 4880 pro-

1100 4891 1178 4970 pter
1192 4887 1390 4968 stupratam
1405 4871 1552 4944 Levitae
1569 4879 1753 4972 coniugem
1768 4881 1827 4980 ω),

96 5040 146 5099 74)
162 5040 241 5089 nnec
257 5038 301 5085 est
317 5034 408 5085 alters
425 5031 561 5094 expeditio
579 5032 701 5081 eructate
718 5030 846 5080 conrado
860 5030 905 5082 tu.
927 5028 1048 5096 lupera.
1101 5034 1302 5045 ’‘m-‘-

131 5116 195 5159 tsre
211 5108 241 5156 et
258 5104 399 5157 toeovtca
413 5102 486 5153 l'lll.
504 5113 571 5163 rege
582 5100 792 5163 ursucogsutse
809 5100 921 5149 lucitus
937 5101 1049 5153 ι.1147.
1133 5107 1182 5172 8³)
1201 5109 1323 5163 ,1,1076,

96 5182 217 5325 affigo
236 5272 291 5309 rex
310 5256 521 5316 Francogelliae
540 5256 630 5303 tactus
647 5260 690 5304 est
706 5266 733 5306 a.
752 5254 825 5303 1498.
1133 5215 1182 5272 ⁸⁴)
1200 5214 1234 5266 Α·
1245 5211 1305 5265 ³⁶⁷·
1322 5224 1349 5265 ⁸·
1361 5214 1427 5267 ΟΜ·

609 5328 614 5335 ’
1133 5318 1183 5375 85)
1200 5317 1233 5365 Α.
1245 5315 1305 5367 408.
1321 5327 1348 5371 t.
1361 5316 1427 5370 ctu.

95 5355 147 5497 ddi
161 5344 467 5502 atiddbdboediolegg.
487 5429 598 5492 typogr.
616 5438 713 5479 errore
734 5427 847 5477 tatem:
874 5424 998 5486 pollen.
1134 5422 1183 5486 84)
1201 5421 1258 5474 lod
1273 5420 1316 5487 tt,
1334 5422 1444 5531 tttsrqqi
1463 5422 1509 5530 31),
1531 5426 1614 5488 tsqq.
1697 5433 1704 5446 ·
