4544 5766
630 1290 1053 1413 amomonl
1101 1273 1628 1408 Bmmmvono

559 1609 910 1688 ummnlcus
949 1603 1310 1683 ERNESTUS
1351 1599 1696 1693 BINDSELL

1071 1879 1108 1946 S.
1149 1878 1190 1943 1).

119 2208 251 2350 Viro
292 2290 445 2353 summe
481 2269 734 2359 Reverendo
774 2275 1150 2387 Bretschneidero,
1209 2275 1337 2357 hotius
1379 2267 1585 2379 Corporis
1615 2266 1949 2353 Reformatorum
1989 2255 2137 2344 condi·

123 2430 239 2528 tore,
285 2415 406 2498 cuius
438 2416 671 2525 quindecim
703 2422 847 2529 priora
884 2423 1096 2506 volumina
1132 2420 1280 2532 edidit,
1316 2426 1495 2528 mortuo,
1529 2412 1881 2500 Schwetschkius
1911 2404 2139 2515 bibliopola

124 2566 256 2649 liuius
288 2562 429 2670 operis
462 2564 731 2648 continuandi
760 2568 1016 2672 provinciam
1045 2568 1145 2650 milri
1174 2563 1450 2650 demandavit.
1520 2563 1612 2646 Hac
1639 2567 1838 2666 suscepta
1867 2553 2006 2641 studui
2035 2549 2139 2635 sub·

128 2710 240 2794 sidia
270 2708 517 2793 necessaria
543 2710 749 2822 colligere
778 2719 903 2819 atque
941 2714 1186 2829 explorare,
1223 2733 1426 2823 quaenam
1455 2705 1662 2792 editiones
1692 2702 1937 2811 scriptorum
1966 2699 2138 2781 Melan·

128 2857 272 2941 thomis
305 2856 348 2936 in
380 2851 646 2937 bibliothecis
675 2858 836 2962 patriae
864 2868 1035 2943 nostrae
1067 2858 1349 2945 celeberrimis
1374 2856 1658 2964 reperiantur,
1692 2873 1871 2960 easque,
1904 2846 2057 2956 quibus
2082 2839 2139 2926 ad

130 3000 329 3114 singulos
360 2998 493 3082 libros
521 2998 709 3082 edendos
742 3000 841 3083 milri
870 3025 975 3110 opus
1005 3013 1092 3117 est,
1121 3026 1379 3117 congerere,
1407 2999 1562 3111 quain
1592 3023 1639 3082 re
1667 3004 1784 3082 tanta
1811 2994 2064 3078 humanitate
2084 2992 2138 3076 ab

134 3150 208 3257 iis,
245 3146 316 3255 qui
351 3143 438 3227 illis
467 3143 733 3230 bibliothecis
763 3157 986 3262 praesunt,
1029 3152 1227 3258 adiuvor,
1269 3160 1313 3234 nt
1339 3144 1539 3232 beneficia
1567 3169 1708 3230 eorum
1733 3166 1819 3227 non
1847 3141 1954 3224 satis
1980 3139 2139 3247 possim

134 3293 321 3377 laudare.

245 3471 401 3559 Cetera
435 3479 571 3556 autem
606 3472 899 3563 Melanthonis
942 3481 1099 3589 scripta
1138 3481 1220 3564 hoc
1260 3478 1406 3561 ordine
1446 3476 1584 3587 edam,
1629 3482 1676 3560 ut
1711 3474 1854 3585 libris,
1901 3473 1945 3554 in
1987 3470 2140 3579 quibus

131 3624 376 3730 scriptionem
417 3642 579 3703 sacram
613 3623 847 3735 enarravit,
888 3649 914 3708 a
942 3624 1297 3710 Bretschneidero
1341 3627 1383 3708 in
1409 3623 1526 3706 Voll.
1552 3620 1689 3732 xlm,
1716 3619 1838 3705 XIV.
1864 3626 1906 3701 et
1924 3615 2024 3704 XV.
2056 3616 2141 3699 lru·

135 3771 201 3852 ius
229 3764 436 3873 Corporis
463 3764 609 3875 editis,
646 3790 721 3851 eos
751 3772 938 3875 proxime
966 3770 1216 3883 adiungam,
1256 3771 1300 3852 in
1340 3771 1492 3877 quibus
1532 3770 1760 3876 scriptores
1797 3765 1968 3851 classici
1999 3764 2054 3847 ab
2090 3785 2141 3845 eo

132 3913 316 3996 enarrati
345 3920 464 4020 sunt,
492 3910 634 4024 libris,
669 3914 741 4022 qui
767 3915 822 3998 ad
847 3917 1012 4002 ethicen
1036 3924 1076 4001 et
1100 3919 1296 4026 politicen
1320 3923 1531 4026 spectant,
1567 3914 1834 4025 praemissis,
1864 3912 1964 4020 quia
1991 3909 2139 4016 partim

132 4058 186 4141 ad
210 4056 313 4140 illos
344 4056 475 4142 libros
506 4054 844 4173 philosophicos,
874 4085 981 4170 quos
1007 4065 1065 4154 42
1094 4066 1259 4173 priores
1289 4064 1496 4174 plagulae
1521 4059 1759 4144 Voluminis
1777 4059 1897 4143 Xlll.
1919 4056 2143 4164 continent,

132 4206 279 4312 partim
310 4201 365 4286 ad
398 4211 610 4287 auctorum
640 4205 913 4291 classicorum
944 4213 1257 4294 commentarios
1287 4210 1507 4318 pertinent.
1574 4208 1655 4290 llis
1685 4208 1848 4314 reliqua
1877 4205 1972 4288 eius
2001 4200 2142 4310 plrilo-

131 4351 278 4463 logica
310 4348 467 4454 scripta
499 4347 725 4463 addentur,
768 4358 940 4462 etpost
974 4355 1082 4439 haec
1111 4352 1339 4440 Confessio
1369 4359 1630 4470 Augustana
1655 4354 1867 4460 ceterique
1896 4349 1994 4434 libri
2018 4346 2142 4431 theo·

132 4495 268 4607 logici
295 4500 421 4601 atque
451 4492 539 4577 alia
565 4496 722 4605 scripta
751 4500 863 4583 varii
891 4502 1130 4611 argumenti
1159 4510 1399 4610 sequentur.

245 4671 400 4760 Omnes
423 4674 505 4759 hos
529 4677 661 4762 libros
682 4682 740 4765 ita
755 4682 948 4796 edemus,
977 4691 1023 4769 ut
1045 4685 1271 4799 editiones,
1300 4686 1617 4794 quibuscunque
1641 4683 1700 4766 uli
1724 4684 1846 4765 nobis
1868 4682 2012 4789 liceat,
2040 4699 2143 4761 con·

130 4822 319 4906 ieramus
352 4819 406 4904 ad
431 4820 582 4906 menda
607 4826 648 4906 in
679 4828 733 4912 iis
762 4830 886 4913 obvia
917 4829 1104 4915 tollenda
1134 4855 1356 4941 earumque
1384 4832 1630 4914 varietatem
1658 4825 1944 4913 adnotandam.
2006 4822 2142 4907 Prae·

129 4980 192 5052 ter
223 4967 307 5048 lras
335 4972 459 5050 notas
487 4968 658 5056 criticas
688 4975 810 5059 etiam
848 4979 958 5062 alias
996 4975 1219 5091 addemus,
1263 4976 1414 5087 quibus
1447 4976 1657 5086 homines,
1698 4974 1797 5058 libri
1824 4993 2018 5057 eorumve
2049 4969 2142 5052 sin-

131 5112 226 5225 goli
257 5111 362 5223 loci,
390 5119 429 5196 et
457 5118 630 5225 1·es,do
660 5123 812 5230 quibus
840 5123 1090 5210 lllclanlhon
1120 5123 1322 5234 loquitur,
1359 5124 1546 5208 breviter
1581 5123 1844 5209 illustrantur
1872 5122 1941 5204 vel
1968 5134 2143 5203 accura-

132 5264 212 5343 tius
243 5257 491 5343 indicantur.
