4544 5766
184 194 270 272 101
464 172 1324 269 1111111111.1111.111·11111111111
1347 178 1607 266 common
1629 187 1942 265 senoranua
2136 180 2220 265 ’110

193 356 368 441 tuendam
385 378 449 452 est,
470 381 593 461 postea
609 373 689 434 eum
703 365 795 433 telle
809 346 1007 456 gobertum
1023 367 1181 459 pericula
1333 354 1433 455 Nego
1448 364 1759 458 consequentiam,
1781 374 1821 432 et
1835 360 1931 431 ratio
1948 372 2018 445 est,
2045 358 2224 456 quianon

196 487 231 543 et
252 472 467 554 certamina,
492 478 526 538 et
542 464 749 538 inchoatum
772 466 981 538 beneficium
1003 472 1182 562 perlicere.
1223 466 1329 535 -valet
1358 467 1611 562 consequentia
1644 490 1664 534 a
1692 464 1904 558 particulari
1931 467 1978 533 ad
2005 465 2222 535 universale.

87 603 89 608 ¹
187 575 464 645 Meminerimus
481 573 590 664 igitur
607 571 776 640 traditam
796 570 901 642 nobis
927 594 1001 642 esse
1023 573 1181 642 dulcissi-
1234 568 1317 640 Non
1346 570 1467 640 omnia
1496 568 1733 660 prospicimus
1760 568 1799 636 in
1831 568 2038 651 vocatione,
2079 580 2116 635 et
2147 588 2226 635 nou

196 704 292 747 mam
316 677 616 756 consolationem,
644 696 737 766 quac
760 670 853 742 nibd
876 676 921 742 ad
943 675 1098 745 Stoicam
1120 700 1183 743 ne·
1235 672 1356 742 omnia
1379 696 1567 764 possumus
1586 673 1766 764 perlicere.
1818 668 1914 762 Ergo
1938 666 2029 738 nibil
2050 668 2227 761 prospici-

197 781 393 852 ccssitatem
410 779 577 870 pertinet,
603 778 664 846 scd
680 775 786 845 simul
801 776 964 870 requirit,
988 782 1029 847 ut
1043 777 1183 847 ardenti
1232 799 1334 857 mus,
1368 788 1404 845 et
1428 771 1520 843 nibil
1543 775 1692 865 agimus.
1727 769 2226 842 41111111111111111111111111

197 883 422 952 invocatione
437 893 600 973 petamus
616 878 798 948 auxilinm.
849 880 979 949 Addita
998 893 1050 951 est
1064 891 1182 951 antem
1234 877 1421 947 vocatione
1444 877 1623 971 loquitur,
1652 899 1760 970 quam
1782 876 1947 944 nominat
1970 876 2086 958 viam,
2111 887 2148 942 et
2167 899 2227 944 ex-

197 984 451 1067 11111111111111,
478 1004 587 1077 quare
604 979 700 1050 Deus
716 1003 781 1050 nos
803 995 923 1065 vocet,
953 1008 1063 1077 quare
1086 984 1183 1071 10111-
1234 979 1365 1049 clusive
1384 980 1611 1071 intelligenda
1628 991 1696 1049 est:
1722 977 1806 1047 Non
1821 991 1874 1048 cst
1888 972 2045 1047 bominis
2062 979 2119 1045 sia
2137 977 2226 1062 eins,

197 1100 257 1183 gat
270 1087 485 1169 Ecclesiam,
509 1083 599 1179 et⁸⁸)
615 1084 709 1152 inter
724 1084 881 1173 ingentia
902 1088 1094 1156 certamina
1112 1108 1183 1156 ser-
1234 1082 1362 1166 idest,
1388 1083 1528 1151 vocatio
1546 1106 1622 1150 non
1638 1078 1811 1151 foeliciter
1832 1081 1968 1170 regitur
1989 1081 2074 1150 solis
2098 1076 2226 1151 huma-

196 1203 267 1260 ret.
325 1188 396 1271 Ut,
424 1187 559 1281 inquit,
585 1186 704 1280 aliqua
720 1187 809 1253 liant
829 1199 929 1277 grata
950 1188 1031 1280 ipsi.
1081 1189 1183 1258 Hanc
1232 1185 1290 1254 nis
1308 1185 1464 1255 consiliis
1486 1197 1522 1253 et
1542 1184 1697 1264 viribus,
1721 1185 1782 1251 sed
1797 1182 1949 1255 sciamus
1964 1206 2142 1275 opusesse
2157 1183 2227 1251 Dei

197 1316 339 1363 causam
369 1292 512 1359 finalem
546 1313 671 1380 graeca
703 1289 811 1356 verba
825 1288 874 1384 ⁸⁰)
905 1293 1000 1382 apud
1029 1291 1182 1361 Paulum
1236 1287 1389 1370 auxilio,
1415 1289 1505 1357 sicut
1525 1287 1638 1358 multa
1661 1285 1754 1355 dicta
1779 1285 1909 1356 similia
1931 1289 2060 1356 docent
2076 1286 2227 1380 (Psalm.

197 1394 414 1485 significant,
442 1416 532 1487 quae
558 1391 662 1460 multi
685 1391 810 1460 alienis
831 1392 1184 1484 interpretationibus
1238 1389 1408 1484 127‚1.):
1437 1390 1513 1461 Nisi
1530 1388 1707 1460 Dominus
1726 1389 1934 1458 custodierit
1950 1390 2130 1458 civitatem
2156 1403 2224 1460 etc.

198 1508 447 1588 corruperunt,
471 1520 551 1563 eum
567 1489 789 1563 hortantum
806 1494 1052 1581 dicatI'aulus,
1067 1496 1183 1567 Deum
1235 1491 1322 1560 ltem
1346 1491 1487 1587 (loann.
1506 1489 1573 1576 15,
1594 1490 1667 1587 5.);
1705 1491 1789 1560 Sine
1810 1516 1868 1561 me
1892 1489 1982 1562 nihil
2002 1493 2151 1585 potestis
2175 1495 2227 1560 ia-

197 1600 369 1669 immensa
398 1596 641 1666 misericordia
672 1595 836 1686 colligere
860 1611 895 1667 et
917 1598 1040 1668 iuvare
1064 1599 1185 1668 Eccle-
1237 1620 1327 1665 cere.

197 1702 306 1786 siam,
339 1725 385 1769 ne
411 1712 530 1769 totum
562 1723 672 1790 genus
695 1694 894 1769 humanum
914 1703 1024 1770 faciat
1044 1702 1183 1793 ingrata
1339 1696 1566 1766 Concursant
1606 1696 1715 1786 igitur
1749 1697 1786 1765 in
1825 1699 1930 1767 nobis
1968 1696 2153 1786 diligentia
2191 1710 2228 1765 et

197 1804 295 1888 Deo,
320 1805 381 1874 sed
395 1816 435 1871 ut
449 1802 567 1895 aliqua
583 1826 665 1893 pars
682 1801 819 1891 generis
837 1799 986 1872 hnmani
1000 1804 1078 1872 Deo
1102 1807 1185 1874 obe·
1237 1801 1332 1870 fides.
1397 1799 1461 1869 Est
1484 1799 1613 1894 aliquis
1636 1812 1785 1870 conatus
1810 1800 2004 1870 voluntatis
2024 1800 2064 1866 in
2085 1799 2225 1869 Davide

198 1906 293 1991 diat,
321 1919 356 1974 et
368 1928 443 1973 non
461 1904 508 1974 sit
523 1903 667 1972 condita
683 1904 730 1971 ad
744 1917 930 1975 aeternum
949 1908 1108 1977 exitium.
1236 1914 1381 1985 renato,
1409 1905 1453 1970 ad
1468 1903 1669 1972 iaciendum
1689 1903 1864 1986 osticium,
1890 1905 1951 1974 sed
1968 1905 2111 1972 accedat
2124 1904 2226 1985 fides,

684 2070 692 2087 ,
1236 2017 1359 2096 petens
1378 2004 1548 2075 arixilium
1559 2004 1646 2087 Dei,
1669 2016 1704 2073 11
1720 2019 1818 2075 11110
1835 2018 1986 2090 statuat,
2011 2005 2226 2075 1111111111

497 2128 498 2132 ’
610 2071 780 2142 Almd·
1237 2109 1325 2175 velle
1347 2108 1537 2198 opitulari,
1561 2120 1599 2176 et
1620 2107 1801 2197 postulare
1823 2103 1918 2178 hunc
1939 2110 2093 2192 cultum,
2117 2121 2161 2179 ut
2181 2110 2226 2176 ab

246 2209 420 2281 Proverb.
436 2207 496 2291 16,
513 2203 602 2301 (9.);
636 2207 756 2276 Homo
773 2224 965 2303 praeparat
982 2237 1062 2296 cor,
1088 2214 1185 2284 Deus
1236 2210 1313 2301 ipso
1339 2223 1561 2301 expectemus
1586 2210 1776 2295 auxilium,
1812 2236 1879 2281 nec
1903 2237 1969 2281 nos
1989 2212 2066 2281 sine
2090 2211 2224 2282 auxilio

298 2324 417 2381 autem
436 2311 611 2402 gubernat
628 2310 828 2381 consilium.
1236 2312 1305 2380 Dei
1319 2313 1487 2381 salutaria
1504 2316 1620 2382 facere
1637 2337 1751 2403 posse.
1804 2313 1861 2383 sic
1875 2328 1910 2383 et
1925 2340 1994 2383 vox
2009 2312 2146 2384 Psalmi
2160 2316 2225 2384 do-

244 2415 341 2506 -Ergo
359 2416 458 2483 nulla
475 2425 527 2483 cst
540 2412 686 2482 libertas
701 2414 910 2484 voluntatis.
1237 2428 1290 2484 cet
1306 2414 1455 2509 (Psalm.
1471 2417 1534 2499 37,
1552 2412 1623 2509 5.):
1652 2415 1872 2486 Commendo
1892 2417 1971 2486 Deo
1995 2418 2090 2486 viam
2111 2430 2227 2500 tuam,

217 2554 242 2564 -·
296 2517 525 2609 Respondeo.
577 2515 780 2585 Prudenter
802 2518 1102 2587 considerandum
1121 2531 1185 2602 est,
1237 2530 1272 2586 et
1289 2518 1363 2609 ipse
1378 2518 1494 2589 faciet.
1547 2518 1643 2587 Haec
1664 2520 1825 2587 doctrina
1841 2524 1884 2590 dc
1902 2521 2130 2613 copulatione
2147 2521 2228 2589 dili-

198 2621 398 2715 qonedicta
413 2621 608 2714 loquantur
624 2620 667 2686 de
683 2618 854 2688 electione
869 2621 1075 2706 voluntatis,
1093 2645 1184 2716 quae
1237 2620 1377 2711 gentiae
1407 2633 1442 2689 ct
1469 2621 1570 2705 fidei,
1608 2620 1702 2689 inter
1731 2625 1943 2717 praecipuas
1967 2623 2060 2692 vitae
2085 2625 2228 2717 regidos

195 2744 283 2793 vero
307 2725 350 2792 dc
368 2734 508 2793 eventu.
555 2719 684 2812 lugens
705 2722 800 2790 enirn
824 2723 1016 2793 discrimen
1038 2737 1091 2794 est
1115 2726 1184 2795 ele·
1236 2724 1389 2792 tenenda
1416 2734 1487 2807 est,
1512 2736 1554 2792 nt
1579 2722 1736 2794 vitentur
1751 2726 1861 2795 Stoici
1884 2739 1919 2795 et
1937 2727 2106 2819 Epicurei
2128 2730 2227 2797 iuro·

196 2827 324 2896 ationis
346 2838 382 2893 et
402 2837 558 2894 eventus.
609 2824 788 2894 Antonius
810 2827 887 2894 vult
910 2827 1124 2918 imperium,
1150 2840 1185 2896 et
1235 2827 2227 2922 111111,1111111111111111111110,1111111111111110-

195 2923 302 2998 lruius
316 2926 498 2995 electionis
513 2948 617 2995 causa
633 2938 685 2995 est
699 2927 775 2995 sola
791 2927 978 3012 voluntas,
1001 2930 1063 2999 sed
1079 2954 1184 2998 even
1235 2928 1336 3019 priae
1355 2928 1569 3018 sapientiae,
1594 2930 1650 2996 vel
1675 2931 1923 3021 desperatione
1945 2935 2147 3004 deserentes
2164 2959 2227 3003 vo-

195 3043 252 3101 tus
268 3032 399 3122 pendet
412 3030 457 3098 ab
472 3026 551 3096 aliis
567 3028 687 3098 multis
704 3027 829 3099 causis.
871 3031 956 3099 Saul
970 3033 1048 3101 vult
1060 3056 1184 3102 necem
1237 3030 1427 3101 cntionem.

196 3132 366 3216 Davidis,
394 3133 456 3200 sed
473 3141 619 3199 eventus
635 3130 841 3222 impeditur.
1716 3202 1724 3218 ι

300 3235 390 3305 Cum
405 3234 513 3326 igitur
529 3233 654 3323 ingens
668 3232 861 3303 discrimen
884 3232 930 3303 sit
946 3233 1127 3304 electionis
1150 3248 1185 3304 et
1650 3201 1759 3273 ‘41¹⁰
1769 3205 1804 3275 d·

197 3350 362 3420 eventus,
394 3337 487 3406 dicta
505 3337 549 3405 de
564 3336 748 3406 eventibus
762 3361 837 3405 non
856 3339 1118 3407 transferantur
1138 3339 1184 3406 ad
1285 3328 1415 3425 Ephcs.
1448 3337 1482 3418 1,
1507 3335 1624 3433 (11.):
1663 3337 1760 3409 Deus
1793 3339 1865 3430 agit
1885 3341 2006 3410 omnia
2026 3347 2225 3415 secundum

195 3442 391 3510 tollendam
406 3439 614 3525 electionem
630 3440 835 3511 voluntatis.
877 3440 1107 3509 Manifestum
1120 3453 1184 3523 est,
1338 3437 1529 3510 consilium
1547 3442 1742 3511 voluntatis
1758 3467 1854 3513 suae.

196 3545 338 3614 Saulem
352 3542 509 3634 potuisse
524 3543 613 3611 velle
627 3567 750 3612 necem
767 3542 937 3626 Davidis,
955 3545 1022 3613 ‘sed
1037 3557 1184 3613 eventus
1337 3539 1569 3631 Respondeo:
1596 3543 1674 3612 Hoc
1693 3545 1894 3616 universale
1917 3547 2051 3617 dictum
2076 3573 2152 3618 non
2166 3549 2224 3618 'lo

198 3646 341 3714 aliunde
356 3646 630 3738 impediebatur.
681 3645 729 3713 Et
743 3641 831 3714 baec
846 3646 937 3715 dicta
954 3659 1037 3716 sunt
1052 3645 1183 3715 doctri·
1236 3634 1359 3735 quitur
1379 3645 1423 3711 de
1445 3657 1600 3740 utroque
1624 3670 1751 3738 genere
1775 3648 1977 3733 actionum,
2004 3653 2047 3720 de
2067 3651 2174 3722 bonis
2191 3665 2226 3721 et

196 3770 264 3817 nae
280 3761 321 3817 et
342 3748 620 3830 consolationes,
650 3743 846 3837 probibent
866 3749 1032 3820 fiduciam
1057 3749 1183 3832 nostri,
1235 3744 1338 3814 molis
1361 3745 1560 3819 actionibus
1583 3750 1746 3820 omnium
1770 3745 1979 3838 hominum,
2005 3757 2066 3823 sed
2082 3767 2224 3824 tantum

195 3864 347 3920 monent
378 3863 419 3920 ut
442 3849 537 3918 iusta
561 3863 596 3918 et
624 3850 873 3919 convenientia
894 3851 1075 3921 vocationi
1097 3852 1184 3920 veli·
1235 3848 1279 3916 de
1296 3848 1474 3920 beneficiis
1493 3851 1624 3922 divinis
1647 3852 1685 3920 in
1702 3853 1878 3939 Ecclesia,
1905 3856 2070 3926 videlieet
2092 3860 2138 3928 dc
2160 3882 2224 3928 vo·

194 3978 295 4037 unis,
329 3965 366 4022 et
384 3965 549 4044 petamus
572 3951 744 4021 auxilium
768 3952 855 4037 Dei,
892 3967 1042 4024 monent
1063 3955 1184 4038 etiam,
1231 3950 1394 4034 11110111,
1416 3953 1605 4039 electione,
1631 3957 1890 4047 gubernatione
1907 3972 1942 4027 et
1956 3961 2121 4052 gloriosis
2134 3960 2223 4030 lise

194 4057 358 4128 11111111
375 4056 591 4137 terroribus,
616 4054 820 4125 desinamus
835 4070 930 4127 recte
944 4059 1073 4141 facere,
1098 4058 1182 4152 quia
1234 4052 1434 4124 rationibus
1449 4055 1626 4128 Ecclesiae
1642 4070 1727 4142 etei,
1751 4073 1792 4130 ut
1812 4064 1998 4132 confirmet
2010 4089 2098 4149 nos,
2122 4087 2171 4133 ne
2186 4064 2223 4133 in
2262 4120 2264 4148 ,

196 4173 343 4230 eventus
367 4182 442 4228 non
466 4181 486 4227 1
509 4157 593 4227 solis
616 4157 861 4229 voluntatibus
885 4156 1073 4229 bominum
1097 4184 1183 4252 pen·
1234 4167 1334 4224 tanta
1357 4157 1598 4230 imbecillitate
1616 4174 1758 4247 nostra,
1785 4176 1821 4232 11
1842 4165 1880 4233 in
1901 4178 1974 4235 tam
1996 4167 2106 4238 variis
2129 4168 2222 4260 perl-
2261 4222 2264 4260 ,

197 4265 292 4332 dent.
343 4263 426 4332 Non
441 4256 760 4344 confidatPharao,
787 4287 822 4331 se
840 4288 1093 4355 oppressurum
1109 4288 1183 4332 esse
1236 4257 1322 4328 culis
1353 4272 1388 4328 et
1415 4262 1723 4347 distractionibus,
1764 4267 2004 4339 existimemus
2026 4270 2220 4341 Ecclesiam

192 4363 391 4447 israelitas,
416 4365 555 4434 etiamsi
576 4365 653 4433 vult
678 4377 713 4432 et
734 4366 900 4436 decrevit.
957 4365 1041 4436 Non
1062 4367 1184 4457 despe-
1235 4373 1375 4430 tantum
1389 4360 1556 4436 humanis
1572 4366 1708 4437 viribus
1731 4380 1766 4437 et
1782 4371 1938 4441 consiliis
1953 4373 2047 4464 regi,
2074 4398 2116 4443 ac
2137 4364 2221 4465 pro-

195 4479 278 4536 rent
299 4467 433 4550 11111111,
465 4466 504 4533 in
519 4466 704 4559 Babylone
721 4467 838 4537 Deum
862 4481 1086 4539 servaturum
1109 4493 1183 4539 esse
1232 4475 1356 4555 pterea
1372 4468 1476 4537 fracti
1490 4471 1756 4561 desperatione,
1783 4474 1991 4544 abiiciamus
2007 4476 2222 4559 doctrinam,

197 4568 411 4650 Ecclesiam,
437 4567 577 4637 etiamsi
592 4569 760 4661 dissipata
774 4582 866 4641 erat.
1235 4569 1309 4635 imo
1333 4567 1451 4663 inquit
1471 4572 1622 4642 Paulus:
1664 4574 1795 4645 Scitote
1818 4578 1938 4648 adesse
1962 4577 2080 4649 Deum
2099 4577 2223 4648 Eccle-

617 4737 688 4805 ΑΙ,
731 4741 754 4807 d
1235 4669 1309 4739 siae
1325 4697 1427 4756 suae,
1455 4686 1490 4742 et
1504 4676 1606 4746 vobis
1629 4702 1733 4770 opem
1756 4681 1861 4751 serre.
1910 4679 1987 4772 lpse
2003 4707 2065 4752 sua
2080 4680 2223 4752 miseri-

678 4763 723 4809 ¹¹¹
756 4790 765 4808 ·
1236 4774 1355 4843 cordia
1375 4777 1508 4867 recepit
1524 4780 1638 4848 Adam
1662 4793 1697 4849 et
1709 4779 1844 4866 Evam,
1872 4784 2028 4855 desertos
2043 4778 2224 4881 1111111111-

248 4871 627 4969 leremiae10,(23.):
656 4874 736 4943 Scio
753 4872 928 4958 Domine,
955 4900 1030 4945 non
1052 4875 1184 4947 estho-
1234 4877 1300 4946 bus
1325 4880 1514 4963 creaturis,
1554 4895 1589 4952 et
1611 4883 1704 4955 iilius
1723 4908 1864 4977 semper
1884 4887 1971 4971 init,
2011 4902 2063 4958 est
2082 4868 2228 5171 &erit

299 4977 407 5047 minis
431 4978 489 5045 via
513 4977 609 5060 eius,
636 5001 702 5045 nec
724 4976 793 5045 viri
813 4991 881 5061 est,
914 4979 1067 5071 dirigere
1090 5005 1184 5072 gres-
1236 4991 1352 5049 custos
1367 4980 1556 5056 Ecclesiae.
1606 4985 1672 5054 Hic
1695 5000 1811 5058 custos
1834 4989 1924 5058 rexit
1944 5014 2063 5059 1111111
2127 4982 2230 5075 1111,

300 5104 359 5152 sus
375 5104 469 5151 suos.
1235 5083 1391 5151 servavit
1410 5087 1584 5177 populum
1608 5091 1772 5158 eductum
1798 5115 1839 5160 ex
1862 5092 2036 5184 Aegypto.
2148 5087 2231 5164 bis

195 5209 198 5217 ’
246 5185 344 5276 Ergo
357 5184 457 5253 nulla
475 5194 528 5251 est
541 5181 686 5253 libertas
702 5182 907 5253 voluntatis.
1236 5184 1413 5256 continuis
1441 5190 1619 5259 beneficiis
1658 5190 1695 5259 in
1725 5192 1880 5264 Ecclesia
1921 5196 2038 5287 inquit
2068 5180 2231 5491 lig:

231 5363 282 5422 m
299 5362 342 5420 et]
363 5355 488 5408 mm
509 5354 601 5417 qm,
621 5356 697 5409 ,Μ
716 5361 744 5409 e,
764 5357 858 5421 taam
886 5355 913 5407 m
932 5355 982 5408 m
1001 5356 1076 5409 m·
1096 5356 1183 5409 dem
1234 5287 1349 5407 licum
1369 5294 1491 5361 omnia
1508 5317 1610 5386 agere
1626 5297 1821 5365 secundum
1844 5298 2030 5368 consilium
2054 5328 2077 5368 v
2120 5300 2142 5393 Ἰ
2216 5342 2234 5355 -

224 5431 280 5485 ss)
298 5430 407 5480 voss:
430 5418 502 5490 ὑπὲρ
517 5423 564 5487 τῆς
580 5417 714 5486 etsexta,
1233 5403 1278 5463 trs
1294 5417 1399 5478 suae,
1425 5395 1462 5464 id
1481 5407 1550 5480 est,
1575 5410 1756 5488 praestare
1773 5400 1894 5470 omnia
1914 5401 2085 5476 beneficia
2116 5476 2143 5511 1,
2196 5426 2236 5471 1-

2063 5616 2098 5713 Ι
