4566 5760
116 231 197 308 ns-
414 270 452 289 ..
534 272 537 277 ·
685 226 726 304 n.
765 226 974 321 erucas
998 220 1277 301 moramur
1302 220 1578 299 ansanum.
2075 226 2153 302 ιιι

119 403 199 496 quis
216 403 313 494 apud
328 415 362 471 tc
378 425 484 473 sanus
498 401 656 494 gladium
672 402 855 496 deposuit,
882 427 1034 497 eumque
1048 426 1105 470 re-
1157 412 1213 469 tus
1230 411 1300 483 est,
1324 422 1404 467 cum
1420 400 1648 471 interfecisset
1662 412 1827 471 matrem.
1874 388 1919 469 ¹ln
1934 395 1990 471 his
2006 399 2145 470 casibus

118 505 235 597 poscit
258 507 397 587 furens,
422 505 478 574 lex
499 506 648 575 inferior
668 507 766 575 iubet
787 507 956 589 reddere,
992 517 1029 572 at
1049 505 1106 573 lex
1157 499 1297 592 scripsit
1313 502 1527 597 antiquitas,
1550 502 1727 595 mitigatas
1743 528 1816 573 esse
1838 527 1973 593 poenas
1995 516 2145 594 propter

119 609 304 700 superior:
352 608 540 679 Neminem
570 609 710 690 laedas,
756 622 843 677 tunc
866 609 970 677 reddi
998 619 1106 676 vetat.
1158 604 1380 696 probabilem
1400 606 1597 689 rationem,
1623 619 1657 674 et
1678 605 1859 677 transtulit
1880 602 1968 675 haec
1992 605 2144 676 illustria

120 709 205 780 ldeo
221 711 348 780 usitate
365 710 509 780 dicitnr:
541 710 770 802 Dispensatio
790 734 866 780 non
891 711 936 780 sit
959 709 1107 801 dissipa·
1159 708 1317 799 exempla
1335 709 1380 774 ad
1396 709 1624 778 autoritatem
1639 708 1818 793 divinam,
1843 721 1884 777 nt
1905 709 2145 800 significarent

120 813 185 885 tio.
237 814 395 906 Suntque
412 815 503 882 duae
517 814 665 883 virtutes
682 813 840 897 vicinae,
864 838 986 882 severa
1008 812 1107 882 iusti·
1158 805 1321 879 homines
1344 811 1460 895 docti,
1487 824 1635 904 propter
1659 811 1939 883 circumstantias
1960 811 2141 880 interdum

121 916 192 997 tia,
218 929 253 984 et
268 912 457 997 ἐπιείκεια,
484 942 638 1010 quarum
655 928 806 1009 utraque
821 916 957 1006 regitur
970 939 1055 983 vera
1073 926 1108 982 et
1158 926 1253 981 recte
1271 914 1416 981 concedi
1430 914 1669 1006 mitigationes
1685 937 1895 1006 poenarum.

119 1018 211 1087 iusta
234 1017 394 1101 ratione,
428 1031 464 1086 et
488 1019 659 1089 differunt
682 1017 866 1108 gradibus,
900 1031 935 1087 et
964 1041 1107 1087 versan-
1160 1104 1161 1108 Ἰ
1259 1011 1408 1086 Athenis
1423 1031 1505 1109 post
1521 1012 1740 1110 Thrasybuli
1759 1015 1963 1100 victoriam,
1990 1041 2069 1085 cum
2094 1016 2143 1082 ci-

120 1135 180 1189 tur
198 1120 291 1188 iuter
308 1123 433 1189 eadem
458 1133 634 1204 extrema,
665 1121 910 1190 crudelitatem
933 1133 969 1190 et
990 1121 1107 1190 indul·
1155 1139 1219 1185 ves
1240 1113 1368 1188 iniuste
1389 1121 1500 1211 pulsi,
1532 1145 1595 1190 sua
1618 1119 1854 1212 patrimonia,
1881 1143 1972 1213 quae
1996 1120 2041 1186 ab
2064 1117 2143 1187 aliis

123 1223 293 1313 gentiam.
1158 1219 1451 1310 possidebantur,
1488 1235 1648 1314 repetere
1670 1247 1811 1292 summo
1833 1222 1911 1292 iure
1931 1221 2142 1312 potuissent,

222 1324 402 1416 Exemplis
423 1338 542 1392 autem
565 1325 651 1392 fient
670 1318 757 1392 haec
774 1323 981 1392 illustriora.
1033 1321 1106 1391 Da·
1158 1334 1278 1390 tamen
1301 1323 1385 1417 quia
1404 1325 1487 1393 inde
1510 1326 1598 1393 novi
1619 1337 1738 1396 motus
1763 1325 1890 1394 orituri
1915 1337 2036 1407 erant,
2063 1344 2143 1393 san-

120 1427 181 1495 vid
196 1428 235 1495 in
252 1427 460 1496 necessitate
476 1426 628 1496 rescitur
646 1426 755 1495 sacris
770 1427 922 1517 panibus
940 1425 992 1519 (1.
1009 1425 1105 1496 Sam.
1156 1424 1208 1492 xit
1224 1418 1470 1518 Thrasybulus
1488 1423 1717 1522 ἀμνηστίαν,
1757 1427 1793 1495 id
1821 1440 1889 1509 est,
1924 1427 2142 1495 oblivionem

118 1532 182 1614 21,
197 1530 270 1624 6.),
298 1530 381 1623 quia
404 1528 470 1599 scit
491 1530 671 1619 regulam,
697 1528 847 1598 moralia
874 1530 1103 1597 anteferenda
1157 1527 1320 1596 omnium
1348 1528 1580 1613 iniuriarum,
1618 1555 1687 1623 qna
1718 1525 1932 1619 prohibebat
1958 1528 2144 1620 repetitio-

118 1655 194 1701 esse
210 1632 439 1717 ceremoniis,
465 1654 544 1700 cum
568 1645 719 1724 utraque
738 1654 813 1700 non
835 1645 983 1722 possunt
1000 1631 1105 1701 simul
1156 1652 1238 1697 nem
1256 1631 1453 1715 honorum,
1478 1632 1674 1725 quamlibet
1691 1632 1820 1701 iustam
1836 1657 1978 1701 summo
1995 1630 2141 1724 iuret).

117 1735 268 1805 servari.
332 1735 447 1805 Norat
480 1735 587 1802 etiam
622 1746 706 1802 trane
739 1735 777 1801 in
810 1758 852 1802 eo
886 1737 980 1802 facto
1013 1730 1106 1802 nihil
1156 1730 1225 1800 Sed
1250 1728 1337 1801 haec
1358 1735 1557 1804 moderatio
1580 1737 1687 1804 finem
1707 1734 1790 1803 fecit
1820 1733 1974 1802 civilium
2008 1735 2143 1802 discor-

117 1861 194 1905 essc
220 1837 387 1906 scandali.
453 1835 635 1905 Maccabei
664 1837 872 1928 pugnabant
893 1837 931 1904 in
956 1838 1103 1905 sabbato
1156 1834 1297 1903 diarum
1321 1849 1357 1904 et
1375 1838 1564 1908 bellorum.
1630 1836 1764 1906 Extant
1787 1837 1881 1906 etin
1909 1835 2141 1904 concionibus

118 1941 175 2032 (1.
191 1940 301 2009 Mace.
317 1945 353 2022 2,
376 1938 474 2034 41.)‚
516 1964 595 2008 curn
621 1939 677 2006 lex
697 1939 892 2031 praecipiat
914 1939 1104 2033 quiescere.
1154 1934 1372 2029 propheticis
1400 1952 1435 2009 et
1461 1941 1663 2032 apostolicis
1693 1939 1785 2008 dicta
1808 1940 1851 2007 de
1875 1933 1942 2006 hac
1964 1936 2142 2030 probabili

116 2041 188 2109 Sed
212 2043 295 2136 quia
320 2039 439 2112 hostes
459 2042 571 2133 ipsam
593 2041 731 2111 sabbati
749 2042 970 2111 occasionem
987 2054 1105 2133 capta-
1156 2040 1396 2131 mitigatione,
1425 2057 1466 2112 ut
1489 2045 1661 2113 Salomon
1682 2042 1799 2137 inquit
1821 2040 1968 2137 (Eccles.
1986 2040 2021 2125 7,
2043 2038 2139 2135 17.);

118 2145 227 2228 bant,
268 2158 309 2215 ut
338 2159 423 2216 tunc
445 2141 594 2214 ludaeos
626 2145 890 2236 opprimerent,
922 2170 1002 2214 cnm
1028 2168 1105 2212 non
1157 2142 1211 2212 Ne
1232 2143 1279 2212 sis
1298 2144 1406 2214 nimis
1425 2146 1547 2217 iustus.
1605 2145 1692 2215 ltem
1716 2146 1842 2239 (Prov.
1858 2144 1920 2229 30,
1938 2142 2034 2238 38.);
2068 2141 2141 2236 Qui

118 2247 411 2338 praeliabantur,
445 2250 590 2317 tandem
614 2247 798 2316 Maccabei
817 2248 1021 2316 anteferunt
1044 2248 1105 2315 de·
1155 2244 1307 2314 nimium
1330 2251 1507 2340 emungit,
1540 2249 1634 2319 elicit
1656 2248 1877 2339 sanguinem.
1943 2244 2029 2315 ltem
2055 2243 2141 2338 (lac.

117 2351 316 2419 sensionem
341 2351 493 2432 cisium,
521 2375 612 2444 quae
638 2363 690 2419 cst
712 2364 903 2441 praecepta
926 2350 1002 2440 lege
1026 2375 1105 2417 mo·
1155 2346 1305 2443 2,13.):
1332 2350 1577 2421 Misericordia
1593 2365 1736 2443 superet
1759 2351 1942 2420 iudicium.
1992 2346 2044 2416 lta
2062 2347 2141 2417 nni·

117 2451 204 2536 rali,
231 2453 426 2546 etquidem
444 2452 867 2544 servabantfinemlegis.
908 2452 992 2522 Non
1008 2452 1102 2519 enim
1156 2450 1339 2519 versaliter
1353 2455 1431 2521 vult
1442 2452 1538 2523 Dens
1556 2455 1594 2521 in
1609 2452 1782 2537 Ecclesia,
1808 2453 1847 2520 in
1870 2451 1995 2543 poenis
2019 2463 2141 2519 tamen

117 2548 188 2622 hoc
202 2557 373 2644 agebant,
392 2569 433 2624 ut
449 2549 504 2623 his
520 2555 689 2644 exemplis
705 2556 888 2623 abolerent
905 2555 1105 2635 sabbatum,
1157 2553 1314 2642 conspici
1333 2553 1530 2623 honitatem
1553 2579 1654 2625 suam
1676 2569 1711 2624 et
1735 2554 2037 2635 misericordiam,
2070 2576 2141 2647 qua

114 2659 179 2725 sed
197 2659 310 2725 multo
325 2657 455 2747 magis,
480 2668 520 2725 nt
533 2657 720 2725 sabbatum
741 2669 775 2725 et
798 2655 998 2725 doctrinam
1021 2679 1107 2747 pro-
1156 2653 1244 2723 lenit
1257 2679 1410 2745 poenas,
1437 2656 1534 2727 iuxta
1551 2657 1639 2726 illud
1657 2654 1809 2752 (Thren.
1827 2656 1863 2739 8,
1876 2655 1973 2750 22.):
2000 2654 2140 2725 Miseri-

117 2771 326 2851 pugnarcnt
342 2771 378 2826 et
394 2759 635 2829 defenderent.
1158 2756 1298 2826 cordiae
1328 2757 1494 2843 Domini,
1539 2761 1636 2853 qnod
1666 2785 1743 2829 non
1776 2757 1978 2849 consumpti
2007 2780 2140 2827 sumus.

221 2857 429 2951 lnDigestis
445 2862 488 2928 de
506 2856 1105 2954 parricidiisss)ImperatorAdria-
1156 2856 1243 2926 ltem
1271 2858 1374 2954 (llos.
1398 2862 1466 2946 11,
1489 2862 1560 2957 9.):
1599 2863 1683 2932 Non
1708 2861 1835 2931 faciam
1868 2863 2028 2930 furorem
2065 2860 2139 2927 irae

116 2987 304 3047 nuscum,
331 2964 394 3056 qui
415 2963 525 3033 filiurn
550 2963 746 3047 occiderat,
772 2975 981 3055 propterea,
1008 2961 1106 3055 qnod
1157 2985 1268 3032 meae.
1320 2961 1676 3060 Item(los12‚ta.):
1701 2965 1825 3034 Bonus
1847 2962 2142 3034 estDorninuset

119 3090 201 3135 cum
231 3089 386 3135 noverca
409 3066 576 3135 adulterii
599 3067 890 3135 consuetudinem
912 3060 1107 3146 habuisset,
1156 3064 1376 3152 misericors,
1403 3081 1438 3135 et
1458 3068 1618 3160 poenitet
1638 3093 1720 3138 eum
1741 3067 1839 3138 mali.
1890 3064 1977 3135 ltem
1993 3066 2141 3159 (Psalm.

118 3180 258 3236 tantum
274 3168 457 3260 deportari
471 3168 588 3253 iubet,
615 3192 696 3237 cum
714 3191 855 3238 summo
879 3168 956 3237 iure
979 3165 1106 3236 durior
1157 3167 1219 3250 78,
1235 3167 1332 3263 58.);
1359 3169 1443 3240 Νοιι
1458 3171 1618 3240 accendit
1638 3184 1750 3241 totam
1776 3169 1867 3238 iram
1888 3193 2001 3240 suam.
2053 3167 2141 3236 ltem

118 3294 236 3362 poena
258 3270 426 3341 constitui
451 3272 635 3364 potuisset.
694 3270 763 3340 Sed
786 3283 935 3362 propter
955 3269 1104 3338 circum·
1158 3267 1320 3363 (ler.10,
1343 3270 1440 3365 24.):
1480 3272 1655 3358 Domine,
1694 3274 1833 3364 corripe
1854 3298 1912 3342 me
1936 3272 1974 3340 in
1997 3271 2142 3352 indicio,

116 3372 287 3444 stantiam
301 3375 461 3465 mitigata
479 3385 531 3443 cst
543 3396 682 3466 poena,
707 3373 791 3467 quia
806 3372 945 3444 sceleris
967 3370 1105 3462 magni·
1156 3397 1231 3441 non
1255 3373 1293 3441 in
1315 3376 1448 3446 furore.
1499 3374 1576 3444 lmo
1597 3377 1803 3446 universum
1816 3372 2052 3466 Evangelium
2077 3387 2141 3454 est,

115 3476 206 3545 tudo
223 3475 354 3546 iustum
371 3478 532 3545 dolorem
551 3475 668 3544 attulit
683 3475 790 3567 patri.
835 3473 1103 3566 ApndGellium
1156 3475 1320 3545 miranda
1345 3489 1381 3546 et
1403 3478 1527 3569 ingens
1547 3475 1717 3551 ἐπιείκεια
1737 3478 1841 3568 legis,
1868 3478 1950 3570 (pria
1977 3479 2142 3557 affirmat,

117 3577 182 3649 lib.
209 3580 268 3651 12.
295 3580 409 3672 capite
425 3579 461 3651 7.
485 3577 722 3670 Areopagitae
742 3579 897 3647 liberant
918 3575 1103 3645 mulierem
1155 3576 1233 3645 Deo
1256 3579 1295 3645 in
1319 3580 1542 3650 credentibus
1563 3594 1712 3672 propter
1735 3579 1972 3649 Mediatorem
2000 3579 2141 3670 placere

115 3679 350 3772 Smyrneam,
378 3706 468 3777 quac
486 3706 625 3750 veneno
646 3680 814 3750 maritum
835 3693 870 3750 et
893 3679 968 3749 eius
990 3677 1103 3747 filium
1154 3675 1247 3747 hanc
1268 3677 1471 3751 inchoatam
1494 3684 1752 3769 obedientiam,
1786 3705 1991 3779 quanquam
2018 3682 2144 3774 procul

116 3796 328 3868 necaverat,
370 3785 433 3879 qui
456 3798 577 3853 tamen
600 3784 699 3875 prius
722 3784 926 3854 occiderant
945 3780 1104 3851 mulieris
1157 3783 1255 3852 abest
1270 3807 1290 3852 a
1307 3785 1522 3876 perfectione
1541 3786 1647 3878 legis,
1674 3800 1709 3856 ct
1725 3789 1879 3856 mullum
1898 3785 2057 3856 sordium
2081 3787 2143 3853 ad·

118 3885 255 3969 lilium,
283 3899 407 3957 natum
431 3886 469 3955 in
492 3885 606 3978 priori
630 3885 808 3977 coningio.
865 3882 1104 3975 Areopagitae
1156 3880 1225 3954 huc
1241 3885 1279 3953 in
1293 3888 1397 3958 nobis
1420 3884 1555 3960 haeret.

116 3988 280 4058 tulerunt
309 3990 542 4072 senteutiam,
587 4001 629 4059 ut
662 3989 853 4058 centesimo
883 4011 979 4057 anno
1012 3998 1104 4079 post,
1258 3989 1359 4058 Hanc
1381 3991 1583 4060 mirandam
1608 3987 1801 4064 ἐπιείκειαν
1827 4015 1931 4081 saepe
1956 4003 1991 4058 et
2013 4012 2142 4078 magna

116 4114 224 4161 cansa
244 4093 374 4161 iterum
399 4104 672 4183 cognosceretur
684 4090 744 4187 ⁴⁶)
803 4088 854 4159 lta
878 4113 954 4159 non
975 4112 1105 4181 appro-
1156 4089 1355 4161 intentione
1372 4094 1657 4179 consideremus,
1684 4107 1719 4162 et
1734 4094 1811 4162 Deo
1827 4093 1959 4183 gratias
1983 4115 2142 4182 agamus,

114 4194 207 4263 bant
229 4193 373 4287 quidem
396 4206 497 4263 atrox
519 4193 675 4279 facinus,
713 4194 776 4265 sed
806 4206 927 4262 tamen
949 4216 1104 4285 poenam
1157 4206 1192 4260 et
1219 4194 1386 4265 libentius
1403 4197 1622 4269 obediamus.
1682 4197 1796 4266 Simul
1820 4195 1926 4262 etiam
1948 4193 2143 4283 cogitemus

117 4294 309 4367 remittunt
330 4309 479 4390 propter
501 4296 632 4366 iustum
654 4297 780 4367 matris
802 4297 976 4366 dolorem.
1032 4293 1105 4362 De·
1157 4294 1234 4364 Deo
1252 4298 1411 4388 placere,
1436 4312 1476 4370 ut
1490 4325 1557 4370 nos
1572 4298 1638 4392 ipsi
1660 4301 1698 4366 iu
1715 4293 1782 4366 hac
1799 4296 2006 4366 infirmitate
2026 4291 2145 4364 homi-

117 4394 325 4469 mosthenes
356 4399 393 4468 in
424 4399 586 4468 oratione
623 4411 748 4468 contra
788 4398 1044 4468 Aristocratem
1058 4395 1105 4488 ⁴⁷)
1157 4423 1244 4468 num
1261 4414 1480 4491 praestemus
1504 4400 1716 4487 ἐπιείκειαν,
1751 4413 1785 4468 ct
1807 4401 1927 4495 aliqua
1949 4399 2144 4468 mediocria

118 4501 249 4571 recitat
265 4501 336 4571 duo
355 4502 484 4571 indicia
502 4500 661 4572 Deorum
686 4502 724 4571 in
737 4500 939 4592 Areopago.
997 4495 1038 4567 ln
1055 4497 1106 4566 al·
1157 4501 1385 4573 incommoda
1410 4504 1448 4571 in
1473 4505 1625 4573 aliorum
1647 4503 1825 4587 moribus,
1858 4502 1889 4574 si
1912 4516 2032 4572 tamen
2055 4503 2146 4574 absit

117 4617 198 4674 tero
215 4603 313 4674 Mars
337 4606 517 4676 absolutus
540 4618 608 4688 cst,
636 4629 716 4674 cnm
742 4602 971 4674 interfecisset
993 4600 1105 4671 lilium
1158 4605 1370 4691 enormitas,
1397 4607 1639 4677 condonemus
1657 4606 1839 4678 communi
1857 4606 2119 4702 tranquillitati.

117 4704 282 4799 Neptuni
305 4703 592 4776 Halirrhothinm
607 4706 675 4800 ⁴⁸),
714 4708 777 4800 qui
797 4716 1024 4798 stupraverat
1046 4702 1107 4771 Al-

119 4809 250 4902 cippen
266 4809 393 4880 Manis
415 4809 592 4905 flliamw),
648 4809 786 4879 Deinde
801 4808 944 4880 Orestes
967 4807 1107 4876 absolu.
1158 4796 1216 4865 An
1247 4791 1499 4866 iudicandum
1528 4799 1581 4867 sit
1610 4816 1660 4866 ex
1688 4798 1824 4889 scripto
1848 4804 1950 4886 ture,
1988 4819 2039 4866 αιι
2060 4817 2145 4867 nero

120 4933 331 4946 -—-
1236 4900 1414 4990 nequitus
1436 4908 1547 4969 extro
1568 4904 1756 4991 scriptum
1773 4897 1987 4994 quaerendo
2007 4902 2073 4970 sit.

153 4991 205 5058 ss)
222 4993 330 5058 Illgsst.
348 4992 473 5047 xnvm.
497 4993 578 5045 aas.
599 4995 642 5046 Iex
654 4996 681 5046 tt.
707 4993 805 5062 (corp.
823 4992 876 5044 fur.
892 4992 949 5044 clv.
972 4990 1015 5042 sd.
1034 4991 1108 5043 Beck

194 5063 225 5114 r.
237 5063 257 5114 ι.
275 5062 306 5111 Ρ.
322 5062 355 5112 ιι.
372 5077 398 5125 ιι.
415 5062 515 5130 soon).
1261 5048 1328 5118 llic
1350 5051 1443 5120 duae
1467 5053 1693 5147 quaestiones
1717 5064 1815 5123 sunt:
1857 5051 1984 5135 Prior,
2018 5076 2062 5120 an
2086 5077 2148 5121 ne·

153 5143 822 5279 “aelffffiffiffifflquoppqoppttnun
843 5143 1037 5210 ‚rennuunt
1053 5143 1108 5195 tn·
1159 5175 1252 5221 cesse
1275 5151 1322 5223 sit
1347 5152 1496 5247 scriptas
1519 5156 1613 5248 leges
1635 5180 1720 5227 essc.
1783 5153 1862 5226 Etsi
1891 5168 2012 5226 antem
2044 5154 2148 5224 multi

152 5297 565 5362 mormannum&
1158 5316 1365 5335 ··--··—

151 5384 202 5454 ἃ)
217 5386 552 5448 manoutnnJrsttt:
565 5388 779 5445 untrnaoun
796 5389 875 5444 conf.
888 5401 915 5454 p.
924 5384 983 5441 Μ.
992 5385 1108 5440 ΝΜ.
1190 5400 1242 5455 ω)
1262 5397 1343 5451 cm,
1360 5396 1487 5463 xmp,
1504 5396 1612 5452 neum,
1630 5398 1648 5453 ι,
1661 5394 1696 5455 ῃ,
1714 5412 1739 5453 0,
1751 5392 1878 5456 μήθ,
1902 5401 1931 5451 03
1956 5406 2042 5461 „pn
2064 5409 2091 5461 ρ,
2103 5396 2147 5450 7&

153 5474 205 5534 ο)
225 5470 305 5525 cont.
322 5482 348 5535 p
363 5469 421 5526 ut.
437 5474 504 5524 nota
514 5471 557 5526 w.
1227 5472 1294 5520 non
1312 5465 1354 5521 ¹¹.
