<?xml version="1.0" encoding="UTF-8"?>
<!DOCTYPE html PUBLIC "-//W3C//DTD XHTML 1.0 Transitional//EN"
    "http://www.w3.org/TR/xhtml1/DTD/xhtml1-transitional.dtd">
<html xmlns="http://www.w3.org/1999/xhtml" xml:lang="en" lang="en">
 <head>
  <title>
</title>
<meta http-equiv="Content-Type" content="text/html;charset=utf-8" />
  <meta name='ocr-system' content='tesseract 3.04.00' />
  <meta name='ocr-capabilities' content='ocr_page ocr_carea ocr_par ocr_line ocrx_word'/>
</head>
<body>
  <div class='ocr_page' id='page_1' title='image "./corpusreformato12melagoog/corpusreformato12melagoog_0289.png"; bbox 0 0 4544 5766; ppageno 0'>
   <div class='ocr_carea' id='block_1_1' title="bbox 125 175 2136 269">
    <p class='ocr_par' dir='ltr' id='par_1_1' title="bbox 125 175 2136 269">
     <span class='ocr_line' id='line_1_1' title="bbox 125 175 2136 269; baseline -0.001 -10"><span class='ocrx_word' id='word_1_1' title='bbox 125 185 200 260; x_wconf 78' lang='lat'>647</span> <span class='ocrx_word' id='word_1_2' title='bbox 699 177 823 257; x_wconf 81' lang='lat' dir='ltr'>Pflss..</span> <span class='ocrx_word' id='word_1_3' title='bbox 849 177 964 252; x_wconf 78' lang='lat' dir='ltr'>Mul..</span> <span class='ocrx_word' id='word_1_4' title='bbox 996 175 1199 253; x_wconf 77' lang='lat' dir='ltr'>SCRIPTA</span> <span class='ocrx_word' id='word_1_5' title='bbox 1225 175 1561 269; x_wconf 56' lang='lat' dir='ltr'>ambutantes</span> <span class='ocrx_word' id='word_1_6' title='bbox 2054 179 2136 263; x_wconf 73' lang='lat' dir='ltr'>‚ota</span> 
     </span>
    </p>
   </div>
   <div class='ocr_carea' id='block_1_2' title="bbox 1928 263 1937 297">
    <p class='ocr_par' dir='ltr' id='par_1_2' title="bbox 1928 263 1937 297">
     <span class='ocr_line' id='line_1_2' title="bbox 1928 263 1937 297; baseline 0 0"><span class='ocrx_word' id='word_1_7' title='bbox 1928 263 1937 297; x_wconf 76' lang='lat' dir='ltr'>t</span> 
     </span>
    </p>
   </div>
   <div class='ocr_carea' id='block_1_3' title="bbox 120 351 2144 5479">
    <p class='ocr_par' dir='ltr' id='par_1_3' title="bbox 120 351 2144 5479">
     <span class='ocr_line' id='line_1_3' title="bbox 122 351 2141 451; baseline -0.002 -23"><span class='ocrx_word' id='word_1_8' title='bbox 122 359 225 441; x_wconf 90' lang='lat' dir='ltr'>laris,</span> <span class='ocrx_word' id='word_1_9' title='bbox 252 357 334 451; x_wconf 90' lang='lat' dir='ltr'>quia</span> <span class='ocrx_word' id='word_1_10' title='bbox 347 357 462 424; x_wconf 90' lang='lat' dir='ltr'>bonus</span> <span class='ocrx_word' id='word_1_11' title='bbox 477 352 649 444; x_wconf 84' lang='lat' dir='ltr'>significat</span> <span class='ocrx_word' id='word_1_12' title='bbox 664 353 835 425; x_wconf 89' lang='lat' dir='ltr'>iustitiam</span> <span class='ocrx_word' id='word_1_13' title='bbox 854 353 1105 436; x_wconf 88' lang='lat' dir='ltr'>universalem,</span> <span class='ocrx_word' id='word_1_14' title='bbox 1157 352 1276 444; x_wconf 87' lang='lat' dir='ltr'>pravis</span> <span class='ocrx_word' id='word_1_15' title='bbox 1292 351 1484 435; x_wconf 85' lang='lat' dir='ltr'>affectibus,</span> <span class='ocrx_word' id='word_1_16' title='bbox 1501 351 1769 451; x_wconf 80' lang='lat' dir='ltr'>immutabiliter</span> <span class='ocrx_word' id='word_1_17' title='bbox 1783 354 1956 424; x_wconf 90' lang='lat' dir='ltr'>inclinans</span> <span class='ocrx_word' id='word_1_18' title='bbox 1971 355 2016 423; x_wconf 90' lang='lat' dir='ltr'>ad</span> <span class='ocrx_word' id='word_1_19' title='bbox 2032 379 2141 446; x_wconf 88' lang='lat' dir='ltr'>agen-</span> 
     </span>
     <span class='ocr_line' id='line_1_4' title="bbox 125 453 2140 555; baseline -0.002 -23"><span class='ocrx_word' id='word_1_20' title='bbox 125 486 258 555; x_wconf 89' lang='lat' dir='ltr'>aequus</span> <span class='ocrx_word' id='word_1_21' title='bbox 275 459 534 550; x_wconf 81' lang='lat' dir='ltr'>particularem.</span> <span class='ocrx_word' id='word_1_22' title='bbox 562 455 774 527; x_wconf 82' lang='lat' dir='ltr'>Humanitas</span> <span class='ocrx_word' id='word_1_23' title='bbox 791 470 842 526; x_wconf 90' lang='lat' dir='ltr'>est</span> <span class='ocrx_word' id='word_1_24' title='bbox 857 455 1036 547; x_wconf 82' lang='lat' dir='ltr'>copulatio</span> <span class='ocrx_word' id='word_1_25' title='bbox 1053 456 1106 527; x_wconf 93' lang='lat' dir='ltr'>iu·</span> <span class='ocrx_word' id='word_1_26' title='bbox 1157 457 1242 525; x_wconf 91' lang='lat' dir='ltr'>dum</span> <span class='ocrx_word' id='word_1_27' title='bbox 1260 457 1454 526; x_wconf 89' lang='lat' dir='ltr'>secundum</span> <span class='ocrx_word' id='word_1_28' title='bbox 1476 454 1554 525; x_wconf 89' lang='lat' dir='ltr'>illas</span> <span class='ocrx_word' id='word_1_29' title='bbox 1578 456 1681 548; x_wconf 89' lang='lat' dir='ltr'>leges.</span> <span class='ocrx_word' id='word_1_30' title='bbox 1749 455 1819 526; x_wconf 85' lang='lat' dir='ltr'>Sed</span> <span class='ocrx_word' id='word_1_31' title='bbox 1848 458 1885 525; x_wconf 91' lang='lat' dir='ltr'>in</span> <span class='ocrx_word' id='word_1_32' title='bbox 1912 453 2057 527; x_wconf 90' lang='lat' dir='ltr'>bomine</span> <span class='ocrx_word' id='word_1_33' title='bbox 2079 459 2140 527; x_wconf 90' lang='lat' dir='ltr'>de·</span> 
     </span>
     <span class='ocr_line' id='line_1_5' title="bbox 124 552 2139 655; baseline -0.003 -20"><span class='ocrx_word' id='word_1_34' title='bbox 124 565 238 636; x_wconf 88' lang='lat' dir='ltr'>stitiae</span> <span class='ocrx_word' id='word_1_35' title='bbox 252 559 474 652; x_wconf 89' lang='lat' dir='ltr'>particularis</span> <span class='ocrx_word' id='word_1_36' title='bbox 492 583 572 628; x_wconf 92' lang='lat' dir='ltr'>cum</span> <span class='ocrx_word' id='word_1_37' title='bbox 589 558 666 628; x_wconf 89' lang='lat' dir='ltr'>aliis</span> <span class='ocrx_word' id='word_1_38' title='bbox 681 559 884 629; x_wconf 89' lang='lat' dir='ltr'>mitioribus</span> <span class='ocrx_word' id='word_1_39' title='bbox 909 557 1106 631; x_wconf 85' lang='lat' dir='ltr'>virtutibus.</span> <span class='ocrx_word' id='word_1_40' title='bbox 1157 569 1251 628; x_wconf 92' lang='lat' dir='ltr'>serto</span> <span class='ocrx_word' id='word_1_41' title='bbox 1274 580 1295 626; x_wconf 92' lang='lat' dir='ltr'>a</span> <span class='ocrx_word' id='word_1_42' title='bbox 1316 558 1394 626; x_wconf 89' lang='lat' dir='ltr'>Deo</span> <span class='ocrx_word' id='word_1_43' title='bbox 1415 552 1570 655; x_wconf 74' lang='grc' dir='ltr'><strong><em>στοργαὶ</em></strong></span> <span class='ocrx_word' id='word_1_44' title='bbox 1596 572 1660 627; x_wconf 91' lang='lat' dir='ltr'>aut</span> <span class='ocrx_word' id='word_1_45' title='bbox 1688 559 1806 629; x_wconf 89' lang='lat' dir='ltr'>nullae</span> <span class='ocrx_word' id='word_1_46' title='bbox 1839 573 1924 630; x_wconf 89' lang='lat' dir='ltr'>sunt</span> <span class='ocrx_word' id='word_1_47' title='bbox 1950 574 2011 630; x_wconf 86' lang='lat' dir='ltr'>aut</span> <span class='ocrx_word' id='word_1_48' title='bbox 2036 561 2139 629; x_wconf 85' lang='lat' dir='ltr'>valde</span> 
     </span>
     <span class='ocr_line' id='line_1_6' title="bbox 224 657 2138 752; baseline 0 -19"><span class='ocrx_word' id='word_1_49' title='bbox 224 662 495 734; x_wconf 88' lang='lat' dir='ltr'>Insulsissimum</span> <span class='ocrx_word' id='word_1_50' title='bbox 523 673 576 730; x_wconf 89' lang='lat' dir='ltr'>est</span> <span class='ocrx_word' id='word_1_51' title='bbox 600 672 717 731; x_wconf 90' lang='lat' dir='ltr'>autem</span> <span class='ocrx_word' id='word_1_52' title='bbox 743 663 898 752; x_wconf 88' lang='lat' dir='ltr'>cogitare</span> <span class='ocrx_word' id='word_1_53' title='bbox 923 657 1105 731; x_wconf 90' lang='lat' dir='ltr'>hominem</span> <span class='ocrx_word' id='word_1_54' title='bbox 1156 659 1363 751; x_wconf 82' lang='lat' dir='ltr'>languidae,</span> <span class='ocrx_word' id='word_1_55' title='bbox 1384 673 1419 728; x_wconf 92' lang='lat' dir='ltr'>et</span> <span class='ocrx_word' id='word_1_56' title='bbox 1434 659 1624 737; x_wconf 88' lang='lat' dir='ltr'>vincuntur</span> <span class='ocrx_word' id='word_1_57' title='bbox 1643 661 1761 752; x_wconf 87' lang='lat' dir='ltr'>pravis</span> <span class='ocrx_word' id='word_1_58' title='bbox 1776 663 1959 732; x_wconf 84' lang='lat' dir='ltr'>affectibus</span> <span class='ocrx_word' id='word_1_59' title='bbox 1981 677 2015 732; x_wconf 93' lang='lat' dir='ltr'>et</span> <span class='ocrx_word' id='word_1_60' title='bbox 2036 664 2138 734; x_wconf 85' lang='lat' dir='ltr'>furiis</span> 
     </span>
     <span class='ocr_line' id='line_1_7' title="bbox 128 760 2138 856; baseline -0.001 -19"><span class='ocrx_word' id='word_1_61' title='bbox 128 769 259 839; x_wconf 89' lang='lat' dir='ltr'>iustum</span> <span class='ocrx_word' id='word_1_62' title='bbox 292 790 364 835; x_wconf 90' lang='lat' dir='ltr'>esse</span> <span class='ocrx_word' id='word_1_63' title='bbox 398 788 519 834; x_wconf 91' lang='lat' dir='ltr'>coram</span> <span class='ocrx_word' id='word_1_64' title='bbox 545 762 622 832; x_wconf 90' lang='lat' dir='ltr'>Deo</span> <span class='ocrx_word' id='word_1_65' title='bbox 656 777 803 856; x_wconf 89' lang='lat' dir='ltr'>propter</span> <span class='ocrx_word' id='word_1_66' title='bbox 834 760 1106 834; x_wconf 83' lang='lat' dir='ltr'>humanitatem.</span> <span class='ocrx_word' id='word_1_67' title='bbox 1158 762 1360 846; x_wconf 82' lang='lat' dir='ltr'>diabolicis,</span> <span class='ocrx_word' id='word_1_68' title='bbox 1386 775 1428 831; x_wconf 92' lang='lat' dir='ltr'>ut</span> <span class='ocrx_word' id='word_1_69' title='bbox 1442 763 1481 830; x_wconf 92' lang='lat' dir='ltr'>in</span> <span class='ocrx_word' id='word_1_70' title='bbox 1491 762 1580 831; x_wconf 90' lang='lat' dir='ltr'>Cain</span> <span class='ocrx_word' id='word_1_71' title='bbox 1595 777 1630 832; x_wconf 91' lang='lat' dir='ltr'>et</span> <span class='ocrx_word' id='word_1_72' title='bbox 1645 765 1810 836; x_wconf 90' lang='lat' dir='ltr'>omnibus</span> <span class='ocrx_word' id='word_1_73' title='bbox 1823 766 2034 837; x_wconf 89' lang='lat' dir='ltr'>latronibus.</span> <span class='ocrx_word' id='word_1_74' title='bbox 2069 767 2138 836; x_wconf 85' lang='lat' dir='ltr'>Sed</span> 
     </span>
     <span class='ocr_line' id='line_1_8' title="bbox 129 861 2139 959; baseline 0 -20"><span class='ocrx_word' id='word_1_75' title='bbox 129 871 271 939; x_wconf 84' lang='lat' dir='ltr'>Talium</span> <span class='ocrx_word' id='word_1_76' title='bbox 296 867 512 959; x_wconf 87' lang='lat' dir='ltr'>ineptiarum</span> <span class='ocrx_word' id='word_1_77' title='bbox 535 866 770 936; x_wconf 86' lang='lat' dir='ltr'>consideratio</span> <span class='ocrx_word' id='word_1_78' title='bbox 794 879 914 936; x_wconf 90' lang='lat' dir='ltr'>monet</span> <span class='ocrx_word' id='word_1_79' title='bbox 938 867 1107 950; x_wconf 91' lang='lat' dir='ltr'>iuniores,</span> <span class='ocrx_word' id='word_1_80' title='bbox 1160 865 1269 959; x_wconf 89' lang='lat' dir='ltr'>aliqui</span> <span class='ocrx_word' id='word_1_81' title='bbox 1284 861 1445 934; x_wconf 87' lang='lat' dir='ltr'>homines</span> <span class='ocrx_word' id='word_1_82' title='bbox 1458 877 1636 959; x_wconf 90' lang='lat' dir='ltr'>utcunque</span> <span class='ocrx_word' id='word_1_83' title='bbox 1652 881 1781 956; x_wconf 88' lang='lat' dir='ltr'>regunt</span> <span class='ocrx_word' id='word_1_84' title='bbox 1794 879 1955 938; x_wconf 87' lang='lat' dir='ltr'>externas</span> <span class='ocrx_word' id='word_1_85' title='bbox 1970 868 2139 952; x_wconf 84' lang='lat' dir='ltr'>actiones,</span> 
     </span>
     <span class='ocr_line' id='line_1_9' title="bbox 128 963 1720 1064; baseline -0.004 -20"><span class='ocrx_word' id='word_1_86' title='bbox 128 987 168 1044; x_wconf 92' lang='lat' dir='ltr'>ut</span> <span class='ocrx_word' id='word_1_87' title='bbox 189 974 381 1064; x_wconf 89' lang='lat' dir='ltr'>prudenter</span> <span class='ocrx_word' id='word_1_88' title='bbox 405 972 607 1039; x_wconf 89' lang='lat' dir='ltr'>discernant</span> <span class='ocrx_word' id='word_1_89' title='bbox 626 993 756 1059; x_wconf 89' lang='lat' dir='ltr'>genera</span> <span class='ocrx_word' id='word_1_90' title='bbox 778 970 1040 1052; x_wconf 87' lang='lat' dir='ltr'>doctrinarum,</span> <span class='ocrx_word' id='word_1_91' title='bbox 1074 982 1109 1038; x_wconf 91' lang='lat' dir='ltr'>et</span> <span class='ocrx_word' id='word_1_92' title='bbox 1158 982 1198 1036; x_wconf 92' lang='lat' dir='ltr'>ut</span> <span class='ocrx_word' id='word_1_93' title='bbox 1210 963 1362 1036; x_wconf 83' lang='lat' dir='ltr'>Achilles</span> <span class='ocrx_word' id='word_1_94' title='bbox 1379 967 1543 1058; x_wconf 87' lang='lat' dir='ltr'>reprimit</span> <span class='ocrx_word' id='word_1_95' title='bbox 1558 968 1648 1036; x_wconf 92' lang='lat' dir='ltr'>iram</span> <span class='ocrx_word' id='word_1_96' title='bbox 1661 967 1720 1062; x_wconf 69' lang='lat'>²⁶).</span> 
     </span>
     <span class='ocr_line' id='line_1_10' title="bbox 120 1069 2140 1167; baseline -0.002 -22"><span class='ocrx_word' id='word_1_97' title='bbox 120 1079 254 1164; x_wconf 19' lang='lat' dir='ltr'>,modos</span> <span class='ocrx_word' id='word_1_98' title='bbox 276 1072 457 1166; x_wconf 89' lang='lat' dir='ltr'>loquendi.</span> <span class='ocrx_word' id='word_1_99' title='bbox 1259 1071 1311 1139; x_wconf 87' lang='lat' dir='ltr'>Ac</span> <span class='ocrx_word' id='word_1_100' title='bbox 1332 1071 1434 1138; x_wconf 90' lang='lat' dir='ltr'>valde</span> <span class='ocrx_word' id='word_1_101' title='bbox 1455 1069 1541 1138; x_wconf 89' lang='lat' dir='ltr'>utile</span> <span class='ocrx_word' id='word_1_102' title='bbox 1563 1084 1634 1154; x_wconf 90' lang='lat' dir='ltr'>est,</span> <span class='ocrx_word' id='word_1_103' title='bbox 1676 1095 1779 1162; x_wconf 89' lang='lat' dir='ltr'>saepe</span> <span class='ocrx_word' id='word_1_104' title='bbox 1799 1074 2023 1167; x_wconf 87' lang='lat' dir='ltr'>multumque</span> <span class='ocrx_word' id='word_1_105' title='bbox 2045 1074 2140 1164; x_wconf 92' lang='lat' dir='ltr'>cogi-</span> 
     </span>
     <span class='ocr_line' id='line_1_11' title="bbox 229 1167 2140 1264; baseline -0.001 -18"><span class='ocrx_word' id='word_1_106' title='bbox 229 1177 293 1246; x_wconf 87' lang='lat' dir='ltr'>Est</span> <span class='ocrx_word' id='word_1_107' title='bbox 313 1188 348 1244; x_wconf 93' lang='lat' dir='ltr'>et</span> <span class='ocrx_word' id='word_1_108' title='bbox 367 1171 436 1245; x_wconf 92' lang='lat' dir='ltr'>hoc</span> <span class='ocrx_word' id='word_1_109' title='bbox 451 1175 710 1244; x_wconf 91' lang='lat' dir='ltr'>observandum</span> <span class='ocrx_word' id='word_1_110' title='bbox 733 1173 772 1241; x_wconf 93' lang='lat' dir='ltr'>in</span> <span class='ocrx_word' id='word_1_111' title='bbox 794 1172 933 1264; x_wconf 91' lang='lat' dir='ltr'>scriptis</span> <span class='ocrx_word' id='word_1_112' title='bbox 953 1167 1108 1263; x_wconf 88' lang='lat' dir='ltr'>prophe·</span> <span class='ocrx_word' id='word_1_113' title='bbox 1160 1183 1236 1240; x_wconf 87' lang='lat' dir='ltr'>tare</span> <span class='ocrx_word' id='word_1_114' title='bbox 1265 1174 1308 1241; x_wconf 91' lang='lat' dir='ltr'>de</span> <span class='ocrx_word' id='word_1_115' title='bbox 1339 1173 1451 1242; x_wconf 90' lang='lat' dir='ltr'>causis</span> <span class='ocrx_word' id='word_1_116' title='bbox 1476 1167 1706 1242; x_wconf 87' lang='lat' dir='ltr'>honestarum</span> <span class='ocrx_word' id='word_1_117' title='bbox 1738 1187 1773 1242; x_wconf 94' lang='lat' dir='ltr'>et</span> <span class='ocrx_word' id='word_1_118' title='bbox 1804 1200 1878 1243; x_wconf 92' lang='lat' dir='ltr'>non</span> <span class='ocrx_word' id='word_1_119' title='bbox 1908 1172 2140 1246; x_wconf 82' lang='lat' dir='ltr'>honestarum</span> 
     </span>
     <span class='ocr_line' id='line_1_12' title="bbox 130 1272 2139 1370; baseline -0 -22"><span class='ocrx_word' id='word_1_120' title='bbox 130 1280 207 1349; x_wconf 89' lang='lat' dir='ltr'>ticis</span> <span class='ocrx_word' id='word_1_121' title='bbox 230 1292 265 1347; x_wconf 95' lang='lat' dir='ltr'>et</span> <span class='ocrx_word' id='word_1_122' title='bbox 286 1277 498 1370; x_wconf 90' lang='lat' dir='ltr'>apostolicis.</span> <span class='ocrx_word' id='word_1_123' title='bbox 563 1273 744 1344; x_wconf 89' lang='lat' dir='ltr'>Interdum</span> <span class='ocrx_word' id='word_1_124' title='bbox 769 1277 980 1345; x_wconf 86' lang='lat' dir='ltr'>vocabulum</span> <span class='ocrx_word' id='word_1_125' title='bbox 1006 1272 1108 1344; x_wconf 90' lang='lat' dir='ltr'>lusti·</span> <span class='ocrx_word' id='word_1_126' title='bbox 1160 1274 1359 1355; x_wconf 87' lang='lat' dir='ltr'>actionum,</span> <span class='ocrx_word' id='word_1_127' title='bbox 1385 1286 1473 1343; x_wconf 92' lang='lat' dir='ltr'>utet</span> <span class='ocrx_word' id='word_1_128' title='bbox 1487 1300 1553 1345; x_wconf 92' lang='lat' dir='ltr'>nos</span> <span class='ocrx_word' id='word_1_129' title='bbox 1576 1276 1644 1367; x_wconf 90' lang='lat' dir='ltr'>ipsi</span> <span class='ocrx_word' id='word_1_130' title='bbox 1664 1300 1827 1366; x_wconf 89' lang='lat' dir='ltr'>regamus</span> <span class='ocrx_word' id='word_1_131' title='bbox 1843 1279 2066 1370; x_wconf 90' lang='lat' dir='ltr'>disciplinam</span> <span class='ocrx_word' id='word_1_132' title='bbox 2086 1281 2139 1348; x_wconf 91' lang='lat' dir='ltr'>di·</span> 
     </span>
     <span class='ocr_line' id='line_1_13' title="bbox 130 1377 2140 1471; baseline 0 -20"><span class='ocrx_word' id='word_1_133' title='bbox 130 1383 199 1453; x_wconf 91' lang='lat' dir='ltr'>tiae</span> <span class='ocrx_word' id='word_1_134' title='bbox 215 1383 322 1451; x_wconf 89' lang='lat' dir='ltr'>etiam</span> <span class='ocrx_word' id='word_1_135' title='bbox 337 1383 379 1450; x_wconf 90' lang='lat' dir='ltr'>de</span> <span class='ocrx_word' id='word_1_136' title='bbox 396 1379 500 1471; x_wconf 91' lang='lat' dir='ltr'>legali</span> <span class='ocrx_word' id='word_1_137' title='bbox 514 1378 659 1462; x_wconf 89' lang='lat' dir='ltr'>iustitia,</span> <span class='ocrx_word' id='word_1_138' title='bbox 680 1380 735 1447; x_wconf 86' lang='lat' dir='ltr'>vel</span> <span class='ocrx_word' id='word_1_139' title='bbox 750 1378 943 1448; x_wconf 88' lang='lat' dir='ltr'>universali</span> <span class='ocrx_word' id='word_1_140' title='bbox 958 1378 1014 1446; x_wconf 91' lang='lat' dir='ltr'>vel</span> <span class='ocrx_word' id='word_1_141' title='bbox 1028 1401 1109 1469; x_wconf 87' lang='lat' dir='ltr'>par·</span> <span class='ocrx_word' id='word_1_142' title='bbox 1161 1377 1335 1466; x_wconf 89' lang='lat' dir='ltr'>ligentius‚</span> <span class='ocrx_word' id='word_1_143' title='bbox 1353 1390 1388 1446; x_wconf 92' lang='lat' dir='ltr'>et</span> <span class='ocrx_word' id='word_1_144' title='bbox 1401 1378 1632 1447; x_wconf 88' lang='lat' dir='ltr'>accendamus</span> <span class='ocrx_word' id='word_1_145' title='bbox 1649 1403 1715 1448; x_wconf 91' lang='lat' dir='ltr'>nos</span> <span class='ocrx_word' id='word_1_146' title='bbox 1730 1382 1776 1448; x_wconf 93' lang='lat' dir='ltr'>ad</span> <span class='ocrx_word' id='word_1_147' title='bbox 1790 1381 1999 1470; x_wconf 88' lang='lat' dir='ltr'>petitionem</span> <span class='ocrx_word' id='word_1_148' title='bbox 2017 1382 2140 1451; x_wconf 86' lang='lat' dir='ltr'>auxilii</span> 
     </span>
     <span class='ocr_line' id='line_1_14' title="bbox 130 1479 2140 1575; baseline -0.001 -19"><span class='ocrx_word' id='word_1_149' title='bbox 130 1485 287 1569; x_wconf 88' lang='lat' dir='ltr'>ticulari,</span> <span class='ocrx_word' id='word_1_150' title='bbox 326 1482 593 1573; x_wconf 88' lang='lat' dir='ltr'>intelligendum</span> <span class='ocrx_word' id='word_1_151' title='bbox 615 1490 696 1551; x_wconf 80' lang='lat' dir='ltr'>est.l</span> <span class='ocrx_word' id='word_1_152' title='bbox 741 1479 795 1549; x_wconf 89' lang='lat' dir='ltr'>De</span> <span class='ocrx_word' id='word_1_153' title='bbox 818 1480 1030 1564; x_wconf 89' lang='lat' dir='ltr'>universali,</span> <span class='ocrx_word' id='word_1_154' title='bbox 1070 1491 1110 1549; x_wconf 91' lang='lat' dir='ltr'>ut</span> <span class='ocrx_word' id='word_1_155' title='bbox 1160 1479 1283 1550; x_wconf 89' lang='lat' dir='ltr'>divini.</span> <span class='ocrx_word' id='word_1_156' title='bbox 1334 1480 1437 1549; x_wconf 86' lang='lat' dir='ltr'>Nunc</span> <span class='ocrx_word' id='word_1_157' title='bbox 1457 1493 1582 1550; x_wconf 91' lang='lat' dir='ltr'>natura</span> <span class='ocrx_word' id='word_1_158' title='bbox 1606 1480 1746 1550; x_wconf 86' lang='lat' dir='ltr'>infirma</span> <span class='ocrx_word' id='word_1_159' title='bbox 1771 1496 1841 1567; x_wconf 92' lang='lat' dir='ltr'>est,</span> <span class='ocrx_word' id='word_1_160' title='bbox 1867 1485 1986 1575; x_wconf 91' lang='lat' dir='ltr'>pravis</span> <span class='ocrx_word' id='word_1_161' title='bbox 2008 1486 2140 1554; x_wconf 83' lang='lat' dir='ltr'>affecti-</span> 
     </span>
     <span class='ocr_line' id='line_1_15' title="bbox 131 1582 2139 1682; baseline -0 -24"><span class='ocrx_word' id='word_1_162' title='bbox 131 1584 524 1682; x_wconf 72' lang='lat' dir='ltr'>(Psalm.119,121.):</span> <span class='ocrx_word' id='word_1_163' title='bbox 561 1582 645 1654; x_wconf 69' lang='lat' dir='ltr'>feci</span> <span class='ocrx_word' id='word_1_164' title='bbox 666 1583 836 1652; x_wconf 90' lang='lat' dir='ltr'>iudicium</span> <span class='ocrx_word' id='word_1_165' title='bbox 866 1597 901 1653; x_wconf 91' lang='lat' dir='ltr'>et</span> <span class='ocrx_word' id='word_1_166' title='bbox 926 1583 1108 1653; x_wconf 91' lang='lat' dir='ltr'>iustitiam.</span> <span class='ocrx_word' id='word_1_167' title='bbox 1158 1583 1225 1651; x_wconf 90' lang='lat' dir='ltr'>bus</span> <span class='ocrx_word' id='word_1_168' title='bbox 1259 1583 1356 1650; x_wconf 90' lang='lat' dir='ltr'>varie</span> <span class='ocrx_word' id='word_1_169' title='bbox 1390 1583 1607 1667; x_wconf 88' lang='lat' dir='ltr'>incenditur,</span> <span class='ocrx_word' id='word_1_170' title='bbox 1649 1583 1755 1654; x_wconf 91' lang='lat' dir='ltr'>simul</span> <span class='ocrx_word' id='word_1_171' title='bbox 1786 1585 1893 1654; x_wconf 92' lang='lat' dir='ltr'>etiam</span> <span class='ocrx_word' id='word_1_172' title='bbox 1927 1588 2139 1659; x_wconf 87' lang='lat' dir='ltr'>astutissime</span> 
     </span>
     <span class='ocr_line' id='line_1_16' title="bbox 129 1680 2139 1780; baseline 0 -21"><span class='ocrx_word' id='word_1_173' title='bbox 129 1691 223 1760; x_wconf 83' lang='lat' dir='ltr'>Alibi</span> <span class='ocrx_word' id='word_1_174' title='bbox 242 1692 285 1758; x_wconf 89' lang='lat' dir='ltr'>de</span> <span class='ocrx_word' id='word_1_175' title='bbox 299 1688 505 1780; x_wconf 89' lang='lat' dir='ltr'>particulari</span> <span class='ocrx_word' id='word_1_176' title='bbox 523 1687 671 1770; x_wconf 93' lang='lat' dir='ltr'>dicitur,</span> <span class='ocrx_word' id='word_1_177' title='bbox 703 1699 743 1754; x_wconf 92' lang='lat' dir='ltr'>ut</span> <span class='ocrx_word' id='word_1_178' title='bbox 756 1687 845 1755; x_wconf 88' lang='lat' dir='ltr'>Gen.</span> <span class='ocrx_word' id='word_1_179' title='bbox 863 1689 923 1767; x_wconf 85' lang='lat'>30,</span> <span class='ocrx_word' id='word_1_180' title='bbox 941 1686 1035 1780; x_wconf 82' lang='grc'>(33.)</span> <span class='ocrx_word' id='word_1_181' title='bbox 1060 1685 1110 1752; x_wconf 88' lang='lat' dir='ltr'>ait</span> <span class='ocrx_word' id='word_1_182' title='bbox 1161 1685 1325 1755; x_wconf 88' lang='lat' dir='ltr'>omnibus</span> <span class='ocrx_word' id='word_1_183' title='bbox 1342 1680 1546 1755; x_wconf 87' lang='lat' dir='ltr'>hominibus</span> <span class='ocrx_word' id='word_1_184' title='bbox 1561 1685 1774 1757; x_wconf 90' lang='lat' dir='ltr'>insidiantur</span> <span class='ocrx_word' id='word_1_185' title='bbox 1794 1689 1946 1772; x_wconf 90' lang='lat' dir='ltr'>diaboli,</span> <span class='ocrx_word' id='word_1_186' title='bbox 1970 1690 2060 1762; x_wconf 92' lang='lat' dir='ltr'>sicut</span> <span class='ocrx_word' id='word_1_187' title='bbox 2073 1691 2139 1760; x_wconf 92' lang='lat' dir='ltr'>Pe-</span> 
     </span>
     <span class='ocr_line' id='line_1_17' title="bbox 129 1784 2141 1883; baseline 0 -20"><span class='ocrx_word' id='word_1_188' title='bbox 129 1791 250 1863; x_wconf 89' lang='lat' dir='ltr'>lacob:</span> <span class='ocrx_word' id='word_1_189' title='bbox 290 1791 375 1860; x_wconf 89' lang='lat' dir='ltr'>Cras</span> <span class='ocrx_word' id='word_1_190' title='bbox 397 1789 625 1882; x_wconf 92' lang='lat' dir='ltr'>respondebit</span> <span class='ocrx_word' id='word_1_191' title='bbox 648 1784 736 1857; x_wconf 92' lang='lat' dir='ltr'>mihi</span> <span class='ocrx_word' id='word_1_192' title='bbox 758 1789 890 1858; x_wconf 90' lang='lat' dir='ltr'>iustitia</span> <span class='ocrx_word' id='word_1_193' title='bbox 911 1812 1002 1858; x_wconf 90' lang='lat' dir='ltr'>mea.</span> <span class='ocrx_word' id='word_1_194' title='bbox 1061 1785 1110 1854; x_wconf 89' lang='lat' dir='ltr'>Et</span> <span class='ocrx_word' id='word_1_195' title='bbox 1160 1800 1235 1856; x_wconf 90' lang='lat' dir='ltr'>trus</span> <span class='ocrx_word' id='word_1_196' title='bbox 1265 1787 1383 1880; x_wconf 90' lang='lat' dir='ltr'>inquit</span> <span class='ocrx_word' id='word_1_197' title='bbox 1409 1787 1461 1878; x_wconf 85' lang='lat'>(1.</span> <span class='ocrx_word' id='word_1_198' title='bbox 1478 1789 1579 1880; x_wconf 91' lang='lat' dir='ltr'>epist.</span> <span class='ocrx_word' id='word_1_199' title='bbox 1602 1786 1639 1873; x_wconf 86' lang='lat'>5,</span> <span class='ocrx_word' id='word_1_200' title='bbox 1660 1788 1732 1883; x_wconf 84' lang='lat'>8.):</span> <span class='ocrx_word' id='word_1_201' title='bbox 1775 1790 1947 1862; x_wconf 89' lang='lat' dir='ltr'>Circumit</span> <span class='ocrx_word' id='word_1_202' title='bbox 1975 1794 2141 1865; x_wconf 90' lang='lat' dir='ltr'>diabolus</span> 
     </span>
     <span class='ocr_line' id='line_1_18' title="bbox 127 1889 2143 1988; baseline -0.001 -21"><span class='ocrx_word' id='word_1_203' title='bbox 127 1894 321 1976; x_wconf 73' lang='lat' dir='ltr'>Psalmi,</span> <span class='ocrx_word' id='word_1_204' title='bbox 343 1891 430 1987; x_wconf 83' lang='lat'>(9.):</span> <span class='ocrx_word' id='word_1_205' title='bbox 477 1890 596 1962; x_wconf 90' lang='lat' dir='ltr'>ludica</span> <span class='ocrx_word' id='word_1_206' title='bbox 626 1916 682 1960; x_wconf 91' lang='lat' dir='ltr'>me</span> <span class='ocrx_word' id='word_1_207' title='bbox 713 1894 904 1960; x_wconf 87' lang='lat' dir='ltr'>secundum</span> <span class='ocrx_word' id='word_1_208' title='bbox 936 1889 1107 1960; x_wconf 89' lang='lat' dir='ltr'>iustitiam</span> <span class='ocrx_word' id='word_1_209' title='bbox 1160 1903 1330 1983; x_wconf 90' lang='lat' dir='ltr'>tanquam</span> <span class='ocrx_word' id='word_1_210' title='bbox 1359 1892 1414 1958; x_wconf 93' lang='lat' dir='ltr'>leo</span> <span class='ocrx_word' id='word_1_211' title='bbox 1447 1891 1608 1980; x_wconf 90' lang='lat' dir='ltr'>rugiens,</span> <span class='ocrx_word' id='word_1_212' title='bbox 1648 1916 1822 1984; x_wconf 89' lang='lat' dir='ltr'>quaerens</span> <span class='ocrx_word' id='word_1_213' title='bbox 1850 1920 1955 1988; x_wconf 88' lang='lat' dir='ltr'>quem</span> <span class='ocrx_word' id='word_1_214' title='bbox 1982 1898 2143 1986; x_wconf 88' lang='lat' dir='ltr'>devoret,</span> 
     </span>
     <span class='ocr_line' id='line_1_19' title="bbox 128 1989 2141 2087; baseline 0 -17"><span class='ocrx_word' id='word_1_215' title='bbox 128 2022 266 2079; x_wconf 87' lang='lat' dir='ltr'>meam,</span> <span class='ocrx_word' id='word_1_216' title='bbox 291 1995 452 2064; x_wconf 86' lang='lat' dir='ltr'>videlicet</span> <span class='ocrx_word' id='word_1_217' title='bbox 470 1993 718 2086; x_wconf 89' lang='lat' dir='ltr'>particularem</span> <span class='ocrx_word' id='word_1_218' title='bbox 734 1993 772 2061; x_wconf 93' lang='lat' dir='ltr'>in</span> <span class='ocrx_word' id='word_1_219' title='bbox 785 1989 852 2063; x_wconf 91' lang='lat' dir='ltr'>hac</span> <span class='ocrx_word' id='word_1_220' title='bbox 868 2019 989 2075; x_wconf 91' lang='lat' dir='ltr'>causa,</span> <span class='ocrx_word' id='word_1_221' title='bbox 1022 1991 1110 2083; x_wconf 91' lang='lat' dir='ltr'>petit</span> <span class='ocrx_word' id='word_1_222' title='bbox 1160 1994 1461 2084; x_wconf 89' lang='lat' dir='ltr'>quemadmodum</span> <span class='ocrx_word' id='word_1_223' title='bbox 1481 1989 1666 2063; x_wconf 88' lang='lat' dir='ltr'>horribilia</span> <span class='ocrx_word' id='word_1_224' title='bbox 1691 1997 1849 2087; x_wconf 84' lang='lat' dir='ltr'>exempla</span> <span class='ocrx_word' id='word_1_225' title='bbox 1868 1998 2027 2068; x_wconf 87' lang='lat' dir='ltr'>omniurn</span> <span class='ocrx_word' id='word_1_226' title='bbox 2052 2015 2141 2071; x_wconf 91' lang='lat' dir='ltr'>tem-</span> 
     </span>
     <span class='ocr_line' id='line_1_20' title="bbox 130 2093 2144 2194; baseline 0.002 -25"><span class='ocrx_word' id='word_1_227' title='bbox 130 2103 224 2172; x_wconf 91' lang='lat' dir='ltr'>enim</span> <span class='ocrx_word' id='word_1_228' title='bbox 250 2098 404 2180; x_wconf 90' lang='lat' dir='ltr'>ostendi,</span> <span class='ocrx_word' id='word_1_229' title='bbox 432 2099 528 2191; x_wconf 92' lang='lat' dir='ltr'>quod</span> <span class='ocrx_word' id='word_1_230' title='bbox 551 2121 623 2164; x_wconf 93' lang='lat' dir='ltr'>non</span> <span class='ocrx_word' id='word_1_231' title='bbox 647 2097 692 2167; x_wconf 90' lang='lat' dir='ltr'>sit</span> <span class='ocrx_word' id='word_1_232' title='bbox 713 2095 931 2180; x_wconf 88' lang='lat' dir='ltr'>seditiosius,</span> <span class='ocrx_word' id='word_1_233' title='bbox 962 2099 1056 2164; x_wconf 88' lang='lat' dir='ltr'>unde</span> <span class='ocrx_word' id='word_1_234' title='bbox 1079 2093 1110 2163; x_wconf 92' lang='lat' dir='ltr'>si</span> <span class='ocrx_word' id='word_1_235' title='bbox 1160 2119 1288 2184; x_wconf 92' lang='lat' dir='ltr'>porum</span> <span class='ocrx_word' id='word_1_236' title='bbox 1315 2096 1516 2166; x_wconf 86' lang='lat' dir='ltr'>ostendunt.</span> <span class='ocrx_word' id='word_1_237' title='bbox 1578 2093 1618 2164; x_wconf 91' lang='lat' dir='ltr'>In</span> <span class='ocrx_word' id='word_1_238' title='bbox 1641 2109 1739 2167; x_wconf 87' lang='lat' dir='ltr'>tanta</span> <span class='ocrx_word' id='word_1_239' title='bbox 1760 2098 1963 2169; x_wconf 89' lang='lat' dir='ltr'>infirmitate</span> <span class='ocrx_word' id='word_1_240' title='bbox 1987 2103 2076 2194; x_wconf 87' lang='lat' dir='ltr'>quid</span> <span class='ocrx_word' id='word_1_241' title='bbox 2097 2108 2144 2177; x_wconf 87' lang='lat' dir='ltr'>sit</span> 
     </span>
     <span class='ocr_line' id='line_1_21' title="bbox 131 2192 2141 2298; baseline 0.003 -24"><span class='ocrx_word' id='word_1_242' title='bbox 131 2205 209 2298; x_wconf 91' lang='lat' dir='ltr'>quis</span> <span class='ocrx_word' id='word_1_243' title='bbox 225 2197 294 2269; x_wconf 93' lang='lat' dir='ltr'>hoc</span> <span class='ocrx_word' id='word_1_244' title='bbox 307 2202 416 2269; x_wconf 90' lang='lat' dir='ltr'>modo</span> <span class='ocrx_word' id='word_1_245' title='bbox 434 2211 715 2290; x_wconf 78' lang='lat' dir='ltr'>argumentetur:</span> <span class='ocrx_word' id='word_1_246' title='bbox 1159 2196 1198 2264; x_wconf 93' lang='lat' dir='ltr'>in</span> <span class='ocrx_word' id='word_1_247' title='bbox 1215 2192 1359 2266; x_wconf 88' lang='lat' dir='ltr'>homine</span> <span class='ocrx_word' id='word_1_248' title='bbox 1375 2197 1504 2280; x_wconf 86' lang='lat' dir='ltr'>virtus,</span> <span class='ocrx_word' id='word_1_249' title='bbox 1532 2199 1634 2269; x_wconf 86' lang='lat' dir='ltr'>valde</span> <span class='ocrx_word' id='word_1_250' title='bbox 1656 2201 1843 2271; x_wconf 90' lang='lat' dir='ltr'>obscurum</span> <span class='ocrx_word' id='word_1_251' title='bbox 1868 2216 1931 2273; x_wconf 86' lang='lat' dir='ltr'>est.</span> <span class='ocrx_word' id='word_1_252' title='bbox 1980 2203 2052 2275; x_wconf 88' lang='lat' dir='ltr'>Sed</span> <span class='ocrx_word' id='word_1_253' title='bbox 2071 2203 2141 2280; x_wconf 90' lang='lat' dir='ltr'>hoc</span> 
     </span>
     <span class='ocr_line' id='line_1_22' title="bbox 181 2299 2140 2402; baseline 0.002 -29"><span class='ocrx_word' id='word_1_254' title='bbox 181 2304 299 2375; x_wconf 88' lang='lat' dir='ltr'>David</span> <span class='ocrx_word' id='word_1_255' title='bbox 334 2302 423 2394; x_wconf 90' lang='lat' dir='ltr'>petit</span> <span class='ocrx_word' id='word_1_256' title='bbox 456 2326 492 2372; x_wconf 89' lang='lat' dir='ltr'>se</span> <span class='ocrx_word' id='word_1_257' title='bbox 529 2302 679 2373; x_wconf 91' lang='lat' dir='ltr'>iudicari</span> <span class='ocrx_word' id='word_1_258' title='bbox 712 2304 905 2373; x_wconf 84' lang='lat' dir='ltr'>secundnm</span> <span class='ocrx_word' id='word_1_259' title='bbox 937 2299 1108 2369; x_wconf 90' lang='lat' dir='ltr'>iustitiam</span> <span class='ocrx_word' id='word_1_260' title='bbox 1160 2312 1313 2368; x_wconf 89' lang='lat' dir='ltr'>constat:</span> <span class='ocrx_word' id='word_1_261' title='bbox 1341 2313 1501 2369; x_wconf 86' lang='lat' dir='ltr'>externas</span> <span class='ocrx_word' id='word_1_262' title='bbox 1517 2301 1670 2371; x_wconf 87' lang='lat' dir='ltr'>actiones</span> <span class='ocrx_word' id='word_1_263' title='bbox 1684 2303 1803 2396; x_wconf 90' lang='lat' dir='ltr'>aliquo</span> <span class='ocrx_word' id='word_1_264' title='bbox 1821 2306 1929 2373; x_wconf 90' lang='lat' dir='ltr'>modo</span> <span class='ocrx_word' id='word_1_265' title='bbox 1943 2308 2018 2398; x_wconf 85' lang='lat' dir='ltr'>regi</span> <span class='ocrx_word' id='word_1_266' title='bbox 2035 2335 2140 2402; x_wconf 85' lang='lat' dir='ltr'>posse</span> 
     </span>
     <span class='ocr_line' id='line_1_23' title="bbox 231 2401 2140 2493; baseline 0.005 -18"><span class='ocrx_word' id='word_1_267' title='bbox 231 2429 344 2476; x_wconf 90' lang='lat' dir='ltr'>suam.</span> <span class='ocrx_word' id='word_1_268' title='bbox 1160 2401 1372 2491; x_wconf 85' lang='lat' dir='ltr'>cogitatione</span> <span class='ocrx_word' id='word_1_269' title='bbox 1387 2404 1473 2493; x_wconf 89' lang='lat' dir='ltr'>legis</span> <span class='ocrx_word' id='word_1_270' title='bbox 1488 2403 1641 2474; x_wconf 92' lang='lat' dir='ltr'>divinae.</span> <span class='ocrx_word' id='word_1_271' title='bbox 1694 2404 1793 2476; x_wconf 90' lang='lat' dir='ltr'>Talis</span> <span class='ocrx_word' id='word_1_272' title='bbox 1817 2420 1869 2478; x_wconf 90' lang='lat' dir='ltr'>cst</span> <span class='ocrx_word' id='word_1_273' title='bbox 1892 2407 1986 2478; x_wconf 89' lang='lat' dir='ltr'>enim</span> <span class='ocrx_word' id='word_1_274' title='bbox 2008 2437 2140 2484; x_wconf 87' lang='lat' dir='ltr'>nervo·</span> 
     </span>
     <span class='ocr_line' id='line_1_24' title="bbox 179 2505 2141 2601; baseline 0.004 -21"><span class='ocrx_word' id='word_1_275' title='bbox 179 2511 273 2601; x_wconf 89' lang='lat' dir='ltr'>Ergo</span> <span class='ocrx_word' id='word_1_276' title='bbox 287 2506 404 2576; x_wconf 90' lang='lat' dir='ltr'>David</span> <span class='ocrx_word' id='word_1_277' title='bbox 418 2519 494 2576; x_wconf 93' lang='lat' dir='ltr'>erat</span> <span class='ocrx_word' id='word_1_278' title='bbox 510 2505 620 2577; x_wconf 87' lang='lat' dir='ltr'>iustus</span> <span class='ocrx_word' id='word_1_279' title='bbox 633 2507 780 2599; x_wconf 91' lang='lat' dir='ltr'>propria</span> <span class='ocrx_word' id='word_1_280' title='bbox 796 2505 940 2577; x_wconf 85' lang='lat' dir='ltr'>iustitia.</span> <span class='ocrx_word' id='word_1_281' title='bbox 1158 2529 1240 2573; x_wconf 89' lang='lat' dir='ltr'>rum</span> <span class='ocrx_word' id='word_1_282' title='bbox 1263 2518 1411 2589; x_wconf 89' lang='lat' dir='ltr'>natura,</span> <span class='ocrx_word' id='word_1_283' title='bbox 1444 2519 1485 2577; x_wconf 90' lang='lat' dir='ltr'>ut</span> <span class='ocrx_word' id='word_1_284' title='bbox 1507 2506 1720 2596; x_wconf 76' lang='lat' dir='ltr'>cogitatione</span> <span class='ocrx_word' id='word_1_285' title='bbox 1743 2521 1778 2578; x_wconf 90' lang='lat' dir='ltr'>et</span> <span class='ocrx_word' id='word_1_286' title='bbox 1797 2513 1989 2582; x_wconf 88' lang='lat' dir='ltr'>mandante</span> <span class='ocrx_word' id='word_1_287' title='bbox 2011 2517 2141 2588; x_wconf 89' lang='lat' dir='ltr'>volun-</span> 
     </span>
     <span class='ocr_line' id='line_1_25' title="bbox 233 2607 2139 2704; baseline 0.001 -24"><span class='ocrx_word' id='word_1_288' title='bbox 233 2611 396 2681; x_wconf 86' lang='lat' dir='ltr'>Concedo</span> <span class='ocrx_word' id='word_1_289' title='bbox 420 2612 463 2679; x_wconf 95' lang='lat' dir='ltr'>de</span> <span class='ocrx_word' id='word_1_290' title='bbox 484 2610 710 2703; x_wconf 89' lang='lat' dir='ltr'>particulari,</span> <span class='ocrx_word' id='word_1_291' title='bbox 750 2612 811 2681; x_wconf 92' lang='lat' dir='ltr'>sed</span> <span class='ocrx_word' id='word_1_292' title='bbox 840 2607 928 2679; x_wconf 89' lang='lat' dir='ltr'>haec</span> <span class='ocrx_word' id='word_1_293' title='bbox 954 2629 1029 2674; x_wconf 93' lang='lat' dir='ltr'>non</span> <span class='ocrx_word' id='word_1_294' title='bbox 1058 2616 1109 2673; x_wconf 90' lang='lat' dir='ltr'>est</span> <span class='ocrx_word' id='word_1_295' title='bbox 1160 2620 1231 2675; x_wconf 89' lang='lat' dir='ltr'>tate</span> <span class='ocrx_word' id='word_1_296' title='bbox 1270 2608 1356 2677; x_wconf 90' lang='lat' dir='ltr'>cieri</span> <span class='ocrx_word' id='word_1_297' title='bbox 1394 2608 1541 2702; x_wconf 87' lang='lat' dir='ltr'>possint.</span> <span class='ocrx_word' id='word_1_298' title='bbox 1615 2611 1712 2679; x_wconf 87' lang='lat' dir='ltr'>Haec</span> <span class='ocrx_word' id='word_1_299' title='bbox 1750 2623 1893 2681; x_wconf 87' lang='lat' dir='ltr'>externa</span> <span class='ocrx_word' id='word_1_300' title='bbox 1926 2616 2139 2704; x_wconf 80' lang='lat' dir='ltr'>gubematio</span> 
     </span>
     <span class='ocr_line' id='line_1_26' title="bbox 128 2707 2142 2814; baseline 0.004 -28"><span class='ocrx_word' id='word_1_301' title='bbox 128 2715 260 2786; x_wconf 91' lang='lat' dir='ltr'>iustitia</span> <span class='ocrx_word' id='word_1_302' title='bbox 293 2738 485 2807; x_wconf 90' lang='lat' dir='ltr'>personae,</span> <span class='ocrx_word' id='word_1_303' title='bbox 526 2737 594 2807; x_wconf 88' lang='lat' dir='ltr'>qua</span> <span class='ocrx_word' id='word_1_304' title='bbox 624 2737 776 2805; x_wconf 84' lang='lat' dir='ltr'>persona</span> <span class='ocrx_word' id='word_1_305' title='bbox 806 2737 927 2782; x_wconf 89' lang='lat' dir='ltr'>coram</span> <span class='ocrx_word' id='word_1_306' title='bbox 951 2707 1027 2776; x_wconf 90' lang='lat' dir='ltr'>Deo</span> <span class='ocrx_word' id='word_1_307' title='bbox 1052 2732 1108 2776; x_wconf 87' lang='lat' dir='ltr'>ac·</span> <span class='ocrx_word' id='word_1_308' title='bbox 1158 2710 1351 2801; x_wconf 84' lang='lat' dir='ltr'>significata</span> <span class='ocrx_word' id='word_1_309' title='bbox 1367 2724 1419 2781; x_wconf 91' lang='lat' dir='ltr'>est</span> <span class='ocrx_word' id='word_1_310' title='bbox 1433 2710 1572 2781; x_wconf 85' lang='lat' dir='ltr'>infolio</span> <span class='ocrx_word' id='word_1_311' title='bbox 1589 2713 1664 2797; x_wconf 87' lang='lat' dir='ltr'>fici,</span> <span class='ocrx_word' id='word_1_312' title='bbox 1690 2712 1826 2805; x_wconf 88' lang='lat' dir='ltr'>tegente</span> <span class='ocrx_word' id='word_1_313' title='bbox 1849 2729 1988 2807; x_wconf 88' lang='lat' dir='ltr'>partem</span> <span class='ocrx_word' id='word_1_314' title='bbox 2011 2745 2142 2814; x_wconf 87' lang='lat' dir='ltr'>corpo-</span> 
     </span>
     <span class='ocr_line' id='line_1_27' title="bbox 129 2811 2141 2911; baseline 0.004 -24"><span class='ocrx_word' id='word_1_315' title='bbox 129 2833 227 2911; x_wconf 90' lang='lat' dir='ltr'>cepta</span> <span class='ocrx_word' id='word_1_316' title='bbox 252 2829 320 2900; x_wconf 90' lang='lat' dir='ltr'>est,</span> <span class='ocrx_word' id='word_1_317' title='bbox 353 2818 414 2886; x_wconf 91' lang='lat' dir='ltr'>sed</span> <span class='ocrx_word' id='word_1_318' title='bbox 439 2828 491 2884; x_wconf 90' lang='lat' dir='ltr'>est</span> <span class='ocrx_word' id='word_1_319' title='bbox 512 2815 643 2883; x_wconf 90' lang='lat' dir='ltr'>iustitia</span> <span class='ocrx_word' id='word_1_320' title='bbox 666 2840 790 2885; x_wconf 88' lang='lat' dir='ltr'>causae</span> <span class='ocrx_word' id='word_1_321' title='bbox 809 2815 848 2885; x_wconf 89' lang='lat' dir='ltr'>in</span> <span class='ocrx_word' id='word_1_322' title='bbox 869 2815 930 2883; x_wconf 91' lang='lat' dir='ltr'>illo</span> <span class='ocrx_word' id='word_1_323' title='bbox 951 2811 1108 2899; x_wconf 87' lang='lat' dir='ltr'>negotio,</span> <span class='ocrx_word' id='word_1_324' title='bbox 1158 2813 1206 2882; x_wconf 93' lang='lat' dir='ltr'>ris</span> <span class='ocrx_word' id='word_1_325' title='bbox 1225 2813 1263 2881; x_wconf 90' lang='lat' dir='ltr'>in</span> <span class='ocrx_word' id='word_1_326' title='bbox 1280 2813 1405 2906; x_wconf 88' lang='lat' dir='ltr'>primis</span> <span class='ocrx_word' id='word_1_327' title='bbox 1419 2814 1634 2905; x_wconf 89' lang='lat' dir='ltr'>parentibus.</span> <span class='ocrx_word' id='word_1_328' title='bbox 1685 2816 1755 2887; x_wconf 92' lang='lat' dir='ltr'>Sed</span> <span class='ocrx_word' id='word_1_329' title='bbox 1775 2841 1855 2886; x_wconf 89' lang='lat' dir='ltr'>cum</span> <span class='ocrx_word' id='word_1_330' title='bbox 1882 2820 1920 2888; x_wconf 93' lang='lat' dir='ltr'>in</span> <span class='ocrx_word' id='word_1_331' title='bbox 1942 2837 2064 2894; x_wconf 87' lang='lat' dir='ltr'>mente</span> <span class='ocrx_word' id='word_1_332' title='bbox 2087 2829 2141 2900; x_wconf 87' lang='lat' dir='ltr'>lu-</span> 
     </span>
     <span class='ocr_line' id='line_1_28' title="bbox 128 2912 2140 3014; baseline 0.006 -25"><span class='ocrx_word' id='word_1_333' title='bbox 128 2921 166 2989; x_wconf 92' lang='lat' dir='ltr'>in</span> <span class='ocrx_word' id='word_1_334' title='bbox 183 2946 254 3014; x_wconf 90' lang='lat' dir='ltr'>qno</span> <span class='ocrx_word' id='word_1_335' title='bbox 272 2917 555 3010; x_wconf 87' lang='lat' dir='ltr'>periclitabatur,</span> <span class='ocrx_word' id='word_1_336' title='bbox 583 2928 618 2983; x_wconf 91' lang='lat' dir='ltr'>et</span> <span class='ocrx_word' id='word_1_337' title='bbox 632 2917 735 2986; x_wconf 91' lang='lat' dir='ltr'>debet</span> <span class='ocrx_word' id='word_1_338' title='bbox 749 2929 868 3008; x_wconf 89' lang='lat' dir='ltr'>petere</span> <span class='ocrx_word' id='word_1_339' title='bbox 892 2912 1062 2984; x_wconf 85' lang='lat' dir='ltr'>auxilium</span> <span class='ocrx_word' id='word_1_340' title='bbox 1087 2934 1107 2978; x_wconf 91' lang='lat' dir='ltr'>a</span> <span class='ocrx_word' id='word_1_341' title='bbox 1159 2927 1213 2983; x_wconf 92' lang='lat' dir='ltr'>cet</span> <span class='ocrx_word' id='word_1_342' title='bbox 1225 2915 1346 2985; x_wconf 88' lang='lat' dir='ltr'>vivum</span> <span class='ocrx_word' id='word_1_343' title='bbox 1370 2919 1518 2987; x_wconf 89' lang='lat' dir='ltr'>verbum</span> <span class='ocrx_word' id='word_1_344' title='bbox 1533 2915 1601 2987; x_wconf 89' lang='lat' dir='ltr'>Dei</span> <span class='ocrx_word' id='word_1_345' title='bbox 1624 2930 1660 2987; x_wconf 94' lang='lat' dir='ltr'>et</span> <span class='ocrx_word' id='word_1_346' title='bbox 1675 2918 1827 3010; x_wconf 90' lang='lat' dir='ltr'>Spiritus</span> <span class='ocrx_word' id='word_1_347' title='bbox 1849 2935 1990 2994; x_wconf 86' lang='lat' dir='ltr'>sanctus</span> <span class='ocrx_word' id='word_1_348' title='bbox 2010 2929 2140 3001; x_wconf 89' lang='lat' dir='ltr'>volun-</span> 
     </span>
     <span class='ocr_line' id='line_1_29' title="bbox 127 3010 2140 3117; baseline 0.006 -26"><span class='ocrx_word' id='word_1_349' title='bbox 127 3022 205 3092; x_wconf 91' lang='lat' dir='ltr'>Deo</span> <span class='ocrx_word' id='word_1_350' title='bbox 224 3023 261 3090; x_wconf 94' lang='lat' dir='ltr'>in</span> <span class='ocrx_word' id='word_1_351' title='bbox 278 3043 381 3090; x_wconf 90' lang='lat' dir='ltr'>causa</span> <span class='ocrx_word' id='word_1_352' title='bbox 396 3017 506 3098; x_wconf 90' lang='lat' dir='ltr'>iusta,</span> <span class='ocrx_word' id='word_1_353' title='bbox 532 3017 627 3087; x_wconf 81' lang='lat' dir='ltr'>iuxta</span> <span class='ocrx_word' id='word_1_354' title='bbox 645 3019 776 3088; x_wconf 88' lang='lat' dir='ltr'>dictum</span> <span class='ocrx_word' id='word_1_355' title='bbox 793 3017 941 3112; x_wconf 89' lang='lat' dir='ltr'>(Psalm.</span> <span class='ocrx_word' id='word_1_356' title='bbox 957 3015 1018 3097; x_wconf 77' lang='lat'>37,</span> <span class='ocrx_word' id='word_1_357' title='bbox 1035 3010 1106 3106; x_wconf 83' lang='lat'>5.):</span> <span class='ocrx_word' id='word_1_358' title='bbox 1158 3029 1266 3087; x_wconf 90' lang='lat' dir='ltr'>tatem</span> <span class='ocrx_word' id='word_1_359' title='bbox 1285 3031 1320 3089; x_wconf 94' lang='lat' dir='ltr'>et</span> <span class='ocrx_word' id='word_1_360' title='bbox 1334 3043 1395 3087; x_wconf 91' lang='lat' dir='ltr'>cor</span> <span class='ocrx_word' id='word_1_361' title='bbox 1411 3032 1551 3103; x_wconf 86' lang='lat' dir='ltr'>movet,</span> <span class='ocrx_word' id='word_1_362' title='bbox 1578 3033 1613 3090; x_wconf 89' lang='lat' dir='ltr'>ct</span> <span class='ocrx_word' id='word_1_363' title='bbox 1634 3045 1708 3092; x_wconf 91' lang='lat' dir='ltr'>sese</span> <span class='ocrx_word' id='word_1_364' title='bbox 1731 3023 1846 3093; x_wconf 90' lang='lat' dir='ltr'>cordis</span> <span class='ocrx_word' id='word_1_365' title='bbox 1867 3026 2050 3117; x_wconf 88' lang='lat' dir='ltr'>spiritibus</span> <span class='ocrx_word' id='word_1_366' title='bbox 2071 3033 2140 3103; x_wconf 89' lang='lat' dir='ltr'>im-</span> 
     </span>
     <span class='ocr_line' id='line_1_30' title="bbox 128 3115 2140 3215; baseline 0.003 -19"><span class='ocrx_word' id='word_1_367' title='bbox 128 3123 348 3196; x_wconf 89' lang='lat' dir='ltr'>Commenda</span> <span class='ocrx_word' id='word_1_368' title='bbox 366 3117 444 3188; x_wconf 91' lang='lat' dir='ltr'>Deo</span> <span class='ocrx_word' id='word_1_369' title='bbox 465 3118 540 3188; x_wconf 86' lang='lat' dir='ltr'>vias</span> <span class='ocrx_word' id='word_1_370' title='bbox 563 3132 659 3202; x_wconf 90' lang='lat' dir='ltr'>tuas,</span> <span class='ocrx_word' id='word_1_371' title='bbox 693 3120 822 3211; x_wconf 91' lang='lat' dir='ltr'>etipse</span> <span class='ocrx_word' id='word_1_372' title='bbox 843 3123 959 3190; x_wconf 88' lang='lat' dir='ltr'>faciet.</span> <span class='ocrx_word' id='word_1_373' title='bbox 1017 3115 1106 3186; x_wconf 91' lang='lat' dir='ltr'>ltem</span> <span class='ocrx_word' id='word_1_374' title='bbox 1157 3121 1283 3211; x_wconf 88' lang='lat' dir='ltr'>plicat,</span> <span class='ocrx_word' id='word_1_375' title='bbox 1321 3121 1419 3191; x_wconf 92' lang='lat' dir='ltr'>utin</span> <span class='ocrx_word' id='word_1_376' title='bbox 1442 3117 1568 3212; x_wconf 89' lang='lat' dir='ltr'>loseph</span> <span class='ocrx_word' id='word_1_377' title='bbox 1591 3123 1746 3215; x_wconf 86' lang='lat' dir='ltr'>fugiente</span> <span class='ocrx_word' id='word_1_378' title='bbox 1775 3126 2009 3214; x_wconf 90' lang='lat' dir='ltr'>adulterium,</span> <span class='ocrx_word' id='word_1_379' title='bbox 2052 3147 2140 3206; x_wconf 89' lang='lat' dir='ltr'>tunc</span> 
     </span>
     <span class='ocr_line' id='line_1_31' title="bbox 128 3219 2139 3321; baseline 0.006 -24"><span class='ocrx_word' id='word_1_380' title='bbox 128 3226 276 3321; x_wconf 89' lang='lat' dir='ltr'>(Psalm.</span> <span class='ocrx_word' id='word_1_381' title='bbox 292 3224 354 3308; x_wconf 77' lang='lat'>37,</span> <span class='ocrx_word' id='word_1_382' title='bbox 368 3219 438 3315; x_wconf 79' lang='lat'>7.):</span> <span class='ocrx_word' id='word_1_383' title='bbox 465 3221 632 3292; x_wconf 91' lang='lat' dir='ltr'>Subditus</span> <span class='ocrx_word' id='word_1_384' title='bbox 652 3236 726 3292; x_wconf 90' lang='lat' dir='ltr'>esto</span> <span class='ocrx_word' id='word_1_385' title='bbox 743 3222 839 3307; x_wconf 89' lang='lat' dir='ltr'>Deo,</span> <span class='ocrx_word' id='word_1_386' title='bbox 865 3235 900 3292; x_wconf 94' lang='lat' dir='ltr'>et</span> <span class='ocrx_word' id='word_1_387' title='bbox 926 3245 988 3290; x_wconf 87' lang='lat' dir='ltr'>ora</span> <span class='ocrx_word' id='word_1_388' title='bbox 1013 3244 1105 3290; x_wconf 92' lang='lat' dir='ltr'>eum.</span> <span class='ocrx_word' id='word_1_389' title='bbox 1157 3222 1306 3313; x_wconf 84' lang='lat' dir='ltr'>intelligi</span> <span class='ocrx_word' id='word_1_390' title='bbox 1326 3235 1460 3314; x_wconf 88' lang='lat' dir='ltr'>potest,</span> <span class='ocrx_word' id='word_1_391' title='bbox 1487 3224 1573 3318; x_wconf 90' lang='lat' dir='ltr'>quid</span> <span class='ocrx_word' id='word_1_392' title='bbox 1595 3226 1640 3294; x_wconf 92' lang='lat' dir='ltr'>sit</span> <span class='ocrx_word' id='word_1_393' title='bbox 1661 3225 1772 3296; x_wconf 90' lang='lat' dir='ltr'>virtus</span> <span class='ocrx_word' id='word_1_394' title='bbox 1793 3252 1855 3296; x_wconf 88' lang='lat' dir='ltr'>seu</span> <span class='ocrx_word' id='word_1_395' title='bbox 1878 3229 2025 3305; x_wconf 88' lang='lat' dir='ltr'>interius</span> <span class='ocrx_word' id='word_1_396' title='bbox 2048 3238 2139 3309; x_wconf 91' lang='lat' dir='ltr'>illud</span> 
     </span>
     <span class='ocr_line' id='line_1_32' title="bbox 127 3322 2139 3421; baseline 0.004 -20"><span class='ocrx_word' id='word_1_397' title='bbox 127 3331 197 3401; x_wconf 90' lang='lat' dir='ltr'>Sed</span> <span class='ocrx_word' id='word_1_398' title='bbox 217 3328 348 3400; x_wconf 92' lang='lat' dir='ltr'>sciebat</span> <span class='ocrx_word' id='word_1_399' title='bbox 366 3324 462 3394; x_wconf 90' lang='lat' dir='ltr'>aliud</span> <span class='ocrx_word' id='word_1_400' title='bbox 480 3348 573 3408; x_wconf 87' lang='lat' dir='ltr'>csse,</span> <span class='ocrx_word' id='word_1_401' title='bbox 606 3328 870 3421; x_wconf 88' lang='lat' dir='ltr'>propterquod</span> <span class='ocrx_word' id='word_1_402' title='bbox 892 3349 1012 3395; x_wconf 90' lang='lat' dir='ltr'>coram</span> <span class='ocrx_word' id='word_1_403' title='bbox 1028 3322 1105 3390; x_wconf 90' lang='lat' dir='ltr'>Deo</span> <span class='ocrx_word' id='word_1_404' title='bbox 1155 3326 1311 3411; x_wconf 89' lang='lat' dir='ltr'>bonum,</span> <span class='ocrx_word' id='word_1_405' title='bbox 1342 3351 1466 3417; x_wconf 89' lang='lat' dir='ltr'>regens</span> <span class='ocrx_word' id='word_1_406' title='bbox 1482 3340 1517 3396; x_wconf 90' lang='lat' dir='ltr'>et</span> <span class='ocrx_word' id='word_1_407' title='bbox 1539 3330 1751 3398; x_wconf 87' lang='lat' dir='ltr'>confirmans</span> <span class='ocrx_word' id='word_1_408' title='bbox 1772 3344 1929 3403; x_wconf 89' lang='lat' dir='ltr'>mentem</span> <span class='ocrx_word' id='word_1_409' title='bbox 1954 3347 1989 3405; x_wconf 92' lang='lat' dir='ltr'>et</span> <span class='ocrx_word' id='word_1_410' title='bbox 2009 3341 2139 3410; x_wconf 91' lang='lat' dir='ltr'>volun-</span> 
     </span>
     <span class='ocr_line' id='line_1_33' title="bbox 125 3426 1276 3526; baseline -0.005 -23"><span class='ocrx_word' id='word_1_411' title='bbox 125 3456 278 3526; x_wconf 90' lang='lat' dir='ltr'>persona</span> <span class='ocrx_word' id='word_1_412' title='bbox 300 3426 453 3499; x_wconf 90' lang='lat' dir='ltr'>habebat</span> <span class='ocrx_word' id='word_1_413' title='bbox 474 3427 717 3498; x_wconf 85' lang='lat' dir='ltr'>remissionem</span> <span class='ocrx_word' id='word_1_414' title='bbox 735 3442 962 3521; x_wconf 87' lang='lat' dir='ltr'>peccatorum</span> <span class='ocrx_word' id='word_1_415' title='bbox 991 3440 1026 3496; x_wconf 91' lang='lat' dir='ltr'>et</span> <span class='ocrx_word' id='word_1_416' title='bbox 1051 3448 1107 3494; x_wconf 90' lang='lat' dir='ltr'>re·</span> <span class='ocrx_word' id='word_1_417' title='bbox 1155 3440 1276 3497; x_wconf 89' lang='lat' dir='ltr'>tatem.</span> 
     </span>
     <span class='ocr_line' id='line_1_34' title="bbox 127 3527 2138 3631; baseline 0.006 -27"><span class='ocrx_word' id='word_1_418' title='bbox 127 3534 423 3605; x_wconf 88' lang='lat' dir='ltr'>conciliationem.</span> <span class='ocrx_word' id='word_1_419' title='bbox 475 3528 652 3624; x_wconf 89' lang='lat' dir='ltr'>Loquitur</span> <span class='ocrx_word' id='word_1_420' title='bbox 667 3545 786 3603; x_wconf 82' lang='lat' dir='ltr'>autern</span> <span class='ocrx_word' id='word_1_421' title='bbox 802 3533 925 3602; x_wconf 88' lang='lat' dir='ltr'>Cicero</span> <span class='ocrx_word' id='word_1_422' title='bbox 942 3527 1010 3601; x_wconf 90' lang='lat' dir='ltr'>hoc</span> <span class='ocrx_word' id='word_1_423' title='bbox 1025 3531 1104 3599; x_wconf 93' lang='lat' dir='ltr'>loco</span> <span class='ocrx_word' id='word_1_424' title='bbox 1256 3530 1330 3602; x_wconf 81' lang='lat' dir='ltr'>Nec</span> <span class='ocrx_word' id='word_1_425' title='bbox 1362 3531 1523 3626; x_wconf 92' lang='lat' dir='ltr'>displicet</span> <span class='ocrx_word' id='word_1_426' title='bbox 1551 3529 1639 3604; x_wconf 89' lang='lat' dir='ltr'>mihi</span> <span class='ocrx_word' id='word_1_427' title='bbox 1669 3533 1851 3605; x_wconf 89' lang='lat' dir='ltr'>nominari</span> <span class='ocrx_word' id='word_1_428' title='bbox 1877 3537 1993 3631; x_wconf 90' lang='lat' dir='ltr'>ipsum</span> <span class='ocrx_word' id='word_1_429' title='bbox 2016 3542 2138 3616; x_wconf 89' lang='lat' dir='ltr'>Deum</span> 
     </span>
     <span class='ocr_line' id='line_1_35' title="bbox 126 3630 2136 3731; baseline 0.006 -24"><span class='ocrx_word' id='word_1_430' title='bbox 126 3638 316 3731; x_wconf 89' lang='lat' dir='ltr'>praecipue</span> <span class='ocrx_word' id='word_1_431' title='bbox 347 3636 391 3704; x_wconf 93' lang='lat' dir='ltr'>de</span> <span class='ocrx_word' id='word_1_432' title='bbox 417 3632 551 3704; x_wconf 92' lang='lat' dir='ltr'>iustitia</span> <span class='ocrx_word' id='word_1_433' title='bbox 583 3635 789 3725; x_wconf 89' lang='lat' dir='ltr'>particulari</span> <span class='ocrx_word' id='word_1_434' title='bbox 818 3660 899 3726; x_wconf 85' lang='lat' dir='ltr'>erga</span> <span class='ocrx_word' id='word_1_435' title='bbox 930 3630 1106 3714; x_wconf 84' lang='lat' dir='ltr'>homines,</span> <span class='ocrx_word' id='word_1_436' title='bbox 1155 3632 1273 3725; x_wconf 92' lang='lat' dir='ltr'>potius</span> <span class='ocrx_word' id='word_1_437' title='bbox 1295 3635 1333 3704; x_wconf 91' lang='lat' dir='ltr'>in</span> <span class='ocrx_word' id='word_1_438' title='bbox 1352 3636 1503 3721; x_wconf 91' lang='lat' dir='ltr'>renatis,</span> <span class='ocrx_word' id='word_1_439' title='bbox 1540 3663 1645 3731; x_wconf 88' lang='lat' dir='ltr'>quam</span> <span class='ocrx_word' id='word_1_440' title='bbox 1668 3633 1849 3724; x_wconf 90' lang='lat' dir='ltr'>habitum,</span> <span class='ocrx_word' id='word_1_441' title='bbox 1881 3642 1975 3712; x_wconf 86' lang='lat' dir='ltr'>iuxta</span> <span class='ocrx_word' id='word_1_442' title='bbox 1999 3646 2136 3718; x_wconf 88' lang='lat' dir='ltr'>dictum</span> 
     </span>
     <span class='ocr_line' id='line_1_36' title="bbox 128 3731 2137 3837; baseline 0.007 -28"><span class='ocrx_word' id='word_1_443' title='bbox 128 3764 219 3837; x_wconf 90' lang='lat' dir='ltr'>quae</span> <span class='ocrx_word' id='word_1_444' title='bbox 243 3739 376 3829; x_wconf 89' lang='lat' dir='ltr'>regitur</span> <span class='ocrx_word' id='word_1_445' title='bbox 399 3732 454 3806; x_wconf 89' lang='lat' dir='ltr'>his</span> <span class='ocrx_word' id='word_1_446' title='bbox 477 3736 688 3828; x_wconf 91' lang='lat' dir='ltr'>praeceptis:</span> <span class='ocrx_word' id='word_1_447' title='bbox 727 3737 810 3808; x_wconf 90' lang='lat' dir='ltr'>Non</span> <span class='ocrx_word' id='word_1_448' title='bbox 835 3736 989 3820; x_wconf 89' lang='lat' dir='ltr'>occides,</span> <span class='ocrx_word' id='word_1_449' title='bbox 1021 3738 1104 3808; x_wconf 91' lang='lat' dir='ltr'>Non</span> <span class='ocrx_word' id='word_1_450' title='bbox 1156 3731 1328 3831; x_wconf 78' lang='lat' dir='ltr'>(Philipp.</span> <span class='ocrx_word' id='word_1_451' title='bbox 1342 3743 1379 3820; x_wconf 77' lang='grc'>2,</span> <span class='ocrx_word' id='word_1_452' title='bbox 1396 3737 1489 3833; x_wconf 81' lang='grc'><strong>18.);</strong></span> <span class='ocrx_word' id='word_1_453' title='bbox 1523 3738 1619 3810; x_wconf 88' lang='lat' dir='ltr'>Deus</span> <span class='ocrx_word' id='word_1_454' title='bbox 1644 3753 1713 3824; x_wconf 89' lang='lat' dir='ltr'>est,</span> <span class='ocrx_word' id='word_1_455' title='bbox 1747 3741 1809 3834; x_wconf 91' lang='lat' dir='ltr'>qui</span> <span class='ocrx_word' id='word_1_456' title='bbox 1831 3745 1999 3828; x_wconf 57' lang='lat' dir='ltr'>efficient</span> <span class='ocrx_word' id='word_1_457' title='bbox 2019 3754 2137 3824; x_wconf 77' lang='lat' dir='ltr'>velitis</span> 
     </span>
     <span class='ocr_line' id='line_1_37' title="bbox 126 3837 2135 3946; baseline 0.005 -34"><span class='ocrx_word' id='word_1_458' title='bbox 126 3845 261 3915; x_wconf 83' lang='lat' dir='ltr'>furtum</span> <span class='ocrx_word' id='word_1_459' title='bbox 279 3839 403 3921; x_wconf 87' lang='lat' dir='ltr'>facies,</span> <span class='ocrx_word' id='word_1_460' title='bbox 427 3837 508 3907; x_wconf 90' lang='lat' dir='ltr'>Non</span> <span class='ocrx_word' id='word_1_461' title='bbox 531 3839 624 3909; x_wconf 88' lang='lat' dir='ltr'>dices</span> <span class='ocrx_word' id='word_1_462' title='bbox 639 3840 763 3908; x_wconf 86' lang='lat' dir='ltr'>falsum</span> <span class='ocrx_word' id='word_1_463' title='bbox 781 3840 1023 3911; x_wconf 87' lang='lat' dir='ltr'>testimonium</span> <span class='ocrx_word' id='word_1_464' title='bbox 1040 3853 1104 3911; x_wconf 90' lang='lat' dir='ltr'>etc.</span> <span class='ocrx_word' id='word_1_465' title='bbox 1156 3851 1191 3907; x_wconf 89' lang='lat' dir='ltr'>et</span> <span class='ocrx_word' id='word_1_466' title='bbox 1206 3840 1404 3932; x_wconf 89' lang='lat' dir='ltr'>perficiatis.</span> <span class='ocrx_word' id='word_1_467' title='bbox 1455 3842 1533 3910; x_wconf 93' lang='lat' dir='ltr'>Sint</span> <span class='ocrx_word' id='word_1_468' title='bbox 1548 3856 1665 3912; x_wconf 84' lang='lat' dir='ltr'>autem</span> <span class='ocrx_word' id='word_1_469' title='bbox 1689 3843 1726 3910; x_wconf 92' lang='lat' dir='ltr'>in</span> <span class='ocrx_word' id='word_1_470' title='bbox 1742 3861 1930 3937; x_wconf 88' lang='lat' dir='ltr'>conspectu</span> <span class='ocrx_word' id='word_1_471' title='bbox 1946 3869 2135 3946; x_wconf 89' lang='lat' dir='ltr'>praecepta</span> 
     </span>
     <span class='ocr_line' id='line_1_38' title="bbox 126 3939 2136 4036; baseline 0.002 -17"><span class='ocrx_word' id='word_1_472' title='bbox 126 3947 276 4019; x_wconf 91' lang='lat' dir='ltr'>Necesse</span> <span class='ocrx_word' id='word_1_473' title='bbox 293 3955 345 4014; x_wconf 89' lang='lat' dir='ltr'>est</span> <span class='ocrx_word' id='word_1_474' title='bbox 362 3939 455 4010; x_wconf 92' lang='lat' dir='ltr'>enim</span> <span class='ocrx_word' id='word_1_475' title='bbox 471 3940 618 4010; x_wconf 86' lang='lat' dir='ltr'>virtutes</span> <span class='ocrx_word' id='word_1_476' title='bbox 633 3941 707 4032; x_wconf 92' lang='lat' dir='ltr'>regi</span> <span class='ocrx_word' id='word_1_477' title='bbox 724 3942 827 4014; x_wconf 89' lang='lat' dir='ltr'>certis</span> <span class='ocrx_word' id='word_1_478' title='bbox 842 3943 988 4034; x_wconf 89' lang='lat' dir='ltr'>legibus.</span> <span class='ocrx_word' id='word_1_479' title='bbox 1156 3954 1191 4011; x_wconf 93' lang='lat' dir='ltr'>et</span> <span class='ocrx_word' id='word_1_480' title='bbox 1219 3943 1471 4036; x_wconf 87' lang='lat' dir='ltr'>promissiones</span> <span class='ocrx_word' id='word_1_481' title='bbox 1495 3945 1538 4013; x_wconf 93' lang='lat' dir='ltr'>de</span> <span class='ocrx_word' id='word_1_482' title='bbox 1560 3944 1729 4036; x_wconf 90' lang='lat' dir='ltr'>petitione</span> <span class='ocrx_word' id='word_1_483' title='bbox 1752 3948 1873 4017; x_wconf 80' lang='lat' dir='ltr'>auxilii</span> <span class='ocrx_word' id='word_1_484' title='bbox 1895 3952 2019 4027; x_wconf 89' lang='lat' dir='ltr'>divini.</span> <span class='ocrx_word' id='word_1_485' title='bbox 2087 3959 2136 4028; x_wconf 83' lang='lat' dir='ltr'>Ut</span> 
     </span>
     <span class='ocr_line' id='line_1_39' title="bbox 226 4039 2135 4150; baseline 0.008 -35"><span class='ocrx_word' id='word_1_486' title='bbox 226 4046 290 4118; x_wconf 89' lang='lat' dir='ltr'>Est</span> <span class='ocrx_word' id='word_1_487' title='bbox 320 4045 427 4137; x_wconf 89' lang='lat' dir='ltr'>igitur</span> <span class='ocrx_word' id='word_1_488' title='bbox 455 4039 541 4112; x_wconf 89' lang='lat' dir='ltr'>haec</span> <span class='ocrx_word' id='word_1_489' title='bbox 568 4043 792 4136; x_wconf 84' lang='lat' dir='ltr'>particularis</span> <span class='ocrx_word' id='word_1_490' title='bbox 818 4045 952 4117; x_wconf 90' lang='lat' dir='ltr'>iustitia</span> <span class='ocrx_word' id='word_1_491' title='bbox 983 4046 1105 4133; x_wconf 89' lang='lat' dir='ltr'>civilis,</span> <span class='ocrx_word' id='word_1_492' title='bbox 1156 4070 1237 4114; x_wconf 92' lang='lat' dir='ltr'>cum</span> <span class='ocrx_word' id='word_1_493' title='bbox 1258 4044 1405 4129; x_wconf 87' lang='lat' dir='ltr'>dicitur,</span> <span class='ocrx_word' id='word_1_494' title='bbox 1438 4043 1524 4117; x_wconf 88' lang='lat' dir='ltr'>Luc.</span> <span class='ocrx_word' id='word_1_495' title='bbox 1541 4047 1599 4130; x_wconf 91' lang='lat'>11,</span> <span class='ocrx_word' id='word_1_496' title='bbox 1617 4045 1729 4145; x_wconf 79' lang='lat'>(13.):</span> <span class='ocrx_word' id='word_1_497' title='bbox 1764 4048 1908 4144; x_wconf 84' lang='lat' dir='ltr'>Quanto</span> <span class='ocrx_word' id='word_1_498' title='bbox 1933 4057 2047 4150; x_wconf 89' lang='lat' dir='ltr'>magis</span> <span class='ocrx_word' id='word_1_499' title='bbox 2066 4060 2135 4132; x_wconf 90' lang='lat' dir='ltr'>Pa-</span> 
     </span>
     <span class='ocr_line' id='line_1_40' title="bbox 127 4147 2134 4254; baseline 0.002 -31"><span class='ocrx_word' id='word_1_500' title='bbox 127 4155 169 4223; x_wconf 95' lang='lat' dir='ltr'>de</span> <span class='ocrx_word' id='word_1_501' title='bbox 183 4176 254 4247; x_wconf 89' lang='lat' dir='ltr'>qua</span> <span class='ocrx_word' id='word_1_502' title='bbox 270 4149 393 4221; x_wconf 91' lang='lat' dir='ltr'>Cicero</span> <span class='ocrx_word' id='word_1_503' title='bbox 409 4147 587 4240; x_wconf 89' lang='lat' dir='ltr'>loquitur,</span> <span class='ocrx_word' id='word_1_504' title='bbox 609 4148 836 4238; x_wconf 90' lang='lat' dir='ltr'>congruentia</span> <span class='ocrx_word' id='word_1_505' title='bbox 858 4175 936 4219; x_wconf 91' lang='lat' dir='ltr'>cum</span> <span class='ocrx_word' id='word_1_506' title='bbox 960 4148 1034 4220; x_wconf 87' lang='lat' dir='ltr'>istis</span> <span class='ocrx_word' id='word_1_507' title='bbox 1057 4152 1105 4219; x_wconf 92' lang='lat' dir='ltr'>le·</span> <span class='ocrx_word' id='word_1_508' title='bbox 1156 4161 1210 4216; x_wconf 91' lang='lat' dir='ltr'>ter</span> <span class='ocrx_word' id='word_1_509' title='bbox 1224 4160 1339 4218; x_wconf 88' lang='lat' dir='ltr'>vester</span> <span class='ocrx_word' id='word_1_510' title='bbox 1352 4148 1507 4220; x_wconf 89' lang='lat' dir='ltr'>coelestis</span> <span class='ocrx_word' id='word_1_511' title='bbox 1524 4149 1622 4219; x_wconf 87' lang='lat' dir='ltr'>dabit</span> <span class='ocrx_word' id='word_1_512' title='bbox 1636 4149 1807 4243; x_wconf 89' lang='lat' dir='ltr'>Spiritum</span> <span class='ocrx_word' id='word_1_513' title='bbox 1830 4169 1990 4229; x_wconf 88' lang='lat' dir='ltr'>sanctum</span> <span class='ocrx_word' id='word_1_514' title='bbox 2011 4176 2134 4254; x_wconf 79' lang='lat' dir='ltr'>peten-</span> 
     </span>
     <span class='ocr_line' id='line_1_41' title="bbox 127 4247 1260 4348; baseline -0.001 -28"><span class='ocrx_word' id='word_1_515' title='bbox 127 4255 245 4344; x_wconf 89' lang='lat' dir='ltr'>gibus,</span> <span class='ocrx_word' id='word_1_516' title='bbox 272 4277 359 4348; x_wconf 88' lang='lat' dir='ltr'>quas</span> <span class='ocrx_word' id='word_1_517' title='bbox 380 4250 552 4320; x_wconf 89' lang='lat' dir='ltr'>recitavit.</span> <span class='ocrx_word' id='word_1_518' title='bbox 602 4248 650 4319; x_wconf 91' lang='lat' dir='ltr'>Et</span> <span class='ocrx_word' id='word_1_519' title='bbox 671 4251 762 4319; x_wconf 89' lang='lat' dir='ltr'>actio</span> <span class='ocrx_word' id='word_1_520' title='bbox 786 4251 876 4322; x_wconf 90' lang='lat' dir='ltr'>iusta</span> <span class='ocrx_word' id='word_1_521' title='bbox 897 4253 935 4320; x_wconf 93' lang='lat' dir='ltr'>in</span> <span class='ocrx_word' id='word_1_522' title='bbox 956 4247 1026 4322; x_wconf 88' lang='lat' dir='ltr'>hoc</span> <span class='ocrx_word' id='word_1_523' title='bbox 1047 4279 1105 4344; x_wconf 84' lang='lat' dir='ltr'>ge·</span> <span class='ocrx_word' id='word_1_524' title='bbox 1156 4250 1260 4320; x_wconf 91' lang='lat' dir='ltr'>tibus.</span> 
     </span>
     <span class='ocr_line' id='line_1_42' title="bbox 127 4350 2132 4445; baseline 0.007 -21"><span class='ocrx_word' id='word_1_525' title='bbox 127 4380 232 4440; x_wconf 88' lang='lat' dir='ltr'>nere,</span> <span class='ocrx_word' id='word_1_526' title='bbox 265 4368 316 4426; x_wconf 93' lang='lat' dir='ltr'>est</span> <span class='ocrx_word' id='word_1_527' title='bbox 343 4354 509 4444; x_wconf 88' lang='lat' dir='ltr'>cogitatio</span> <span class='ocrx_word' id='word_1_528' title='bbox 532 4350 660 4423; x_wconf 90' lang='lat' dir='ltr'>harum</span> <span class='ocrx_word' id='word_1_529' title='bbox 684 4353 820 4445; x_wconf 89' lang='lat' dir='ltr'>legum,</span> <span class='ocrx_word' id='word_1_530' title='bbox 851 4368 886 4424; x_wconf 95' lang='lat' dir='ltr'>et</span> <span class='ocrx_word' id='word_1_531' title='bbox 914 4356 1105 4425; x_wconf 85' lang='lat' dir='ltr'>voluntatis</span> <span class='ocrx_word' id='word_1_532' title='bbox 1256 4350 1329 4421; x_wconf 90' lang='lat' dir='ltr'>lam</span> <span class='ocrx_word' id='word_1_533' title='bbox 1343 4365 1383 4421; x_wconf 92' lang='lat' dir='ltr'>ut</span> <span class='ocrx_word' id='word_1_534' title='bbox 1402 4354 1800 4436; x_wconf 71' lang='lat' dir='ltr'>sontesconsideremus</span> <span class='ocrx_word' id='word_1_535' title='bbox 1824 4359 2002 4432; x_wconf 92' lang='lat' dir='ltr'>actionum</span> <span class='ocrx_word' id='word_1_536' title='bbox 2024 4365 2132 4439; x_wconf 86' lang='lat' dir='ltr'>iusta-</span> 
     </span>
     <span class='ocr_line' id='line_1_43' title="bbox 128 4454 2131 4561; baseline 0.005 -32"><span class='ocrx_word' id='word_1_537' title='bbox 128 4458 272 4542; x_wconf 89' lang='lat' dir='ltr'>electio,</span> <span class='ocrx_word' id='word_1_538' title='bbox 303 4459 476 4528; x_wconf 88' lang='lat' dir='ltr'>mandans</span> <span class='ocrx_word' id='word_1_539' title='bbox 500 4456 730 4527; x_wconf 83' lang='lat' dir='ltr'>exterioribus</span> <span class='ocrx_word' id='word_1_540' title='bbox 749 4457 936 4541; x_wconf 89' lang='lat' dir='ltr'>membris,</span> <span class='ocrx_word' id='word_1_541' title='bbox 965 4483 1010 4526; x_wconf 93' lang='lat' dir='ltr'>ne</span> <span class='ocrx_word' id='word_1_542' title='bbox 1034 4458 1106 4527; x_wconf 91' lang='lat' dir='ltr'>lae·</span> <span class='ocrx_word' id='word_1_543' title='bbox 1155 4479 1256 4539; x_wconf 83' lang='grc'><strong>111111,</strong></span> <span class='ocrx_word' id='word_1_544' title='bbox 1289 4454 1467 4526; x_wconf 90' lang='lat' dir='ltr'>sciendum</span> <span class='ocrx_word' id='word_1_545' title='bbox 1494 4467 1562 4540; x_wconf 90' lang='lat' dir='ltr'>est,</span> <span class='ocrx_word' id='word_1_546' title='bbox 1597 4481 1687 4553; x_wconf 88' lang='lat' dir='ltr'>quae</span> <span class='ocrx_word' id='word_1_547' title='bbox 1709 4462 1875 4530; x_wconf 87' lang='lat' dir='ltr'>mandata</span> <span class='ocrx_word' id='word_1_548' title='bbox 1892 4463 2063 4561; x_wconf 85' lang='lat' dir='ltr'>Decalogi</span> <span class='ocrx_word' id='word_1_549' title='bbox 2077 4495 2131 4541; x_wconf 91' lang='lat' dir='ltr'>re·</span> 
     </span>
     <span class='ocr_line' id='line_1_44' title="bbox 129 4557 2132 4651; baseline 0.005 -21"><span class='ocrx_word' id='word_1_550' title='bbox 129 4561 217 4630; x_wconf 90' lang='lat' dir='ltr'>dant</span> <span class='ocrx_word' id='word_1_551' title='bbox 240 4584 367 4651; x_wconf 92' lang='lat' dir='ltr'>corpus</span> <span class='ocrx_word' id='word_1_552' title='bbox 390 4572 452 4630; x_wconf 91' lang='lat' dir='ltr'>aut</span> <span class='ocrx_word' id='word_1_553' title='bbox 476 4560 608 4629; x_wconf 83' lang='lat' dir='ltr'>famam</span> <span class='ocrx_word' id='word_1_554' title='bbox 639 4560 800 4643; x_wconf 89' lang='lat' dir='ltr'>alterius,</span> <span class='ocrx_word' id='word_1_555' title='bbox 840 4574 875 4631; x_wconf 92' lang='lat' dir='ltr'>et</span> <span class='ocrx_word' id='word_1_556' title='bbox 902 4585 947 4631; x_wconf 91' lang='lat' dir='ltr'>ne</span> <span class='ocrx_word' id='word_1_557' title='bbox 977 4560 1014 4629; x_wconf 89' lang='lat' dir='ltr'>vi</span> <span class='ocrx_word' id='word_1_558' title='bbox 1044 4572 1106 4632; x_wconf 89' lang='lat' dir='ltr'>aut</span> <span class='ocrx_word' id='word_1_559' title='bbox 1156 4569 1242 4648; x_wconf 91' lang='lat' dir='ltr'>gant</span> <span class='ocrx_word' id='word_1_560' title='bbox 1270 4557 1425 4628; x_wconf 88' lang='lat' dir='ltr'>actiones</span> <span class='ocrx_word' id='word_1_561' title='bbox 1460 4557 1580 4627; x_wconf 89' lang='lat' dir='ltr'>iustas.</span> <span class='ocrx_word' id='word_1_562' title='bbox 1643 4557 1780 4631; x_wconf 90' lang='lat' dir='ltr'>Deinde</span> <span class='ocrx_word' id='word_1_563' title='bbox 1804 4575 1839 4633; x_wconf 91' lang='lat' dir='ltr'>et</span> <span class='ocrx_word' id='word_1_564' title='bbox 1859 4566 2132 4642; x_wconf 86' lang='lat' dir='ltr'>demonstratio-</span> 
     </span>
     <span class='ocr_line' id='line_1_45' title="bbox 127 4657 2131 4771; baseline 0.004 -37"><span class='ocrx_word' id='word_1_565' title='bbox 127 4663 252 4734; x_wconf 86' lang='lat' dir='ltr'>fraude</span> <span class='ocrx_word' id='word_1_566' title='bbox 267 4687 323 4731; x_wconf 93' lang='lat' dir='ltr'>res</span> <span class='ocrx_word' id='word_1_567' title='bbox 340 4661 471 4731; x_wconf 90' lang='lat' dir='ltr'>alienas</span> <span class='ocrx_word' id='word_1_568' title='bbox 487 4665 649 4732; x_wconf 80' lang='lat' dir='ltr'>auferant</span> <span class='ocrx_word' id='word_1_569' title='bbox 664 4675 726 4733; x_wconf 90' lang='lat' dir='ltr'>aut</span> <span class='ocrx_word' id='word_1_570' title='bbox 742 4675 896 4733; x_wconf 77' lang='grc'><strong>1111111111.</strong></span> <span class='ocrx_word' id='word_1_571' title='bbox 953 4660 1005 4733; x_wconf 90' lang='lat' dir='ltr'>Ita</span> <span class='ocrx_word' id='word_1_572' title='bbox 1026 4665 1106 4732; x_wconf 87' lang='lat' dir='ltr'>fon·</span> <span class='ocrx_word' id='word_1_573' title='bbox 1156 4684 1217 4729; x_wconf 88' lang='lat' dir='ltr'>nes</span> <span class='ocrx_word' id='word_1_574' title='bbox 1243 4662 1423 4730; x_wconf 90' lang='lat' dir='ltr'>addemus.</span> <span class='ocrx_word' id='word_1_575' title='bbox 1485 4657 1657 4732; x_wconf 88' lang='lat' dir='ltr'>Iustitiam</span> <span class='ocrx_word' id='word_1_576' title='bbox 1684 4662 1952 4756; x_wconf 86' lang='lat' dir='ltr'>particularem,</span> <span class='ocrx_word' id='word_1_577' title='bbox 1994 4674 2040 4744; x_wconf 91' lang='lat' dir='ltr'>de</span> <span class='ocrx_word' id='word_1_578' title='bbox 2062 4701 2131 4771; x_wconf 81' lang='lat' dir='ltr'>qua</span> 
     </span>
     <span class='ocr_line' id='line_1_46' title="bbox 129 4759 2130 4859; baseline 0.003 -22"><span class='ocrx_word' id='word_1_579' title='bbox 129 4780 180 4837; x_wconf 88' lang='lat' dir='ltr'>tes</span> <span class='ocrx_word' id='word_1_580' title='bbox 194 4759 395 4837; x_wconf 90' lang='lat' dir='ltr'>sunthuius</span> <span class='ocrx_word' id='word_1_581' title='bbox 413 4763 564 4834; x_wconf 92' lang='lat' dir='ltr'>iustitiae</span> <span class='ocrx_word' id='word_1_582' title='bbox 578 4761 664 4834; x_wconf 85' lang='lat' dir='ltr'>haec</span> <span class='ocrx_word' id='word_1_583' title='bbox 678 4778 884 4859; x_wconf 90' lang='lat' dir='ltr'>praecepta:</span> <span class='ocrx_word' id='word_1_584' title='bbox 909 4765 992 4837; x_wconf 91' lang='lat' dir='ltr'>Non</span> <span class='ocrx_word' id='word_1_585' title='bbox 1014 4766 1105 4835; x_wconf 91' lang='lat' dir='ltr'>occi·</span> <span class='ocrx_word' id='word_1_586' title='bbox 1156 4762 1279 4834; x_wconf 89' lang='lat' dir='ltr'>Cicero</span> <span class='ocrx_word' id='word_1_587' title='bbox 1311 4761 1488 4857; x_wconf 91' lang='lat' dir='ltr'>loquitur,</span> <span class='ocrx_word' id='word_1_588' title='bbox 1535 4777 1663 4854; x_wconf 84' lang='lat' dir='ltr'>regunt</span> <span class='ocrx_word' id='word_1_589' title='bbox 1690 4760 1777 4836; x_wconf 88' lang='lat' dir='ltr'>haec</span> <span class='ocrx_word' id='word_1_590' title='bbox 1813 4772 2000 4845; x_wconf 88' lang='lat' dir='ltr'>mandata:</span> <span class='ocrx_word' id='word_1_591' title='bbox 2047 4774 2130 4850; x_wconf 88' lang='lat' dir='ltr'>Non</span> 
     </span>
     <span class='ocr_line' id='line_1_47' title="bbox 128 4865 2131 4954; baseline 0.006 -16"><span class='ocrx_word' id='word_1_592' title='bbox 128 4871 208 4954; x_wconf 88' lang='lat' dir='ltr'>des,</span> <span class='ocrx_word' id='word_1_593' title='bbox 233 4869 316 4940; x_wconf 89' lang='lat' dir='ltr'>Non</span> <span class='ocrx_word' id='word_1_594' title='bbox 333 4866 466 4937; x_wconf 86' lang='lat' dir='ltr'>furtum</span> <span class='ocrx_word' id='word_1_595' title='bbox 489 4867 615 4950; x_wconf 84' lang='lat' dir='ltr'>facies,</span> <span class='ocrx_word' id='word_1_596' title='bbox 644 4867 728 4939; x_wconf 91' lang='lat' dir='ltr'>Non</span> <span class='ocrx_word' id='word_1_597' title='bbox 750 4869 843 4940; x_wconf 87' lang='lat' dir='ltr'>dices</span> <span class='ocrx_word' id='word_1_598' title='bbox 862 4869 987 4940; x_wconf 87' lang='lat' dir='ltr'>falsum</span> <span class='ocrx_word' id='word_1_599' title='bbox 1009 4869 1104 4940; x_wconf 87' lang='lat' dir='ltr'>testi·</span> <span class='ocrx_word' id='word_1_600' title='bbox 1155 4866 1319 4950; x_wconf 89' lang='lat' dir='ltr'>occides,</span> <span class='ocrx_word' id='word_1_601' title='bbox 1369 4865 1453 4937; x_wconf 90' lang='lat' dir='ltr'>Non</span> <span class='ocrx_word' id='word_1_602' title='bbox 1480 4866 1614 4937; x_wconf 85' lang='lat' dir='ltr'>furtum</span> <span class='ocrx_word' id='word_1_603' title='bbox 1644 4866 1777 4954; x_wconf 82' lang='lat' dir='ltr'>facies,</span> <span class='ocrx_word' id='word_1_604' title='bbox 1826 4871 1910 4944; x_wconf 89' lang='lat' dir='ltr'>Non</span> <span class='ocrx_word' id='word_1_605' title='bbox 1934 4877 2029 4950; x_wconf 87' lang='lat' dir='ltr'>dices</span> <span class='ocrx_word' id='word_1_606' title='bbox 2065 4881 2131 4952; x_wconf 86' lang='lat' dir='ltr'>sal-</span> 
     </span>
     <span class='ocr_line' id='line_1_48' title="bbox 128 4964 2132 5067; baseline 0.007 -25"><span class='ocrx_word' id='word_1_607' title='bbox 128 4972 302 5042; x_wconf 93' lang='lat' dir='ltr'>monium.</span> <span class='ocrx_word' id='word_1_608' title='bbox 1154 4994 1231 5040; x_wconf 89' lang='lat' dir='ltr'>sum</span> <span class='ocrx_word' id='word_1_609' title='bbox 1253 4967 1505 5040; x_wconf 90' lang='lat' dir='ltr'>testimonium.</span> <span class='ocrx_word' id='word_1_610' title='bbox 1580 4964 1664 5039; x_wconf 92' lang='lat' dir='ltr'>ldeo</span> <span class='ocrx_word' id='word_1_611' title='bbox 1691 4969 1824 5067; x_wconf 90' lang='lat' dir='ltr'>inquit:</span> <span class='ocrx_word' id='word_1_612' title='bbox 1863 4975 2028 5052; x_wconf 90' lang='lat' dir='ltr'>Primum</span> <span class='ocrx_word' id='word_1_613' title='bbox 2054 5009 2132 5056; x_wconf 88' lang='lat' dir='ltr'>mu·</span> 
     </span>
     <span class='ocr_line' id='line_1_49' title="bbox 229 5065 2132 5171; baseline 0.005 -27"><span class='ocrx_word' id='word_1_614' title='bbox 229 5075 267 5145; x_wconf 89' lang='lat' dir='ltr'>Si</span> <span class='ocrx_word' id='word_1_615' title='bbox 281 5086 409 5143; x_wconf 87' lang='lat' dir='ltr'>natura</span> <span class='ocrx_word' id='word_1_616' title='bbox 424 5065 610 5140; x_wconf 87' lang='lat' dir='ltr'>hominum</span> <span class='ocrx_word' id='word_1_617' title='bbox 625 5083 714 5141; x_wconf 89' lang='lat' dir='ltr'>esset</span> <span class='ocrx_word' id='word_1_618' title='bbox 728 5071 886 5164; x_wconf 88' lang='lat' dir='ltr'>integra,</span> <span class='ocrx_word' id='word_1_619' title='bbox 911 5086 995 5144; x_wconf 91' lang='lat' dir='ltr'>tunc</span> <span class='ocrx_word' id='word_1_620' title='bbox 1016 5069 1104 5144; x_wconf 90' lang='lat' dir='ltr'>haec</span> <span class='ocrx_word' id='word_1_621' title='bbox 1153 5097 1220 5143; x_wconf 90' lang='lat' dir='ltr'>nus</span> <span class='ocrx_word' id='word_1_622' title='bbox 1248 5071 1401 5142; x_wconf 89' lang='lat' dir='ltr'>iustitiae</span> <span class='ocrx_word' id='word_1_623' title='bbox 1429 5084 1498 5157; x_wconf 84' lang='lat' dir='ltr'>est,</span> <span class='ocrx_word' id='word_1_624' title='bbox 1535 5083 1576 5142; x_wconf 91' lang='lat' dir='ltr'>ut</span> <span class='ocrx_word' id='word_1_625' title='bbox 1604 5096 1649 5143; x_wconf 91' lang='lat' dir='ltr'>ne</span> <span class='ocrx_word' id='word_1_626' title='bbox 1680 5074 1737 5144; x_wconf 89' lang='lat' dir='ltr'>cui</span> <span class='ocrx_word' id='word_1_627' title='bbox 1769 5077 1848 5171; x_wconf 88' lang='lat' dir='ltr'>quis</span> <span class='ocrx_word' id='word_1_628' title='bbox 1876 5095 2022 5171; x_wconf 88' lang='lat' dir='ltr'>noceat,</span> <span class='ocrx_word' id='word_1_629' title='bbox 2061 5087 2132 5160; x_wconf 82' lang='lat' dir='ltr'>nisi</span> 
     </span>
     <span class='ocr_line' id='line_1_50' title="bbox 127 5170 2132 5271; baseline 0.007 -25"><span class='ocrx_word' id='word_1_630' title='bbox 127 5177 258 5250; x_wconf 89' lang='lat' dir='ltr'>iustitia</span> <span class='ocrx_word' id='word_1_631' title='bbox 276 5189 383 5262; x_wconf 85' lang='lat' dir='ltr'>esset,</span> <span class='ocrx_word' id='word_1_632' title='bbox 409 5174 466 5242; x_wconf 89' lang='lat' dir='ltr'>vel</span> <span class='ocrx_word' id='word_1_633' title='bbox 481 5173 555 5268; x_wconf 93' lang='lat' dir='ltr'>ipse</span> <span class='ocrx_word' id='word_1_634' title='bbox 570 5172 667 5244; x_wconf 87' lang='lat' dir='ltr'>Deus</span> <span class='ocrx_word' id='word_1_635' title='bbox 679 5198 805 5266; x_wconf 89' lang='lat' dir='ltr'>regens</span> <span class='ocrx_word' id='word_1_636' title='bbox 819 5170 1021 5263; x_wconf 88' lang='lat' dir='ltr'>bominem,</span> <span class='ocrx_word' id='word_1_637' title='bbox 1047 5178 1103 5247; x_wconf 87' lang='lat' dir='ltr'>vel</span> <span class='ocrx_word' id='word_1_638' title='bbox 1151 5174 1330 5246; x_wconf 86' lang='lat' dir='ltr'>lacessitus</span> <span class='ocrx_word' id='word_1_639' title='bbox 1365 5174 1518 5258; x_wconf 87' lang='lat' dir='ltr'>iniuria,</span> <span class='ocrx_word' id='word_1_640' title='bbox 1565 5173 1650 5245; x_wconf 90' lang='lat' dir='ltr'>item</span> <span class='ocrx_word' id='word_1_641' title='bbox 1683 5190 1725 5247; x_wconf 93' lang='lat' dir='ltr'>ut</span> <span class='ocrx_word' id='word_1_642' title='bbox 1756 5180 1904 5271; x_wconf 86' lang='lat' dir='ltr'>privatis</span> <span class='ocrx_word' id='word_1_643' title='bbox 1936 5197 2061 5260; x_wconf 84' lang='lat' dir='ltr'>utatur</span> <span class='ocrx_word' id='word_1_644' title='bbox 2091 5204 2132 5263; x_wconf 91' lang='lat' dir='ltr'>ut</span> 
     </span>
     <span class='ocr_line' id='line_1_51' title="bbox 127 5271 1355 5376; baseline -0.002 -26"><span class='ocrx_word' id='word_1_645' title='bbox 127 5281 254 5351; x_wconf 90' lang='lat' dir='ltr'>ardens</span> <span class='ocrx_word' id='word_1_646' title='bbox 272 5293 306 5349; x_wconf 90' lang='lat' dir='ltr'>et</span> <span class='ocrx_word' id='word_1_647' title='bbox 318 5279 420 5347; x_wconf 85' lang='lat' dir='ltr'>firma</span> <span class='ocrx_word' id='word_1_648' title='bbox 438 5271 594 5376; x_wconf 75' lang='grc' dir='ltr'>στοργὴ,</span> <span class='ocrx_word' id='word_1_649' title='bbox 619 5289 736 5347; x_wconf 88' lang='lat' dir='ltr'>creata</span> <span class='ocrx_word' id='word_1_650' title='bbox 753 5277 864 5348; x_wconf 89' lang='lat' dir='ltr'>aDco</span> <span class='ocrx_word' id='word_1_651' title='bbox 883 5278 921 5349; x_wconf 94' lang='lat' dir='ltr'>in</span> <span class='ocrx_word' id='word_1_652' title='bbox 942 5275 1100 5351; x_wconf 88' lang='lat' dir='ltr'>humano</span> <span class='ocrx_word' id='word_1_653' title='bbox 1151 5333 1355 5350; x_wconf 69' lang='lat'>...—</span> 
     </span>
     <span class='ocr_line' id='line_1_52' title="bbox 122 5378 1553 5479; baseline 0.013 -30"><span class='ocrx_word' id='word_1_654' title='bbox 122 5384 249 5467; x_wconf 83' lang='lat' dir='ltr'>corde,</span> <span class='ocrx_word' id='word_1_655' title='bbox 278 5405 474 5473; x_wconf 86' lang='lat' dir='ltr'>congruens</span> <span class='ocrx_word' id='word_1_656' title='bbox 489 5405 569 5452; x_wconf 88' lang='lat' dir='ltr'>cum</span> <span class='ocrx_word' id='word_1_657' title='bbox 583 5379 644 5451; x_wconf 91' lang='lat' dir='ltr'>illa</span> <span class='ocrx_word' id='word_1_658' title='bbox 660 5378 788 5454; x_wconf 87' lang='lat' dir='ltr'>notitia</span> <span class='ocrx_word' id='word_1_659' title='bbox 802 5380 907 5475; x_wconf 85' lang='lat' dir='ltr'>legis,</span> <span class='ocrx_word' id='word_1_660' title='bbox 931 5382 1006 5455; x_wconf 90' lang='lat' dir='ltr'>sine</span> <span class='ocrx_word' id='word_1_661' title='bbox 1020 5382 1101 5457; x_wconf 86' lang='lat' dir='ltr'>ullis</span> <span class='ocrx_word' id='word_1_662' title='bbox 1183 5412 1234 5475; x_wconf 77' lang='grc'>11)</span> <span class='ocrx_word' id='word_1_663' title='bbox 1251 5413 1329 5471; x_wconf 70' lang='lat' dir='ltr'>non.</span> <span class='ocrx_word' id='word_1_664' title='bbox 1344 5411 1416 5479; x_wconf 77' lang='lat' dir='ltr'>ut,</span> <span class='ocrx_word' id='word_1_665' title='bbox 1432 5411 1481 5464; x_wconf 79' lang='grc'>111</span> <span class='ocrx_word' id='word_1_666' title='bbox 1494 5421 1553 5475; x_wconf 70' lang='lat' dir='ltr'>tet·</span> 
     </span>
    </p>
   </div>
   <div class='ocr_carea' id='block_1_4' title="bbox 0 0 2276 5764">
    <p class='ocr_par' dir='ltr' id='par_1_4' title="bbox 0 0 2276 5764">
     <span class='ocr_line' id='line_1_53' title="bbox 0 0 2276 5764; baseline 0 0"><span class='ocrx_word' id='word_1_667' title='bbox 0 0 2276 5764; x_wconf 95' lang='lat' dir='ltr'> </span> 
     </span>
    </p>
   </div>
  </div>
 </body>
</html>
