4544 5766
184 181 258 261 251
456 173 898 271 scaturientem
921 173 988 245 m
1011 171 1222 267 urfflosn
1246 175 1313 251 m
1339 175 1596 265 rourum
1620 174 1933 255 scauriana
2130 170 2208 263 m

186 351 367 425 usurarias
394 352 652 432 mutuationes,
684 374 764 417 cum
789 347 1106 439 oppigneratione,
1141 359 1175 415 et
1225 361 1361 420 storum
1387 352 1431 420 de
1456 345 1699 421 contrahenda
1728 351 1909 443 eruptione
1933 346 2213 421 et.vcnditione:

187 456 369 545 simulatas
398 455 612 546 emptiones,
654 452 737 544 qnia
771 451 937 519 venditor
957 462 1075 542 potest
1097 474 1173 519 rem
1226 451 1298 545 Qui
1312 455 1463 524 fundum
1480 453 1660 539 vendidit,
1694 466 1831 524 uteum
1847 465 1942 525 certa
1959 452 2121 521 mercede
2136 449 2212 541 ipse

187 559 370 629 venditam
392 561 436 626 ad
458 582 493 627 se
519 550 769 646 retrahet-0⁸⁶).
823 553 917 622 Haec
941 552 1092 620 obiectio
1110 551 1175 621 etsi
1227 558 1440 626 conductum
1463 550 1612 638 habeat,
1640 557 1695 625 vel
1719 556 1750 627 si
1768 558 1918 639 vendat,
1938 567 2073 624 utnon
2097 553 2215 635 alteri,

189 645 344 753 speciosa
366 673 437 742 est,
463 672 584 727 tamen
599 661 736 726 formae
752 658 864 738 duae,
891 681 978 749 quas
1001 655 1174 736 recensui,
1226 661 1287 727 sed
1302 659 1369 728 sibi
1383 660 1526 741 vendat,
1543 683 1584 726 ex
1600 660 1744 728 vendito
1761 682 1864 750 agere
1878 656 2012 750 poterit
2023 654 2082 749 ⁰¹).
2134 653 2212 725 Hae

190 778 224 832 et
245 788 329 832 mox
353 763 594 831 declaraturus
615 785 712 842 stim,
739 784 844 828 verae
867 757 1064 851 emptiones
1081 770 1175 840 sunt,
1226 763 1319 852 leges
1335 774 1370 830 et
1391 774 1613 831 contractum
1638 752 1974 854 hunc'approbant,
2004 770 2038 827 et
2063 757 2214 850 emptio-

190 880 225 935 et
240 878 440 934 contractus
455 865 590 955 legibus
608 862 820 931 confirmati.
1228 889 1310 932 nem
1332 890 1405 935 esse
1429 876 1615 933 testantur.
1680 863 1773 935 Nam
1795 878 1830 933 et
1854 865 2071 955 emptionem
2096 861 2214 931 nomi-

290 966 506 1061 Priusquam
524 979 643 1036 autem
655 967 776 1056 legum
798 962 1000 1033 testimonia
1018 973 1053 1030 et
1067 960 1177 1029 ratio·
1227 967 1392 1060 nantffl),
1419 979 1453 1034 et
1469 967 1555 1034 dant
1570 966 1744 1036 actionem
1763 992 1805 1036 ex
1819 967 1976 1037 vendito.

189 1096 252 1140 nes
276 1071 522 1155 recitabimus,
554 1069 706 1138 obiectio
729 1068 915 1135 refutanda
942 1077 1004 1135 est.
1083 1062 1176 1132 Con·
1329 1069 1421 1138 Vera
1439 1082 1490 1138 est
1507 1081 1624 1139 autern
1643 1071 1778 1160 regula,
1795 1094 1886 1162 quae
1902 1071 2066 1152 affirmat,
2082 1069 2216 1152 iudicia

190 1175 279 1267 ditio
305 1176 347 1241 dc
368 1175 597 1243 revendendo
620 1196 696 1240 non
718 1169 811 1239 tollit
832 1181 999 1238 naturam
1013 1165 1177 1250 dominii,
1229 1186 1264 1241 et
1285 1175 1379 1264 leges
1400 1173 1556 1242 forenses
1583 1198 1662 1241 cum
1685 1173 1762 1241 iure
1790 1185 1940 1242 naturae
1966 1185 2217 1262 congruentes,

190 1302 254 1346 nec
270 1272 436 1369 prohibet
457 1301 528 1369 quo
550 1274 668 1343 miuus
685 1287 824 1365 emptor
840 1297 922 1341 vere
941 1269 1177 1351 sitdominus,
1229 1276 1305 1343 Deo
1323 1278 1481 1366 plaeere,
1507 1288 1548 1344 ut
1566 1300 1631 1344 suo
1655 1277 1736 1345 loco
1760 1278 1804 1344 de
1821 1275 1965 1366 politica
1984 1275 2056 1343 vita
2072 1275 2216 1358 dieitur,

191 1393 231 1449 ut
246 1380 276 1448 si
290 1379 368 1472 quis
383 1405 465 1447 rere
481 1378 647 1447 (lominus
663 1377 805 1445 aedium
821 1400 965 1445 suarum
981 1374 1113 1461 obliget
1129 1395 1177 1452 se,
1230 1393 1265 1446 et
1288 1405 1368 1447 vere
1392 1378 1471 1468 pios
1493 1377 1562 1446 iilis
1586 1379 1872 1448 ordinationibus
1893 1378 1945 1448 uti
1968 1403 2091 1469 posse,
2125 1378 2219 1448 sicut

192 1507 250 1552 eas
267 1483 370 1551 aedes
387 1484 431 1549 ad
448 1483 586 1551 nullum
604 1481 712 1549 alium
733 1480 987 1548 translaturum
1005 1501 1090 1558 esse,
1107 1472 1177 1541 nisi
1229 1477 1356 1572 loseph
1373 1480 1555 1572 Aegyptiis
1579 1481 1715 1572 legibus
1738 1481 1776 1549 in
1792 1483 1873 1550 foro
1888 1504 1971 1551 usus
1988 1494 2059 1565 est,
2084 1480 2217 1549 Daniel

192 1588 238 1654 atl
258 1598 309 1667 te,
336 1586 408 1655 sive
426 1584 639 1666 donatione,
666 1583 738 1651 sive
754 1580 978 1662 venditione,
1005 1579 1034 1648 is
1059 1591 1177 1645 tamen
1229 1585 1391 1654 Persicis,
1442 1584 1632 1653 Praeterea
1655 1608 1777 1652 veram
1796 1585 1834 1652 in
1855 1580 1911 1654 his
1924 1584 2050 1653 formis
2064 1583 2218 1675 emptio.

193 1701 314 1756 nranet
339 1689 510 1779 tantisper
533 1711 615 1754 vere
647 1684 833 1766 dominus,
867 1705 1073 1776 quanquam
1103 1703 1177 1747 non
1230 1711 1409 1770 nemesse,
1427 1687 1534 1755 etiam
1552 1711 1594 1755 ex
1610 1684 1666 1756 his
1682 1687 1900 1776 argumentis
1916 1685 2066 1777 intelligi
2079 1698 2217 1777 potest:

192 1803 310 1883 potest
324 1793 514 1859 transferre
531 1790 633 1856 aedes
649 1790 694 1855 ad
712 1786 832 1855 alium.
892 1783 944 1853 lta
960 1785 1062 1851 docet
1077 1781 1178 1851 inris-
1280 1789 1321 1858 ln
1336 1790 1436 1857 omni
1451 1789 1674 1859 mutuatione
1693 1790 1781 1860 dans
1803 1803 1930 1860 mutuo
1945 1790 2075 1858 retinet
2091 1788 2147 1860 ius
2162 1814 2219 1858 re.

192 1894 372 1963 consultus
382 1894 610 1983 Digestorum
626 1891 668 1958 de
684 1891 875 1957 verborum
889 1885 1177 1976 obligationibus,
1329 1892 1474 1983 petendi
1492 1905 1665 1986 quantum
1684 1894 1844 1964 debetur.

192 1999 268 2086 lege
295 1994 346 2063 lta
374 1997 463 2089 quis.
477 1994 524 2087 ⁸⁷)
554 1990 584 2082 ἓ.
610 1991 662 2059 Ea
685 1994 778 2081 lege,
825 1991 887 2058 ubi
918 1989 1063 2057 dicitur:
1098 1987 1178 2054 Ser·
1280 1995 1320 2065 ln
1343 1991 1398 2063 his
1421 1995 1545 2064 formis
1569 2008 1709 2087 emptor
1729 2019 1958 2089 nequaquam
1982 2006 2098 2085 potest
2115 2018 2220 2086 repe.

195 2125 278 2168 rum
304 2100 476 2166 donatum
500 2120 572 2165 csse
596 2091 663 2162 hac
687 2093 910 2176 conditione,
943 2117 987 2160 no
1010 2092 1055 2158 ad
1069 2089 1178 2158 aliurn
1331 2111 1403 2165 [ere
1425 2099 1624 2188 pecuniam,

194 2203 461 2285 transferretur,
493 2214 613 2268 tamen
636 2198 693 2266 ille
720 2221 802 2265 vere
826 2208 877 2264 est
902 2194 977 2263 eins
1001 2191 1095 2261 servi
1116 2193 1178 2259 th-
1280 2200 1344 2272 Est
1367 2200 1474 2290 igitur
1495 2226 1579 2270 vera
1601 2200 1754 2291 emptio,
1781 2225 1822 2270 ac
1844 2223 1984 2269 necesse
2003 2212 2075 2283 est,
2101 2200 2221 2268 domi.

194 2303 382 2395 minus⁸⁸).
510 2392 511 2395 Ἴ
1331 2303 1431 2370 nium
1458 2303 1605 2396 aliquod
1625 2303 1778 2372 vicissim
1806 2304 1844 2372 in
1873 2315 2070 2393 emptorem
2103 2315 2222 2374 trans-

295 2407 345 2474 Ac
361 2421 401 2476 ut
414 2406 526 2498 magis
539 2401 766 2497 perspicuum
784 2400 848 2482 sit,
874 2399 960 2467 tales
978 2410 1179 2466 contractus
1333 2406 1446 2473 latum
1470 2431 1560 2489 esse,
1588 2432 1669 2474 eum
1689 2407 1916 2476 manifestum
1941 2405 2006 2487 sit,
2032 2406 2142 2497 pretii
2155 2407 2222 2475 do-

195 2534 276 2581 vere
291 2511 489 2602 eruptiones
508 2532 601 2589 esse,
626 2503 870 2572 substantialia
888 2500 1079 2592 emptionis
1096 2524 1179 2567 eon·
1333 2508 1485 2578 minium
1501 2509 1539 2577 in
1554 2509 1778 2579 vendit0rem
1796 2510 2007 2577 translatum
2024 2533 2109 2578 esse,

194 2614 415 2697 siderentur,
449 2636 566 2693 merx,
600 2606 777 2700 pretium,
812 2629 1013 2674 consensus.
1079 2601 1181 2673 Merx

195 2730 247 2787 est
263 2731 323 2785 aut
339 2719 469 2785 fundus
486 2715 578 2806 ipse,
606 2710 668 2804 qui
685 2709 814 2776 emitur
833 2733 913 2776 cum
936 2719 1041 2798 pacto
1066 2707 1108 2772 de
1126 2729 1180 2773 re-

195 2823 402 2904 vendendo,
429 2831 490 2889 aut
510 2818 563 2885 ius
577 2811 772 2903 accipiendi
787 2811 962 2891 reditum,
989 2811 1085 2902 quod
1100 2809 1180 2875 fun-
1335 2813 1458 2881 Tertia
1482 2815 1598 2881 forma
1620 2806 1726 2882 huius
1743 2823 1945 2881 contractus
1963 2825 2031 2895 est,
2059 2837 2143 2881 cum
2164 2835 2224 2880 re-

195 2929 318 2996 datum
342 2936 394 2992 est
419 2922 454 2987 in
476 2920 588 2988 fundo
610 2927 716 2983 cert0.
781 2913 832 2981 Ut
855 2912 949 2979 enim
972 2923 1087 3001 potest
1111 2909 1181 2977 emi
1233 2915 1326 2984 ditus
1346 2940 1421 2984 non
1437 2916 1664 2985 constituitur
1687 2915 1851 2983 infundo
1869 2927 1985 2999 certo,
2010 2914 2124 2984 sedin
2142 2926 2223 2983 toto

195 3031 285 3099 iuste
309 3024 477 3103 servitus,
512 3017 675 3087 videlicet
705 3016 771 3082 ilar
801 3016 857 3080 vel
879 3026 976 3081 actus
999 3012 1036 3079 in
1063 3011 1179 3080 alian0
1232 3019 1373 3087 cumulo
1388 3020 1569 3087 bonorum
1584 3017 1743 3101 alicuius,
1756 3030 1796 3087 ut
1811 3043 1890 3087 curn
1908 3016 2225 3088 emunturreditus

196 3157 300 3222 agro:
328 3128 376 3198 sic
392 3127 480 3195 iuste
499 3132 613 3214 potest
629 3116 700 3186 emi
714 3118 767 3186 ius
782 3115 978 3207 accipiendi
994 3127 1107 3183 certos
1125 3139 1179 3182 rc·
1233 3120 1416 3189 constituti
1432 3121 1470 3189 in
1485 3121 1650 3189 omnibus
1664 3120 1769 3189 bonis
1782 3119 2178 3211 alicuiusreipublicae.

196 3236 302 3313 ditus,
317 3230 454 3309 sedita,
469 3227 499 3296 si
514 3226 568 3293 ius
584 3222 621 3289 in
636 3222 746 3289 fundo
766 3232 861 3289 certo
878 3218 1108 3287 coustitutum
1124 3216 1180 3287 sit.
1331 3220 1374 3291 ln
1387 3219 1453 3292 hac
1466 3225 1581 3293 forma
1597 3219 1666 3293 boc
1681 3223 1822 3293 videtur
1837 3222 2019 3293 adversari
2032 3222 2224 3314 emptioni,

297 3333 461 3425 Denique
485 3325 552 3396 bae
573 3327 663 3395 duae
687 3323 824 3393 formae
847 3321 985 3415 priores
1011 3321 1086 3421 sine
1108 3321 1181 3389 ulla
1233 3327 1330 3418 quod
1352 3351 1427 3394 non
1450 3327 1686 3397 videturesse
1710 3337 1946 3410 merxcerta,
1981 3351 2062 3396 cum
2086 3327 2224 3398 reditus

197 3437 437 3517 (limitatione,
474 3432 543 3501 nisi
565 3431 823 3520 depraventur,
858 3449 961 3493 verae
983 3423 1180 3516 emptiones
1232 3453 1306 3495 non
1324 3431 1533 3500 constitutus
1550 3429 1776 3500 sitinfundo
1792 3444 1909 3510 certo,
1933 3431 1995 3499 sed
2008 3428 2223 3499 universali

196 3559 289 3619 sunt.
313 3541 397 3610 ldeo
413 3550 447 3606 et
462 3556 622 3626 expressa
639 3529 884 3622 comprobatio
896 3526 1181 3616 extatinLegum
1233 3543 1286 3599 ter
1303 3533 1340 3600 in
1357 3546 1432 3602 toto
1448 3534 1655 3602 facultatum
1672 3533 1825 3604 romule.
1884 3533 1953 3601 Sed
1968 3533 2153 3603 sciendum
2170 3545 2223 3603 est

197 3650 327 3723 Codice
352 3639 528 3731 depactis
554 3637 647 3703 inter
674 3646 869 3724 emptorem
887 3644 922 3698 et
945 3631 1181 3711 venditorem,
1231 3630 1290 3702 hic
1306 3661 1448 3730 quoque
1465 3661 1548 3706 vere
1564 3661 1717 3705 mercem
1736 3660 1808 3704 esse
1834 3635 1887 3704 ius
1908 3635 2104 3727 accipiendi
2126 3635 2224 3705 redi·

196 3757 271 3843 lege
288 3749 325 3817 Si
344 3745 496 3814 fundum
508 3737 574 3830 ⁸⁹),
609 3736 707 3806 cuius
729 3735 814 3826 legis
836 3734 944 3801 verba
968 3729 1055 3801 haec
1081 3744 1178 3802 sunt:
1234 3750 1309 3820 tus,
1347 3742 1545 3832 quodcum
1569 3740 1758 3809 fundatum
1782 3764 1854 3808 esse
1879 3738 2066 3807 debeatin
2097 3738 2226 3832 aliquo

197 3858 235 3928 Si
256 3852 407 3923 fracidam
430 3853 593 3935 parentes
616 3839 670 3906 tui
693 3863 732 3906 ea
753 3839 827 3928 lege
848 3836 1104 3917 vendiderunt,
1141 3845 1183 3901 ut
1234 3863 1404 3933 corpore,
1446 3866 1573 3933 corpus
1595 3854 1676 3912 sunt
1710 3841 1831 3910 omnia
1854 3842 1950 3910 bona
1970 3840 2236 3911 frtrctificantia

197 3961 270 4033 sive
286 3953 373 4046 ipsi,
400 3950 472 4018 sive
489 3941 658 4012 haeredes
675 3965 818 4022 eorum,
844 3937 998 4029 emptori
1013 3936 1182 4029 pretium,
1233 3941 1333 4013 istius
1349 3944 1574 4035 reipublicae.
1600 3944 1692 4015 Nam
1708 3945 1746 4011 in
1762 3940 1818 4014 his
1834 3945 2000 4014 omnibus
2015 3944 2121 4015 simul
2137 3967 2243 4014 con-

197 4062 482 4159 quandocunque
498 4048 553 4114 vel
569 4046 662 4112 intra
678 4056 771 4113 certa
786 4054 948 4133 tempora
963 4041 1181 4120 obtulissent,
1233 4046 1331 4115 stitui
1348 4048 1417 4114 tale
1433 4047 1487 4116 ius
1503 4060 1631 4139 potest,
1658 4048 1748 4114 sicut
1764 4047 1801 4113 in
1820 4047 1936 4115 alieno
1950 4071 2036 4138 agro
2054 4059 2130 4116 toto
2149 4072 2244 4129 ser-

196 4165 458 4237 restitueretur,
485 4166 588 4244 teque
613 4161 739 4238 parato
763 4144 962 4215 satisfacere
985 4139 1183 4212 conditioni
1233 4148 1327 4219 vitus
1342 4150 1460 4242 aliqua
1477 4150 1643 4219 constitui
1662 4161 1797 4241 potest,
1831 4150 2126 4236 videlicetactus,
2159 4160 2260 4220 aut

197 4270 330 4347 dictae,
356 4257 481 4330 haeres
499 4251 670 4342 emptoris
685 4274 759 4318 non
775 4260 894 4339 paret,
918 4260 959 4315 ut
977 4257 1179 4315 contractus
1234 4252 1311 4321 iter.
1363 4252 1496 4346 Estque
1521 4253 1609 4322 iusta
1632 4252 1829 4320 admonitio
1845 4247 2122 4347 innocentia),
2159 4248 2265 4347 qui-

196 4375 282 4443 fides
313 4375 491 4441 servetur,
524 4354 615 4423 actio
640 4350 865 4447 praescriptis
888 4348 1024 4431 verbis,
1057 4349 1113 4417 vel
1141 4370 1182 4413 ex
1235 4355 1337 4422 dicit:
1364 4355 1565 4424 Videndum
1586 4380 1677 4437 esse,
1704 4355 1741 4423 in
1756 4351 1825 4425 hoc
1842 4369 2043 4440 contractu,
2069 4369 2111 4427 ut
2127 4356 2265 4425 redi-

196 4473 341 4545 vendito
359 4465 423 4534 tibi
439 4456 611 4550 daturw).
663 4456 709 4525 Et
726 4453 867 4546 planior
882 4464 995 4521 textus
1012 4464 1063 4521 est
1076 4449 1182 4539 Dige-
1234 4470 1289 4526 tus
1306 4459 1540 4528 constituatur
1558 4459 1595 4525 in
1610 4483 1667 4540 re,
1692 4484 1754 4528 seu
1770 4461 1907 4527 adrem
1923 4461 2117 4542 referatur,
2146 4476 2265 4529 non

197 4609 403 4629 .....---—

1375 2678 1429 2746 De
1453 2679 1556 2747 tertia
1583 2681 1699 2747 forma
1725 2672 1831 2748 hericis
1858 2690 2072 2748 contractus.

1235 4634 1440 4646 -—-————t—dn

231 4680 558 4808 θθζὸἒῑὲῇξθὲξιξξζζξῑθ]
584 4689 624 4724 ⁵¹⁰
651 4674 719 4724 Edi·
747 4673 839 4738 ¹⁵⁰⁴‘'
866 4672 939 4722 '⁵⁰⁷‘
964 4674 993 4721 ‘t
1018 4672 1108 4734 ”⁶⁰⁴
1134 4671 1182 4720 m
1268 4728 1559 4795 st)1)igest.xvln.
1586 4727 1625 4778 ut.
1648 4729 1669 4779 ι.
1695 4730 1739 4776 rex
1757 4728 1799 4777 as.
1827 4727 1924 4788 (corp.
1944 4727 1993 4775 aa
2012 4728 2062 4777 ca.
2086 4728 2127 4778 ea.
2148 4716 2265 4778 sec!

232 4845 280 4907 sa
300 4826 814 4901 1„„„„1,÷„a.1a1.;ma
834 4825 941 4875 ”aar
961 4823 1138 4886 aam.
1304 4798 1681 4928 aneaeaaz
1703 4799 2009 4915 nataralia-‘tta
2033 4798 2096 4928 aa
2110 4794 2265 4915 aare*

230 4932 279 4995 ⁸8)
298 4928 405 4991 Digest.
424 4918 510 4971 XLV·
531 4918 570 4966 tlt·
594 4917 616 4962 ¹·
637 4915 691 4988 ¹⁹3·
711 4912 770 4959 ¹³5·
788 4913 815 4972 s·
833 4912 858 4961 3¹
883 4911 980 4972 (⁰⁰¹²
1001 4911 1052 4959 ω’·
1072 4910 1124 4959 clv'
1142 4909 1183 4990 ως
1305 4939 1348 4985 vet
1368 4937 1392 4984 si
1410 4936 1524 4993 vendat,
1544 4940 1573 4982 ut
1591 4948 1644 4983 riou
1662 4935 1728 4988 ont,
1753 4935 1802 4982 sed
1821 4935 1873 4982 san
1890 4934 2043 4987 distrabat.
2067 4936 2112 4984 vel
2131 4931 2265 4985 simtu

266 4999 340 5051 Beck
363 4997 437 5044 TW·
462 4991 483 5039 ¹·
509 4986 538 5037 Ρ·
564 4985 596 5036 ¹¹·
622 4981 754 5062 nm)-
798 4981 891 5029 verba
913 4981 993 5028 ΝΜ
1018 4979 1183 5043 ”aiamim
1303 5005 1405 5067 aliquid
1423 5005 1593 5065 paciscatur,
1617 5004 1651 5052 ad
1677 5003 1864 5065 complendum
1888 5003 1929 5066 ia,
1954 5004 2026 5065 quod
2048 4996 2259 5069 punguntc

266 5085 291 5132 p.
312 5064 369 5115 133.
388 5064 454 5111 nota
471 5058 513 5108 31.
533 5051 738 5112 exscripsimus.
1305 5088 1336 5123 ex
1356 5074 1464 5122 vendito
1482 5084 1567 5137 agere
1586 5073 1694 5135 potem·

230 5145 493 5282 fflgcfdglxoqgf·
511 5144 554 5191 ⁵⁴·
572 5140 617 5188 ¹⁰¹
634 5136 660 5186 ²·
690 5134 790 5195 ‘⁰⁰³⁰’
809 5132 861 5184 ω’·
881 5132 931 5183 ‘¹‘
951 5133 992 5183 ‘⁶'
1011 5133 1085 5183 Μ
1102 5133 1131 5184 Τ·
1151 5131 1184 5180 ¹¹·
1269 5174 1489 5295 seioqqqtanant]
1516 5178 1556 5225 sse
1582 5175 1648 5225 raa.
1677 5176 1767 5240 usa,
1795 5174 1869 5224 usa
1895 5178 1923 5223 et
1949 5174 2044 5238 iseo,
2068 5174 2119 5224 ua.
2147 5162 2265 5224 asso·

291 5263 297 5275 .
329 5259 336 5274 .
1305 5262 1321 5293 ,
1349 5262 1354 5273 .
1406 5282 1412 5295 ‚

232 5311 280 5376 90)
299 5303 470 5360 satiatus]
490 5295 602 5346 incon.
621 5291 740 5354 legitur:
759 5284 949 5349 statuantur,
968 5286 1185 5366 trabiturcttone
1413 5363 1418 5375 ὓ
1498 5347 1504 5358 Ι
1556 5346 1560 5358 Ι
1853 5346 1858 5355 η

267 5390 377 5437 eorum,
402 5382 470 5434 quae
493 5369 556 5429 post
580 5363 697 5413 oblatam
722 5359 859 5419 expecto
891 5358 1069 5417 quantitatem
1093 5369 1127 5406 ex
1152 5365 1184 5404 eo
1269 5347 1317 5412 9³)
1337 5350 1473 5397 [arroserit.
1497 5361 1524 5395 m
1542 5347 1603 5395 libr.
1623 5346 1656 5394 V.
1684 5346 1819 5395 Decretal.
1839 5346 1880 5395 tn.
1900 5345 1940 5397 19.
1965 5358 1987 5394 c.
2006 5345 2033 5395 t.
2056 5345 2111 5397 vict
2137 5342 2255 5408 suprl

253 5447 349 5500 ‚turmo
366 5441 403 5493 sel
419 5435 611 5491 adversarium
627 5429 821 5494 pervenerunt.
1305 5433 1332 5480 p.
1354 5419 1409 5466 tat.
1430 5422 1494 5467 itote
1511 5416 1553 5466 32.
2169 5478 2173 5485 ἡ
2197 5446 2201 5457 ,
