4544 5766
126 194 228 269 sou
478 195 521 268 X.
571 168 854 267 mantano
884 170 1144 269 anamotus
1177 186 1426 270 ciceronis
1457 198 1559 271 rao
1591 199 1789 276 uuoun.
2032 200 2144 283 aare

284 346 289 356 .
469 346 476 357 ‚
581 350 585 355 .
622 308 646 353 e
1171 346 1176 355 .

124 358 239 463 mter]
259 350 598 459 scilicet'Pompeius
613 362 726 458 legem
750 369 794 437 de
817 367 957 438 iudiciis
978 367 1108 458 eligen-
1158 367 1238 463 quis
1255 368 1374 438 statim
1398 372 1442 438 ad
1459 377 1617 444 summos
1638 355 1794 447 honores
1819 352 2083 463 admittefflrr,
2106 397 2140 451 et

121 472 188 543 dis.
268 470 366 564 Esse]
399 469 531 541 scilicet
552 491 716 561 praeesse
738 470 917 542 iudicio.'
957 472 1106 560 Popula-
1158 471 1286 564 quihus
1310 472 1414 543 annis
1439 474 1542 543 liceat
1563 490 1682 568 petere
1702 480 1959 571 magistratum.
2036 486 2139 554 mm-

120 577 193 666 ree]
220 573 351 644 scilicet
375 571 472 663 tulgi
497 584 635 656 motus,
668 574 749 667 quia
765 572 944 642 Domitius
961 597 1106 664 oppres·
1152 575 1336 667 mellicam]
1362 575 1489 660 idest,
1517 581 1737 651 occasionem
1762 595 1796 650 et
1819 582 1976 653 consilia.
2029 585 2138 653 Mira-

118 688 216 747 serat
240 689 322 745 ante
341 687 546 768 praeturam
570 677 749 769 quendam
771 677 948 746 urbanum
974 675 1104 744 tumul·
1156 687 1212 745 tus
1238 688 1290 744 est
1314 680 1558 748 narrationem
1581 681 1712 754 Fabius
1727 683 2067 782 Qiriniitianus”³)‚
2103 701 2137 757 et

118 792 208 849 turn.
281 780 504 870 Documenta]
520 777 683 848 sciliceta
701 792 882 869 praetura,
908 802 988 846 cum
1001 777 1103 845 Man-

116 881 206 951 lium
223 880 405 950 tribunum
421 880 532 971 plebis
557 882 763 972 oppressisti
785 883 896 972 legem
918 882 1102 963 ferentem,

116 1002 188 1078 qtra
226 983 398 1053 libertinis
435 982 635 1074 promiscue
662 984 880 1075 suffragandi
912 983 968 1053 ius
996 983 1101 1051 iacie-

114 1086 178 1155 bat
186 1086 248 1179 θ’).

219 1206 305 1296 Cap.
321 1199 379 1275 lx.
408 1200 439 1294 ἓ.
456 1205 518 1278 23.
551 1205 785 1295 Quamobrem]
810 1196 979 1295 [spingas
997 1228 1099 1296 prae-

112 1306 340 1378 iudiciorum.
421 1309 606 1398 Discepiet]
634 1306 764 1375 scilicet
783 1304 926 1377 iudicet.
1002 1309 1097 1376 licli-

112 1413 229 1508 quum]
250 1409 472 1501 Propositio‚
498 1408 536 1476 in
555 1431 624 1502 qua
639 1422 689 1478 εει
702 1432 839 1478 summa
854 1410 980 1477 causae
994 1433 1096 1499 prae-

111 1515 178 1582 iixa
196 1513 409 1582 narrationi.
461 1511 580 1580 Status
598 1534 722 1580 causae
739 1522 807 1580 est:
840 1508 929 1579 Milo
945 1511 1022 1580 iure
1038 1536 1096 1580 oc-

113 1615 199 1684 cidit
215 1614 391 1684 Clodium.
443 1610 509 1683 lste
526 1609 633 1682 babet
647 1614 784 1692 uictor,
811 1613 942 1708 dequo
968 1624 1019 1683 est
1043 1614 1095 1683 di-

111 1717 273 1787 micatio:
307 1715 553 1786 Insidiatorem
569 1717 621 1785 fas
641 1728 692 1784 est
708 1714 886 1798 occidere,
919 1728 970 1786 est
992 1740 1093 1797 vera;

113 1820 257 1890 Clodius
285 1821 352 1889 fuit
384 1818 584 1888 insidiator:
635 1842 718 1908 ergo
746 1818 815 1887 luit
840 1818 916 1887 iure
949 1818 1093 1890 occisus.

111 1928 209 2006 Nisi,
245 1922 334 2015 uter]
367 1920 508 2012 Repetit
534 1919 826 2012 propositionem.
927 1923 1093 2013 Insidias]

110 2026 241 2095 scilicet
263 2037 342 2094 uter
362 2024 482 2092 iecerit
507 2024 721 2115 principium
744 2044 895 2114 pugnae.
970 2028 1092 2093 Atten-

109 2129 193 2221 dite]
225 2125 416 2209 Narratio,
456 2139 490 2195 et
511 2138 562 2194 est
582 2125 755 2208 dilucida,
792 2121 953 2217 nihilque
985 2120 1092 2194 babet

111 2229 262 2299 obscuri.
313 2227 520 2298 Inseruntur
537 2240 656 2296 tamen
674 2230 847 2322 quaedam
869 2240 1090 2316 argumenta,

112 2356 202 2427 qnae
232 2344 470 2424 praegravant
491 2330 676 2414 Clodium,
713 2340 749 2400 et
777 2331 962 2399 sublevant
985 2328 1089 2399 Milo-

109 2461 201 2505 nem.

208 2548 309 2645 §.2¹2
330 2555 370 2621 Ρ.
382 2554 529 2643 Clodius]
544 2550 693 2620 Occasio
714 2564 749 2619 et
764 2549 960 2622 consilium.
994 2548 1086 2621 Nam

106 2655 249 2726 Clodius
263 2654 330 2725 sibi
346 2655 525 2724 obstaculo
542 2649 860 2735 babuitMiionern,
885 2677 956 2746 quo
970 2654 1087 2723 minus

1153 778 1301 847 mirifice
1321 804 1398 849 eam
1413 782 1548 853 laudat.
1624 790 1812 880 Religione]
1835 788 1965 857 scilicet
1988 802 2136 880 propter

1152 881 1270 950 funus.
1627 882 1631 889 ’

1253 978 1284 1071 ᾗ.
1304 977 1366 1054 25.
1401 986 1616 1080 Occurrebat]
1646 988 1755 1074 Vide,
1794 1001 1834 1059 ut
1859 1006 2001 1082 spargat
2031 1017 2133 1084 argu·

1151 1095 1271 1152 menta
1288 1109 1413 1156 causae
1434 1086 1472 1154 in
1494 1085 1770 1164 narrationem.'
1827 1098 2041 1188 Petitionem]
2066 1097 2132 1165 sci-

1150 1184 1231 1255 licet
1253 1187 1397 1257 illorum
1417 1190 1692 1282 competitorum
1712 1195 1869 1266 Milonis.
1954 1200 2131 1269 Guberna-

1148 1289 1214 1381 rei]
1241 1288 1386 1361 Clodius
1401 1294 1540 1362 emebat
1555 1295 1722 1388 suffragia
1739 1298 1964 1391 quorundam
1989 1322 2129 1391 compe-

1147 1389 1317 1476 titorum,
1341 1406 1382 1462 ut
1390 1394 1562 1464 Milonem
1579 1400 1763 1470 consulatu
1775 1401 1977 1470 deiicerent.
2043 1406 2128 1473 For·

1146 1497 1326 1587 tissimum]
1348 1496 1480 1567 scilicet
1494 1498 1678 1572 Milonem.
1754 1505 1853 1594 Eius]
1873 1502 2004 1573 scilicet
2022 1504 2126 1573 Milo-

1145 1595 1212 1665 nis.
1324 1601 1541 1694 convocabat]
1581 1604 1712 1675 scilicet
1742 1606 1974 1697 promittebat
2006 1608 2125 1697 vulgo,

1145 1698 1243 1790 quod
1265 1700 1371 1770 vellet
1393 1703 1565 1773 deducere
1589 1707 1756 1778 colonias.

1247 1797 1277 1892 ἓ.
1297 1802 1359 1876 26.
1391 1809 1450 1876 iia·
1472 1810 1666 1904 Apennino]
1698 1810 1907 1903 Apenninus
1928 1809 2124 1901 porrigitur

1143 1898 1379 1993 per-ltaliam.
1479 1912 1639 2005 Fauonio]
1671 1912 1852 1983 Favonius
1882 1924 1935 1982 est
1964 1912 2123 1981 imitator

1144 2003 1307 2091 Catonis,
1334 2020 1369 2077 et
1385 2033 1489 2080 ausus
1513 2025 1565 2080 est
1583 2015 1694 2084 libere
1719 2017 1905 2107 obiurgare
1927 2015 2017 2084 cives
2039 2039 2121 2105 pro-

1142 2111 1353 2201 pemodum,
1376 2123 1416 2180 ut
1433 2111 1533 2184 Cato.

1244 2212 1329 2304 Cap.
1340 2213 1382 2283 X.
1409 2211 1440 2303 ἓ
1450 2215 1511 2288 27.
1539 2222 1696 2312 inierim]
1717 2219 1878 2303 Occasio,
1906 2217 2120 2313 quodiaciie

1141 2316 1298 2404 potuerit
1313 2317 1465 2405 deligere
1487 2319 1604 2388 locum
1622 2334 1656 2389 et
1672 2335 1810 2415 tempus
1825 2324 1994 2391 idoneum
2010 2321 2120 2388 inter-

1140 2415 1446 2487 iiciendiMilonis.
1506 2425 1690 2493 Flaminem
1698 2423 2062 2517 prodendum]scilicet
2072 2424 2116 2490 ad

1140 2518 1393 2610 designandum
1403 2524 1622 2592 sacerdotem
1634 2539 1668 2594 ει
1684 2528 1889 2608 creandum,
1906 2527 2010 2596 einen
2018 2524 2117 2592 Prie-

1138 2632 1210 2689 ster
1233 2646 1276 2690 zu
1299 2618 1466 2708 macben,
1499 2628 1586 2695 oder
1611 2627 1715 2699 einen
1730 2625 1892 2699 Bischoff
1914 2654 1957 2697 zu
1981 2622 2118 2696 weibn.

107 2770 249 2829 vexaret
264 2756 540 2849 rempublicam,
567 2780 785 2850 quamquam
808 2755 846 2822 in
864 2755 1020 2848 epistolis
1042 2758 1086 2824 ad
1137 2719 1194 2792 ¹¹¹⁸
1216 2736 1437 2816 Palmam&
1507 2733 1680 2827 mmm]
1705 2732 1741 2801 ld
1762 2745 1830 2816 ⁰⁸¹²
1856 2752 1994 2803 summa
2018 2741 2120 2821 P⁰¹⁰·

104 2861 258 2930 Atticum
275 2872 422 2931 testatur
438 2859 560 2928 Cicero
578 2858 750 2949 Milonem
764 2882 903 2949 semper
917 2858 1015 2949 prius
1030 2883 1086 2925 co-

104 2965 230 3057 gitasse
257 2967 299 3031 de
322 2976 437 3031 morte
456 2960 590 3045 Clodii,
625 2986 670 3030 ne
691 2961 743 3029 ilii
764 2961 885 3029 obesse
910 2974 1027 3052 posset
1047 2963 1085 3028 in

103 3066 293 3136 ambitione
308 3064 520 3135 consulatus.
553 3062 619 3131 Hic
634 3088 743 3155 porro
759 3061 897 3153 mitigat
910 3062 1084 3132 narratio-

103 3196 205 3255 nem,
240 3181 413 3263 quantum
437 3179 572 3258 potest,
609 3178 649 3235 ut
670 3190 793 3236 causae
816 3164 973 3236 serviret.
1036 3165 1084 3233 At

103 3273 148 3344 ibi
170 3273 210 3342 in
234 3270 381 3362 privatis
403 3269 529 3338 litteris
554 3295 678 3338 verum
708 3269 843 3338 scribit:
885 3267 974 3337 Milo
1005 3278 1083 3337 tan-

103 3400 208 3471 quam
225 3369 335 3442 bomo
356 3387 482 3464 potens
499 3385 533 3439 et
548 3370 728 3464 popularis
743 3371 873 3440 multos
890 3394 1005 3460 prose
1020 3366 1082 3438 ha-

103 3479 195 3561 buit,
237 3475 305 3545 nisi
336 3500 408 3543 uno
433 3475 558 3543 Clodio
587 3473 788 3555 resistente,
827 3474 921 3542 unde
944 3485 978 3542 ει
1001 3497 1081 3541 eum

103 3582 224 3653 toliere
241 3577 339 3671 prius
360 3577 546 3668 cogitabat.
581 3574 709 3656 ἄλλως.
768 3573 956 3659 Narratio,
991 3599 1080 3667 quae

103 3710 151 3757 res
169 3680 393 3753 occasionem
408 3678 556 3761 dederit,
582 3692 620 3748 ut
632 3677 775 3747 Clodius
792 3676 982 3768 susciperet
998 3701 1081 3745 con-

103 3788 217 3861 tilium
240 3783 473 3853 interficiendi
488 3781 645 3851 Milonis.
705 3780 849 3850 Clodius
872 3781 996 3849 oderat
1012 3780 1080 3847 Mi-

103 3894 216 3963 lonem
231 3899 378 3981 propter
392 3884 613 3977 rogationem
631 3883 784 3952 restituti
797 3882 989 3953 Ciceronis.
1017 3882 1079 3950 Vi-

103 3996 200 4066 leiur
219 3988 409 4062 verisimile
431 3988 603 4055 Milonem
623 3985 829 4056 insidiatum
852 4011 924 4055 esse
940 3985 1079 4068 Clodio,

103 4076 181 4194 iiiia
196 4092 286 4163 Milo
302 4091 467 4174 timebat,
489 4115 534 4159 ne
551 4102 668 4181 posset
683 4088 841 4158 obtinere
855 4090 1078 4158 consulatum

103 4211 244 4294 propter
258 4219 424 4287 magnam
441 4192 636 4285 potentiam
654 4202 689 4258 et
705 4192 936 4259 temeritatem
950 4190 1076 4273 Clodii,

103 4303 151 4377 ari
168 4300 297 4371 deinde
312 4297 454 4367 favebat
469 4293 672 4387 Pompeius.
753 4292 902 4385 Verere]
928 4293 1075 4363 Occasio

103 4421 126 4478 et
142 4402 350 4483 consilium,
378 4400 474 4493 quod
487 4397 603 4466 oderit
615 4395 807 4478 Milonem,
834 4407 869 4463 et
883 4418 993 4488 quare
1008 4395 1076 4464 Mi-

106 4508 186 4582 onis
211 4504 413 4576 consulatus
436 4514 471 4571 et
490 4513 655 4592 praetura
674 4496 791 4568 Clodii
812 4496 1016 4567 incidebant
1036 4499 1076 4568 in

103 4612 247 4687 :undem
270 4630 417 4676 annum.
475 4601 549 4673 Lex
577 4600 716 4672 annalis
744 4600 813 4671 fuit
832 4599 989 4687 Romae,
1028 4625 1073 4671 ne

125 4880 177 4937 η)
194 4878 227 4928 1..
243 4872 380 4925 Domitius
403 4871 453 4922 (ιιι.
478 4871 497 4923 i.
519 4872 714 4920 Ahenobarbus
736 4873 848 4933 praetor
871 4881 899 4921 ι.
918 4883 946 4923 u.
969 4884 992 4923 ε.
1011 4873 1072 4928 696.

160 4947 219 5008 (58.
231 4955 257 4994 a.
269 4944 365 5006 Cim),
382 4954 442 4990 cum
459 4941 509 4993 cn.
527 4940 662 5001 tinnitus,
678 4940 803 4989 tribunos
820 4939 924 5003 piebis,
941 4941 1072 4993 subnixus

158 5012 350 5066 libertinorum
368 5013 396 5060 et
413 5020 556 5059 servorun
574 5018 652 5057 matta
670 5008 882 5070 perditissimam
906 5010 994 5074 tegent
1010 5010 1071 5060 ier-

157 5088 219 5143 ret,
236 5083 268 5131 ιιι
283 5078 417 5131 tibertinie
431 5077 459 5128 in
476 5077 600 5129 omnibus
617 5076 740 5126 tribubus
756 5077 917 5141 suffragium
934 5080 1011 5128 esset
1027 5079 1070 5128 id·

159 5164 213 5218 que
228 5162 279 5214 per
297 5150 440 5199 tumultun
458 5149 556 5211 ageret
572 5148 601 5196 et
617 5146 715 5195 citrum
725 5145 906 5207 capitationem
921 5146 1069 5209 obsideret,

156 5219 290 5273 discussit
308 5216 484 5281 percepitque
508 5217 614 5266 coetum
639 5213 694 5271 ita,
724 5216 753 5263 ut
774 5214 852 5264 matti
868 5215 1068 5266 tinniianorun

156 5288 387 5343 interficerentur.
433 5288 492 5348 ouo
516 5285 589 5335 iacto
608 5285 637 5332 et
652 5283 756 5344 piebem
773 5283 890 5333 isunnam
907 5283 1020 5335 odendis
1039 5288 1068 5334 et

155 5359 272 5411 senato·
295 5365 420 5419 nagnam
443 5354 561 5419 metten
582 5351 653 5404 iniit.
704 5351 767 5401 vti.
791 5350 888 5405 orelitt
910 5355 939 5404 et
960 5353 1064 5405 natm

155 5428 299 5485 bremt.
315 5423 431 5474 written.
448 5423 479 5476 P.
494 5423 526 5474 ii.
544 5435 570 5487 p.
582 5419 642 5472 m.

1137 2839 1219 2896 stas.
1270 2826 1469 2920 Suspiciose
1491 2846 1615 2901 narrat
1635 2857 1711 2904 rem
1734 2834 1869 2905 Cicero.
1951 2833 2117 2923 Mnuuii]

1136 2928 1237 3101 {lup
1246 2927 1409 3000 Lanuvio
1426 2934 1581 3024 praefuit
1596 2935 1698 3008 Milo.
1771 2937 1960 3028 Profectus]
1986 2934 2118 3004 scilicet

1179 3056 1292 3103 orus.

1410 3038 1666 3133 lirrbuientam]
1711 3040 1841 3110 scilicet
1880 3038 2116 3108 tribunitiam.

1135 3133 1429 3206 Circumstantiae
1445 3151 1479 3207 et
1492 3153 1699 3232 apparatus,
1725 3167 1815 3239 quae
1833 3142 2030 3236 significant
2044 3151 2118 3207 tar·

1133 3237 1301 3323 ditatem,
1327 3251 1361 3308 et
1375 3263 1450 3309 uon
1462 3236 1626 3315 babuisse
1647 3270 1726 3316 eum
1748 3247 1934 3317 consilium
1954 3264 2117 3337 pugnan-

1133 3338 1182 3410 di.
1253 3346 1477 3414 Desideratus
1492 3346 1555 3439 cei]
1581 3348 1712 3417 scilicet
1727 3349 1764 3417 in
1778 3350 1965 3419 Milonem.

1237 3438 1267 3532 ἓ.
1284 3445 1346 3514 28.
1372 3446 1476 3537 Milo]
1507 3447 1615 3539 Signa
1640 3451 1856 3536 cunctantis,
1888 3462 1923 3520 et
1941 3444 2031 3517 nihii
2055 3469 2116 3514 cu-

1132 3542 1213 3635 pide
1234 3545 1405 3618 iacientis.
1482 3552 1686 3645 Expeditne]
1711 3554 1844 3623 scilicet
1863 3564 1903 3623 ut
1926 3561 2015 3621 esset
2036 3548 2115 3616 ido-

1131 3669 1219 3716 neus
1241 3647 1286 3715 ad
1308 3649 1552 3741 pugnandum.
1626 3658 1712 3726 Sine
1729 3657 1854 3751 uxore]
1885 3654 2016 3726 scilieet
2029 3651 2114 3720 Fui·-

1130 3748 1200 3820 via.
1277 3753 1500 3845 Paenuiatus]
1523 3753 1636 3839 idest,
1662 3757 1821 3831 inermis.
1857 3757 2030 3837 Paenula,
2054 3754 2112 3822 ein

1129 3846 1324 3922 schlecbter
1340 3854 1519 3944 gemeiner
1531 3858 1644 3930 Rock.
1721 3867 1788 3936 Hie
1801 3861 1998 3951 insidiator]
2020 3856 2112 3929 scili-

1132 3966 1186 4023 cet
1198 3953 1299 4025 Milo.
1335 3958 1515 4050 εἰρωνεῖαι.

1232 4054 1263 4146 b·
1279 4057 1341 4130 29·
1380 4064 1476 4130 Hora
1494 4060 1569 4151 sere
1591 4067 1783 4158 undecimo]
1815 4064 1879 4135 Est
1901 4065 1965 4135 sub
1987 4084 2110 4151 vespe·

1128 4180 1206 4225 ram
1219 4159 1314 4229 iuxta
1334 4164 1622 4252 supputationem
1638 4166 1859 4249 Romanam,
1886 4167 1948 4260 qui
1965 4166 2009 4232 ab
2028 4175 2110 4232 ortu

1043 4293 1051 4308 ·
1127 4259 1211 4329 solis
1226 4256 1419 4332 numerant
1432 4265 1584 4354 primam
1599 4263 1725 4337 boram
1745 4294 1857 4363 usque
1878 4270 1922 4336 ad
1946 4290 2109 4336 occasum

1130 4363 1188 4434 12.
1267 4367 1462 4458 Undecima]
1489 4369 1553 4437 auf
1562 4369 1631 4438 den
1646 4372 1787 4442 abendt.
1861 4371 2021 4462 Adversa]
2044 4367 2111 4438 sci-t

1125 4464 1207 4533 licet
1224 4465 1401 4537 Clodiani.
1476 4471 1557 4562 liic]
1583 4472 1714 4543 scilicet
1726 4473 1828 4544 Milo.
1904 4474 2110 4566 decurrere]

1125 4567 1257 4639 scilicet
1271 4568 1461 4638 Miloniani
1472 4576 1715 4647 recurrebant.
1790 4577 1967 4669 Feoerunt]
1992 4574 2108 4659 idest,

1124 4670 1376 4741 interfecerunt
1384 4671 1562 4747 Clodium.
1637 4681 1776 4773 Dicam]
1791 4679 1916 4750 Fidem
1929 4678 2014 4748 iacit
2027 4700 2108 4747 ora-

1123 4770 1216 4842 tioni
1228 4797 1312 4844 suae
1327 4772 1392 4845 ista
1408 4775 1583 4852 libertate.
1659 4785 1864 4876 Derimndr]
1884 4782 2016 4853 scilicet
2032 4801 2106 4847 non

1123 4874 1247 4945 dubito
1269 4877 1447 4962 confiteri,
1470 4904 1546 4951 non
1560 4884 1701 4977 defugio
1718 4886 1987 4956 confessionem.

1225 4977 1311 5070 GaP·
1327 4977 1385 5050 ΧῙ·
1421 4977 1452 5073 §-
1468 4984 1529 5055 30.
1563 4992 1657 5060 Haec
1676 4991 1778 5084 siud]
1811 4985 1999 5059 Conclusio
2021 5006 2105 5051 nar-

1120 5080 1290 5165 rationis,
1316 5084 1445 5174 repetit
1459 5090 1763 5180 propositionem,
1796 5104 1832 5161 et
1855 5087 1938 5160 huic
1962 5085 2106 5156 additur

1119 5181 1247 5253 deinde
1262 5184 1468 5281 principalis
1483 5190 1726 5284 syllogismus,
1758 5192 1938 5275 videlieet,
1971 5190 2042 5258 vim
2067 5188 2104 5255 vi

1151 5414 1219 5486 ⁸2⁸)
1238 5417 1352 5481 Quintil.
1369 5417 1501 5475 instituit.
1520 5425 1591 5476 oret.
1609 5423 1658 5490 iv,
1675 5425 1703 5488 2,
1719 5422 1762 5477 tt.
1780 5424 1809 5475 et
1825 5424 1862 5477 ni.
