4566 5760
58 199 139 279 285
426 200 490 278 tlt·
518 199 820 277 manuario
852 200 1034 280 amali
1066 190 1357 279 E'rfflooatiai
1389 196 1717 282 ARISTOTELIS.
1811 222 1815 231 '
2009 209 2087 284 286

62 374 140 459 nis,
167 399 275 470 quem
297 376 489 469 praecipue
510 389 653 469 oportet
673 376 809 468 expeti,
839 402 905 447 nec
924 390 1047 448 contra
1099 379 1190 451 sicut
1201 379 1325 465 Plato,
1358 405 1399 450 ac
1420 393 1540 474 partes
1560 381 1663 466 facit,
1696 381 1993 473 gubernationem
2013 382 2087 472 pri-

63 503 147 548 cum
164 479 358 573 quicquam
374 481 451 570 agi,
486 493 522 549 ct
537 504 595 552 eas
609 480 768 550 actiones
782 481 930 572 suscipi,
957 506 1049 575 quae
1100 476 1267 553 vatorum
1287 508 1453 569 morum,
1476 485 1694 555 senatoriam
1709 484 1942 577 sapientiam,
1965 486 2088 553 foren-

64 582 113 650 ad
128 580 231 652 illum
246 585 354 651 tinem
371 584 560 677 quadrant.
611 581 709 651 Haec
725 607 807 653 cum
824 582 874 652 ita
891 609 1049 653 commu·
1099 605 1175 656 scm
1190 600 1315 658 artem.

61 684 158 752 niter
172 685 359 770 dicuntur,
383 687 602 757 subobscura
624 697 719 756 suut.
770 684 840 754 Sed
863 711 943 758 cum
969 710 1050 757 cau-
1202 689 1376 760 Omnium
1399 689 1496 758 enim
1517 685 1646 760 harum
1669 690 1827 781 partium
1851 689 2009 760 actiones
2030 714 2086 757 rc-

61 809 123 858 sae
149 786 426 880 investigantur,
467 801 502 857 et
531 788 732 857 communis
753 788 827 857 vita
848 788 1048 882 inspicitur,
1100 791 1266 861 serendae
1280 805 1363 862 sunt
1379 794 1424 861 ad
1440 793 1607 863 ultimum
1629 795 1755 877 finem,
1781 817 1826 862 ne
1848 793 1936 887 quid
1961 805 2087 862 contra

63 900 100 957 et
120 891 279 982 exempla
295 893 495 975 adduntur,
522 890 658 983 aliquid
675 890 763 961 lucis
779 893 924 965 accedit.
973 891 1050 962 Me·
1101 894 1268 966 virtutem
1292 897 1365 966 fiat.
1424 892 1507 965 ldco
1530 890 1618 965 haec
1640 897 1801 964 doctrina
1827 891 1962 979 ethica,
1988 919 2087 964 com-

62 990 143 1062 dico
173 993 254 1062 finis
284 1006 339 1064 est
363 994 497 1063 sanitas
524 989 674 1063 humani
702 995 874 1085 corporis.
945 994 1050 1064 Hunc
1099 998 1219 1068 munis
1234 1011 1304 1083 cst,
1331 1021 1393 1068 scu
1410 997 1594 1090 superior,
1620 999 1747 1068 etfinis
1760 998 1998 1090 praestantior
2013 999 2086 1066 fine

61 1094 172 1164 linem
197 1097 388 1187 praecipue
410 1097 561 1186 expetit,
601 1107 637 1164 et
656 1096 806 1165 molitur
831 1122 894 1180 ea,
920 1098 1050 1191 quihus
1101 1101 1322 1192 singularum
1336 1101 1548 1171 inferiorum
1566 1101 1709 1172 artium.
1757 1101 1826 1171 Ars
1840 1101 1967 1192 igitur,
1992 1124 2086 1194 quae

61 1196 264 1267 defenditur
281 1211 343 1268 aut
355 1198 554 1268 restituitur
565 1197 709 1269 sanitas.
743 1196 796 1268 Ita
811 1199 957 1271 ultimus
971 1225 1050 1291 gra·
1102 1205 1145 1272 de
1159 1199 1228 1273 hoc
1241 1207 1312 1274 line
1326 1204 1579 1288 concionatur,
1608 1229 1693 1272 vere
1721 1216 1773 1274 est
1791 1204 1851 1272 illa
1875 1216 1977 1274 vetus
1993 1202 2087 1295 poli-

61 1297 129 1369 dus
147 1301 329 1370 bonorum
353 1326 416 1371 seu
436 1301 515 1371 finis
536 1324 676 1392 semper
701 1301 739 1368 in
761 1316 952 1394 conspectu
976 1328 1049 1374 cssc
1101 1306 1191 1389 tica,
1219 1331 1326 1401 qnam
1342 1306 1517 1378 Prodicus
1525 1306 1571 1402 ⁶),
1597 1305 1807 1402 Gorgias⁷),
1834 1304 1979 1390 Cicero,
2006 1330 2087 1374 ora-

61 1401 186 1486 debet,
216 1416 258 1473 ut
279 1403 427 1474 consilia
450 1416 486 1472 et
508 1403 665 1473 actiones
686 1405 869 1495 gubernet.
920 1407 1047 1475 Postea
1100 1409 1237 1479 toribus
1253 1409 1513 1494 attribuebant,
1537 1409 1642 1478 Plato
1662 1409 1770 1477 etalii
1786 1405 1992 1501 philosophi
2008 1408 2087 1476 vin-

60 1527 148 1574 vero
169 1507 212 1574 dc
234 1508 304 1575 hnc
328 1501 486 1576 hominis
507 1506 720 1576 nominatim
743 1506 899 1592 dicetur,
943 1534 1049 1602 quem
1101 1512 1265 1582 dicarunt
1280 1508 1514 1604 philosophis.
1567 1511 1644 1580 Hoc
1661 1524 1841 1581 certamen
1856 1514 2013 1582 brcvitcr
2027 1507 2088 1582 hic

60 1605 271 1679 Aristoteles
303 1609 484 1679 constituit
509 1634 582 1681 esse
612 1610 890 1695 beatitudinem,
940 1637 1048 1706 quam
1101 1615 1219 1706 attigit
1230 1614 1449 1687 aristoteles.

61 1709 320 1802 interpretatur
332 1712 508 1781 actionem
527 1712 680 1782 virtutis.
738 1710 813 1782 Lex
827 1713 947 1782 divina
965 1740 1049 1782 con-

60 1813 179 1885 stituit
201 1817 326 1897 linem,
359 1838 551 1906 agnoscere
573 1814 710 1898 Deum,
738 1829 773 1884 et
796 1817 941 1886 obedire
957 1817 1048 1902 Deo,
1454 1847 1521 1936 ca
1547 1859 1593 1937 ut
1606 1849 1670 1937 Π]
1688 1848 1723 1963 a)

60 1927 103 1984 ut
118 1940 183 1985 suo
199 1917 277 1986 laco
294 1916 443 1987 dicetur.
502 1917 651 1988 Hillnes
668 1931 901 2005 summotae,
925 1944 946 1987 a
971 1920 1049 2015 qui·
1520 1874 1547 1961 p
1671 1916 1681 1937 ⁶
1727 1914 1738 1937 ‘

59 2018 128 2087 bus
143 2044 217 2088 non
233 2020 484 2090 discedendum
502 2031 555 2090 est
571 2020 609 2088 in
623 2020 842 2107 actionibus,
875 2034 911 2092 et
925 2048 967 2091 cx
982 2019 1049 2092 hac
1201 2017 1366 2087 Tertium
1383 2029 1490 2109 caput
1511 2028 1564 2086 est
1586 2015 1786 2086 admonitio
1810 2015 1925 2085 obiter
1948 2015 2085 2085 adiecta

61 2124 184 2210 regula
207 2122 379 2192 iudicium
407 2122 560 2193 sumitur
589 2125 633 2192 de
660 2123 871 2196 actionibus.
938 2125 1048 2195 Recte
1100 2125 1144 2192 de
1161 2121 1371 2191 certitudine
1389 2120 1573 2190 doctrinae
1588 2121 1755 2203 moralis,
1781 2119 1962 2202 videlicet,
1988 2119 2087 2214 quod

61 2225 146 2294 lecit
160 2225 317 2315 Regulus
325 2224 379 2320 ⁴),
407 2227 506 2319 quod
530 2225 576 2293 ad
599 2226 812 2317 supplicium
833 2227 951 2297 redire
973 2253 1049 2298 ma·
1099 2248 1175 2295 non
1188 2225 1260 2294 sint
1279 2223 1413 2317 ubique
1432 2223 1645 2313 flagitandae
1669 2223 2009 2306 demonstrationes,
2046 2233 2088 2291 ut

59 2326 148 2412 luit,
174 2353 282 2422 quam
305 2329 425 2397 datam
447 2329 554 2397 fidem
574 2328 709 2400 fallere.
767 2330 877 2399 Recte
898 2330 1049 2400 sccitlo-
1099 2328 1139 2396 in
1163 2326 1397 2417 geometricis.
1456 2327 1672 2419 Quanquam
1696 2326 1792 2395 enim
1814 2327 1930 2396 sontes
1951 2321 2088 2395 habent

60 2427 167 2524 seph,
195 2434 292 2524 quod
309 2431 506 2521 periculum
526 2433 644 2499 famae
669 2444 704 2500 et
728 2434 821 2501 vitae
847 2433 947 2503 adire
972 2459 1049 2502 ma·
1100 2430 1238 2523 aliquas
1256 2429 1597 2512 demonstrationes,
1623 2441 1664 2499 ui
1686 2453 1743 2498 ars
1765 2429 2008 2512 medicorum,
2033 2440 2087 2497 ta-

61 2535 148 2620 tuit,
173 2558 282 2626 quam
298 2533 512 2602 adulterium
528 2533 762 2602 committere.
1100 2555 1185 2600 mcn
1203 2544 1324 2622 postea
1341 2533 1453 2601 multa
1470 2543 1658 2622 praecepta
1681 2543 1821 2599 tautum
1842 2531 2007 2602 nituntur
2028 2556 2086 2598 vc·

164 2635 259 2704 Haec
285 2634 427 2725 copiose
459 2635 583 2706 disseri
610 2648 779 2726 possunt,
820 2649 856 2704 et
878 2661 984 2728 saepe
1006 2661 1048 2704 ex
1099 2634 1307 2704 risimilibus
1337 2632 1568 2723 argumentis.
1633 2632 1680 2702 Ec
1699 2627 1766 2700 hac
1788 2632 1971 2721 diligentia
1996 2656 2087 2724 opus

57 2735 131 2809 hoc
152 2739 250 2805 fonte
273 2737 426 2806 sumitur
444 2737 628 2827 splendida
645 2737 773 2807 oratio.
824 2735 936 2828 Igitur
950 2740 1048 2809 locus
1100 2750 1152 2808 cst
1175 2735 1341 2807 studiosis
1362 2735 1402 2804 in
1425 2734 1590 2804 omnibus
1611 2734 1825 2825 disciplinis,
1849 2747 1890 2804 ut
1912 2747 2087 2828 quaerant

60 2842 308 2912 observandus
337 2851 406 2923 est,
445 2840 508 2932 qui
529 2835 586 2908 hic
607 2841 765 2908 breviter
790 2852 825 2908 et
846 2843 940 2911 nude
964 2866 1049 2932 pro·
1100 2838 1422 2909 demonstrationes
1446 2850 1621 2932 quantum
1644 2837 1723 2905 fieri
1743 2848 1879 2931 potest,
1906 2850 1942 2906 ct
1956 2837 2086 2907 discer-

60 2943 222 3037 pouitur.
280 2941 349 3010 Sed
371 2967 451 3011 cum
474 2942 673 3011 illustratur
695 2942 876 3026 oratione,
905 2946 945 3013 fit
964 2969 1049 3016 con·
1099 2956 1190 3013 nant
1210 2954 1305 3011 certa
1320 2942 1365 3009 ah
1387 2940 1542 3011 incertis.
1593 2939 1709 3008 Porro
1733 2953 1775 3013 ut
1794 2951 1877 3011 suut
1896 2939 2086 3032 principia,

60 3044 226 3139 spectior.
277 3041 493 3137 ldqucinfra
516 3045 597 3127 tici,
623 3044 686 3113 ubi
710 3046 936 3117 monebimus
961 3048 1049 3141 quid
1100 3071 1191 3142 quae
1206 3047 1407 3137 gubernant
1420 3040 1667 3135 spcculabilia‚
1691 3055 1733 3113 ut
1749 3067 1873 3112 omncs
1889 3043 2004 3112 lineae
2021 3045 2086 3113 du·

60 3148 200 3220 intersit
214 3147 307 3215 inter
315 3146 515 3218 Aristotelis
529 3148 636 3231 dicta,
660 3160 696 3215 et
713 3149 900 3219 coelestem
916 3151 1048 3219 doctri·
1100 3163 1176 3219 ctae
1200 3174 1221 3218 a
1244 3160 1366 3218 centro
1390 3147 1436 3215 ad
1452 3144 1774 3216 circumferentiam
1791 3145 1948 3215 ciusdem
1964 3145 2088 3215 circuli

59 3276 145 3322 nam
167 3253 211 3318 dc
233 3249 303 3316 hnc
325 3245 493 3321 hominis.
549 3248 776 3320 Monebimus
802 3251 890 3321 item
909 3253 1046 3344 singula
1098 3266 1183 3323 sunt
1203 3252 1388 3346 aequales:
1422 3248 1471 3318 ita
1491 3261 1574 3319 suut
1596 3249 1771 3340 principia
1797 3249 1967 3331 moralia,
1994 3273 2087 3342 quac

58 3365 269 3449 praecepta,
301 3364 402 3421 cruta
424 3352 746 3437 demonstratione,
773 3378 847 3423 esse
866 3355 961 3446 leges
984 3381 1048 3424 nti·
1100 3356 1300 3446 gubernant
1321 3354 1414 3421 vitac
1438 3351 1614 3433 actiones,
1640 3365 1698 3435 ut,
1726 3347 1836 3420 homo
1859 3351 2017 3421 nascitur
2040 3352 2086 3420 ad

61 3473 163 3530 turae
178 3467 212 3524 et
231 3453 383 3525 divinas.
814 3500 816 3503 -
1100 3460 1239 3527 civilem
1255 3457 1481 3538 societatem,
1507 3467 1543 3523 et
1556 3450 1649 3522 hauc
1666 3455 1757 3524 tucri
1774 3455 1890 3522 debet.

162 3558 348 3639 Secundo,
390 3557 488 3650 quod
513 3551 572 3625 hic
599 3555 651 3625 ait
670 3554 896 3628 Aristotcles:
937 3560 1046 3628 {inem
1201 3559 1269 3628 Sed
1293 3557 1453 3652 quaestio
1476 3568 1546 3639 cst,
1572 3556 1634 3649 qui
1657 3558 1736 3638 liat,
1767 3569 1808 3625 ut
1829 3555 1945 3625 maior
1969 3555 2087 3626 existi-

58 3660 217 3733 homiuis
249 3658 427 3750 pertinere
452 3660 499 3726 ad
519 3656 702 3750 politicam
726 3660 946 3746 doctrinam,
984 3688 1047 3733 scu
1099 3674 1216 3733 mctur
1230 3662 1404 3731 certitudo
1422 3684 1495 3729 esse
1510 3654 1825 3755 speculabilium*)
1843 3685 1950 3752 quam
1967 3682 2087 3728 naora-

58 3763 273 3859 sapicntiam
296 3761 500 3853 politicam:
540 3757 679 3853 phrasis
710 3775 762 3832 est
791 3788 834 3831 ex
856 3763 1045 3860 Platone⁶)
1098 3768 1199 3837 lium.
1248 3764 1385 3835 Omnes
1399 3762 1513 3853 magis
1528 3757 1610 3831 huic
1626 3761 1866 3855 propositioni
1890 3763 2088 3835 assentiun-

58 3880 222 3960 sumpta,
258 3889 324 3933 nec
345 3864 563 3953 intelligatur
586 3863 730 3955 politica
752 3876 893 3935 tantum
916 3869 960 3936 de
985 3870 1047 3937 ad·
1098 3883 1176 3939 tur:
1213 3865 1277 3938 Bis
1300 3878 1456 3961 quatuor
1479 3878 1563 3936 sunt
1588 3878 1688 3951 octo,
1730 3891 1839 3960 quam
1861 3861 1933 3936 his:
1975 3866 2086 3934 Pacta

57 3968 324 4043 ministratione
345 3967 637 4058 magistratuum,
671 3966 761 4037 sicut
784 3967 875 4036 infra
899 3971 1046 4040 nomine
1097 3984 1180 4043 sunt
1193 3973 1381 4050 servanda,
1408 3969 1636 4038 Mendacium
1652 3969 1860 4059 fugiendum
1886 3983 1950 4052 est,
1973 3968 2086 4036 Adul-

55 4076 208 4168 psttttces
235 4070 348 4140 utitur
370 4068 577 4140 Aristotcles
606 4071 646 4138 in
676 4069 777 4139 libris
796 4070 1045 4145 Politicorum.
1097 4075 1227 4145 terium
1251 4073 1436 4143 vitandum
1461 4084 1524 4143 est.
1582 4071 1814 4163 Respondeo:
1848 4070 1951 4138 Bona
1983 4094 2086 4139 mens

59 4178 127 4248 Hic
150 4198 236 4244 veto
259 4195 361 4242 morc
375 4172 537 4242 Platonis
559 4171 739 4267 loquitur,
768 4173 831 4267 qui
854 4174 892 4242 in
917 4198 1052 4266 genere·
1097 4177 1185 4249 sciat
1204 4201 1329 4269 parem
1354 4201 1427 4246 esse
1450 4175 1697 4244 certitudinem
1723 4173 1981 4266 principiorum
2007 4197 2086 4263 spc-

57 4279 243 4374 politicam
261 4288 366 4344 vocat
388 4299 614 4344 communem
633 4277 812 4369 quandam
831 4277 1050 4362 doctrinam·
1097 4279 1302 4351 culahilium
1317 4291 1352 4348 ct
1369 4278 1619 4369 practicarum.
1672 4276 1764 4344 Tam
1785 4276 1947 4366 oportuit
1967 4300 2086 4345 assen-

59 4407 154 4480 quae
184 4378 320 4472 alioqui
352 4389 500 4446 vocatur
527 4377 685 4466 generali
707 4378 854 4447 nominc
878 4388 1049 4469 practico,
1096 4383 1157 4454 tiri
1173 4378 1228 4454 his
1241 4381 1564 4474 propositionibus:
1591 4378 1687 4449 Deus
1704 4392 1756 4447 est
1769 4378 1961 4463 timendus,
1973 4378 2086 4448 Adul-

59 4511 153 4583 quac
173 4482 338 4553 videlicet
358 4479 464 4549 elficit
486 4475 654 4549 honestos
674 4480 788 4564 viros,
814 4482 929 4553 bonos
952 4484 1045 4555 cives
1096 4487 1226 4557 terium
1256 4498 1310 4555 est
1336 4483 1543 4565 vitandum,
1577 4505 1685 4575 quam
1711 4476 1810 4551 huic:
1844 4481 1906 4551 Bis
1929 4495 2086 4576 quatuor

58 4603 95 4661 et
109 4587 377 4680 gubernatores.
426 4581 472 4651 Et
489 4581 628 4676 quaerit
642 4582 767 4667 Plato,
794 4607 840 4653 an
856 4580 949 4655 hanc
972 4599 1045 4656 tra·
1096 4602 1179 4661 sunt
1200 4600 1293 4660 octo.
1345 4587 1454 4678 Quod
1479 4596 1597 4654 autem
1618 4584 1786 4655 videntur
1808 4585 1963 4676 practica
1988 4586 2086 4655 flexi-

58 4694 150 4763 dant
162 4700 323 4758 oratores
339 4699 402 4755 aut
421 4679 637 4775 philosophi.
1095 4692 1243 4775 hiliora,
1268 4693 1307 4759 lit
1318 4702 1471 4781 propter
1482 4688 1651 4757 morbum
1668 4687 1828 4779 originis.

161 4789 369 4861 Aristoteles
400 4783 470 4856 hoc
499 4788 578 4856 loco
608 4787 778 4859 admonet
805 4784 898 4860 hanc
927 4791 1043 4883 ipsam

57 4893 199 4969 ethiten
219 4916 303 4963 vere
328 4913 400 4960 esse
424 4914 503 4959 cam
525 4889 728 4982 politicam,
754 4916 816 4962 seu
838 4893 1044 4984 practicam,
1128 4905 1325 4972 tJProdtcus,
1343 4907 1432 4967 cons,
1450 4905 1723 4972 minimissimis,
1743 4903 2016 4967 socratissequatts.

56 5023 151 5096 quae
167 4992 410 5089 principaliter
425 4992 585 5084 privatos
600 5017 717 5063 mores
740 5005 777 5062 et
798 4996 938 5086 publica
968 5000 1044 5067 offi,
1128 4992 1160 5053 7)
1178 4992 1314 5056 Gorgias,
1331 4993 1498 5076 Leontinus,
1517 4994 1642 5056 sophista
1659 4997 1687 5042 ct
1705 4998 1802 5074 orator
1816 4992 2020 5050 celeberrimus,
2038 4994 2084 5058 qui

1162 5062 1278 5112 Attente
1300 5064 1362 5113 arte
1386 5065 1509 5113 oratoria
1532 5063 1698 5126 Isocratem,
1729 5063 1863 5113 Periclem
1886 5062 2010 5125 aliosque
2040 5062 2084 5111 tn·

55 5105 113 5173 cia
127 5099 237 5191 regit,
263 5109 299 5166 et
312 5095 475 5166 attribuit
486 5091 709 5188 philosophis
722 5091 814 5166 hanc
829 5100 1043 5186 doctrinam,
1162 5129 1260 5184 usmis,

1126 5217 1160 5277 8)
1176 5216 1259 5267 ntia.
1279 5217 1370 5275 itio..
1389 5216 1464 5268 tm.
1479 5219 1507 5267 et
1521 5216 1596 5268 ibib.
1614 5230 1669 5267 aon
1685 5217 1772 5266 soluta
1784 5216 1977 5277 inscriptione:
1996 5218 2083 5267 scito-

91 5282 125 5350 4)
146 5281 225 5335 cont.
242 5294 326 5345 sttprs
344 5296 369 5343 p.
384 5281 442 5332 169.
460 5285 526 5332 nota
541 5282 567 5333 6.
1161 5286 1201 5337 iis
1213 5286 1258 5337 m.
1277 5278 1397 5349 Capitis,
1414 5287 1464 5337 sed
1481 5286 1564 5337 ctiam
1581 5287 1694 5337 scholiis
1712 5285 1780 5348 ipsis
1796 5287 1831 5336 ab
1849 5286 1899 5335 hac
1916 5285 1989 5335 nsit.
2006 5285 2081 5337 tota.

89 5372 123 5432 a)
140 5367 253 5420 Pirssis
269 5361 393 5429 noima}
416 5362 552 5434 ἐπιστήμη
575 5368 715 5433 reperitur
736 5368 765 5421 ia
782 5367 852 5426 Pisi.
869 5368 966 5438 aaut,
996 5383 1040 5437 op.
1160 5355 1242 5405 '⁸¹⁶⁰
1258 5355 1396 5408 “militib

126 5437 171 5491 aa.
186 5437 222 5491 a
239 5437 331 5503 supa
350 5437 381 5488 t·
392 5435 426 5488 ¹¹·
444 5450 471 5501 r·
482 5437 543 5490 titt·
561 5438 594 5489 a.
1127 5439 1161 5503 *J
1180 5439 1400 5506 ammaum]
1419 5439 1461 5493 ac
1477 5439 1527 5492 aa.
1548 5439 1640 5505 sassa
1662 5438 1711 5491 aa.
1729 5439 1807 5493 asts.
1826 5435 2024 5505 spectabilium
