4544 5766
123 180 204 267 sss
406 232 430 275 ,-
621 179 751 261 ..·=..·a
783 180 995 271 nomaso
1018 174 1642 273 merammuounmssa.
2082 188 2158 267 aa

229 352 316 431 Non
332 352 442 447 igitur
457 350 643 445 indulgeas
660 353 888 439 diffidentiae,
913 380 995 429 nom
1004 356 1117 447 fingas
1167 348 1398 425 contentione
1419 345 1576 421 detrabit
1597 349 1777 423 volontati
1801 349 1980 429 humanae
2009 359 2153 435 liberta.

123 456 449 551 particularitatem
462 454 529 550 ⁷³),
555 470 596 531 nt
610 455 641 527 si
653 459 697 527 de
710 459 843 531 robore
856 458 1041 531 Samsonis
1052 470 1117 527 aut
1167 466 1259 537 tem,
1284 464 1320 522 et
1334 452 1519 525 constituit
1540 452 1787 529 necessitatem
1810 457 1850 529 in
1864 463 2031 537 omuibus
2045 468 2152 537 moti.

122 560 274 631 musicis
285 559 490 651 ⁴cogitares,
520 561 588 629 sed
609 560 735 633 audias
761 573 952 657 utramque
974 562 1115 633 concio—
1164 558 1231 627 bus
1246 555 1356 625 totius
1369 567 1520 625 naturae
1535 568 1570 625 et
1582 550 1783 643 hominum,
1802 574 1838 630 et
1849 564 1939 633 falso
1955 566 2002 635 ad
2014 566 2153 643 Stoicos

121 660 576 748 nem,timeasiudiciu1n
592 661 680 746 Dei,
706 663 849 735 abiicito
872 667 985 736 malas
1005 664 1114 733 actio—
1164 661 1305 729 furores
1329 659 1578 749 accommodat
1606 657 1710 729 Pauli
1742 661 1836 734 dieta
1863 664 1970 737 Ilom.
1994 668 2031 741 9.
2059 694 2150 768 quae

120 791 211 849 nes,
237 789 330 859 quae
345 765 480 835 fiebant
492 776 617 835 contra
635 767 902 850 conscientiam,
926 781 964 837 et
976 768 1113 838 intuere
1165 774 1260 833 certe
1273 785 1348 829 non
1362 761 1562 855 loquuntur
1584 762 1629 831 de
1646 763 1811 836 omuibus
1827 770 1984 841 motibus
1999 784 2150 847 naturae

123 868 402 961 promissionem
428 879 465 941 et
478 867 610 943 Filium
624 868 712 952 Dei,
733 881 775 941 et
797 883 877 961 pete
898 883 939 942 ut
961 870 1060 941 iuvet
1079 882 1114 938 te
1165 879 1201 935 et
1214 861 1423 946 hominum,
1447 875 1482 933 et
1497 863 1715 935 alienissima
1730 881 1814 939 sunt
1833 893 1854 938 a
1871 870 1999 945 Stoicis
2020 876 2151 949 delira·

123 971 349 1063 Spiritusne
370 982 514 1053 sancto,
548 971 640 1041 sicut
664 972 782 1066 inquit
801 972 905 1066 (Luc.
927 975 996 1056 11,
1020 970 1112 1066 tta:
1165 967 1306 1038 mentis.

124 1072 537 1168 Quanto-magispater
559 1086 675 1145 vester
699 1076 859 1147 coelestis
880 1076 980 1145 dabit
1003 1075 1114 1167 Spiri-
1265 1068 1429 1139 Primum
1446 1081 1564 1139 autem
1585 1093 1630 1139 en
1642 1068 1843 1143 Dialecticis
1863 1075 2069 1150 discendum
2087 1097 2150 1166 est,

126 1190 204 1249 tum
220 1188 382 1246 sanctmn
396 1177 616 1266 petentibus,
641 1176 763 1263 idest,
789 1203 864 1249 non
877 1179 1012 1263 otiosis,
1037 1202 1115 1247 non
1165 1173 1252 1266 quid
1266 1172 1666 1263 significentvocabula:
1691 1171 1937 1248 Necessarium
1955 1194 1990 1251 et
2002 1182 2150 1255 Contin-

126 1279 417 1371 aspernantibus,
443 1303 518 1348 non
536 1280 835 1371 repugnantibus,
861 1285 927 1352 sed
949 1306 1034 1351 vero
1055 1306 1113 1372 ge·
1165 1300 1261 1366 gens.
1313 1273 1380 1343 llic
1406 1274 1492 1343 satis
1518 1287 1571 1345 est
1599 1275 1807 1347 brevissime
1838 1281 1987 1353 recitare
2012 1286 2149 1379 quales-

127 1383 218 1452 mitu
231 1381 433 1474 petentibus
451 1380 633 1451 actxilium.
1165 1403 1304 1472 cunque
1329 1376 1596 1469 descriptiones.
1669 1378 1916 1454 Necessarium
1948 1400 2018 1473 est,
2052 1391 2151 1465 cuius

228 1484 323 1553 llinc
343 1485 571 1574 intelligitur,
598 1510 678 1555 cum
699 1485 888 1576 promissio
910 1485 957 1555 sit
970 1488 1112 1555 univer·
1165 1479 1480 1553 contradictorium
1496 1493 1547 1550 est
1559 1478 1796 1570 impossibile,
1824 1487 1879 1554 vel
1893 1491 1989 1581 quod
2005 1515 2085 1562 cum
2100 1495 2151 1579 fit,

127 1589 225 1671 salis,
253 1600 415 1658 nostram
447 1587 606 1680 aliquam
629 1589 875 1659 adsensionem
903 1612 1113 1659 conclusere
1165 1597 1227 1653 aut
1240 1585 1373 1652 lactum
1388 1594 1459 1664 est,
1480 1606 1555 1651 nou
1576 1595 1710 1673 potest,
1735 1608 1801 1654 oce
1825 1589 1944 1678 potuit
1964 1616 2039 1663 non
2061 1596 2151 1681 lieri,

131 1703 315 1782 oportere,
349 1715 430 1759 cum
460 1690 604 1782 quidem
633 1691 705 1761 iam
737 1703 773 1761 et
793 1691 946 1783 Spiritus
972 1703 1113 1761 sanctus
1166 1698 1227 1755 aaut
1244 1686 1345 1753 aliter
1359 1683 1448 1754 fieri.
1501 1684 1553 1753 De
1577 1686 1692 1754 modis
1711 1687 1794 1757 alibi
1816 1689 2027 1767 dictumest.
2079 1699 2150 1768 Sed

131 1793 329 1863 accenderit
344 1794 748 1875 mentem-voluntatem
765 1807 801 1864 et
815 1820 888 1864 cor.
926 1794 985 1863 Sic
1000 1794 1112 1865 multa
1164 1789 1383 1878 Contingens
1398 1786 1547 1870 dicitur,
1570 1790 1667 1880 quod
1685 1814 1764 1857 cum
1780 1791 1837 1874 fit,
1863 1789 1971 1863 habet
1993 1823 2149 1884 causam,

134 1897 218 1965 dicta
234 1897 451 1986 scriptorum
469 1896 739 1968 concionantur.
775 1896 994 1987 Augustinus
1009 1922 1113 1988 saepe
1165 1916 1256 1986 quam
1271 1903 1413 1982 poterat
1425 1915 1467 1959 ex
1482 1902 1610 1959 natura
1625 1915 1688 1961 sua
1704 1893 1807 1962 aliter
1817 1918 1933 1986 agere,
1947 1911 1982 1968 el
1998 1903 2148 1993 opponi-

134 1999 262 2093 ioquit:
298 1999 500 2069 Praeeunte
524 1999 657 2087 grastia,
694 1998 887 2071 comitante
917 2001 1113 2075 voluntate.
1166 2008 1224 2064 tur
1238 1994 1380 2086 utrique
1396 1992 1608 2084 particulae:
1643 1993 1850 2065 Necessario
1874 1997 2148 2095 etlmpossibili.

133 2101 175 2171 Et
188 2097 481 2193 Chrysostonaus:
499 2096 615 2173 ‘'Elxes
631 2095 736 2192 μένὸ
754 2097 860 2184 θεὸς,
881 2096 1115 2196 βουλόμενον
1166 2098 1215 2166 Ut
1230 2097 1332 2166 Paris
1358 2096 1478 2186 rapuit
1492 2094 1687 2180 Helenam,
1714 2109 1767 2166 est
1788 2103 1988 2194 propositio
2011 2109 2148 2177 confin-

134 2198 287 2275 alstra.
338 2202 386 2272 Et
400 2202 569 2273 Basilius:
595 2198 733 2277 Moror
755 2201 917 2298 θέλησον
939 2201 1003 2277 καὶ
1027 2201 1116 2284 θεὸς
1166 2226 1261 2292 gens.
1301 2198 1378 2269 Etsi
1394 2199 1489 2268 enim
1508 2211 1697 2292 postquam
1715 2196 1783 2269 hoc
1800 2201 1848 2271 ita
1865 2206 2004 2291 accidit,
2016 2212 2150 2281 mutari

136 2311 367 2400 apooaovaqi.
493 2376 496 2381 ,
1165 2327 1240 2371 non
1254 2314 1392 2395 potest,
1417 2313 1538 2369 tamen
1561 2303 1641 2370 ideo
1663 2303 1873 2395 conturgeus
1889 2309 2038 2394 dicitur,
2064 2316 2149 2407 quia

229 2407 332 2477 llauc
355 2408 637 2479 consolationem
665 2407 704 2477 in
735 2432 848 2499 agone
879 2408 1112 2479 necessariam
1167 2430 1270 2474 causa
1286 2405 1489 2494 gadsernans
1505 2417 1691 2489 eventum,
1716 2406 1835 2496 potuit
1849 2410 1953 2480 aliter
1968 2438 2089 2504 agere,
2115 2431 2151 2485 et

138 2510 559 2591 esse,nmnisestu1nest.
611 2510 709 2602 Quid
725 2511 819 2579 enim
835 2511 927 2581 dices
943 2511 1036 2580 sonti
1053 2510 1113 2603 qui
1166 2507 1283 2600 potuit
1304 2507 1394 2575 alius
1417 2531 1489 2574 esse
1513 2519 1670 2577 eventus.
1719 2507 1852 2578 Fontes
1872 2527 1991 2584 autem
2013 2519 2151 2588 contin-

138 2612 201 2680 iam
216 2615 262 2681 ad
284 2613 498 2705 supplicium
523 2613 684 2695 ducitur,
710 2613 774 2707 qui
794 2614 901 2682 etiam
924 2626 1115 2704 conspeetu
1166 2609 1306 2700 gantiae
1330 2621 1365 2677 et
1385 2607 1633 2677 mutabilitatis
1660 2609 1842 2680 actionum
1876 2639 1916 2684 ac
1946 2632 2149 2704 eventuum,

139 2716 185 2785 sui
199 2716 341 2787 sceleris
353 2712 575 2785 horribiliter
589 2714 790 2786 credatur?
841 2715 946 2785 Hunc
961 2729 1053 2791 certe
1069 2716 1115 2783 ad
1166 2724 1249 2784 suut
1261 2711 1405 2781 libertas
1420 2710 1614 2781 voluntatis
1631 2710 1669 2781 in
1683 2710 1773 2795 Deo,
1795 2713 1941 2788 libertas
1957 2722 2151 2795 voluntatis

140 2819 402 2906 promissionem
425 2819 553 2891 deduci
573 2843 713 2889 necesse
741 2830 810 2903 est,
841 2843 917 2890 non
951 2821 996 2887 ad
1029 2818 1115 2889 alias
1166 2816 1205 2885 in
1219 2814 1389 2885 creaturis
1404 2813 1652 2898 rationalibus,
1674 2827 1708 2883 et
1721 2817 1926 2907 vagabundi
1940 2836 2059 2894 motus
2075 2850 2151 2895 rna-

138 2923 397 3010 speculationes.
1167 2918 1276 2989 leriae
1291 2915 1517 2986 elementaris
1533 2915 1792 2987 varieruentis.

1268 3018 1343 3089 lam
1358 3019 1402 3089 sit
1417 3019 1524 3087 infixa
1538 3018 1667 3089 animis
1682 3020 1785 3089 firma
1803 3024 2037 3116 et·perspicua
2058 3031 2151 3099 resu-

1167 3122 1254 3193 tatio
1270 3123 1409 3191 Stoicae
1434 3121 1651 3193 necessitatis
1672 3115 1775 3192 baec:
1804 3123 1896 3193 Cum
1916 3129 2152 3201 certissimum

228 3227 390 3299 Recitavi
415 3251 593 3297 summam
614 3227 798 3301 doctrinae
821 3227 864 3296 de
885 3226 999 3297 libero
1021 3225 1115 3295 arbi·
1166 3227 1225 3307 sit,
1247 3225 1363 3295 Deum
1380 3248 1456 3293 non
1472 3249 1546 3294 esse
1562 3248 1704 3295 causam
1720 3224 1944 3313 delictorum,
1968 3257 2034 3301 nec
2049 3233 2150 3315 velle,

142 3326 218 3411 trio,
244 3355 307 3399 seu
322 3331 366 3398 de
382 3329 565 3398 rolcmtate
587 3324 763 3413 huntana,
788 3353 910 3397 veram
930 3341 963 3397 et
979 3326 1115 3419 simpli·
1165 3353 1231 3397 nec
1247 3331 1402 3410 efficere,
1427 3351 1493 3394 nec
1508 3328 1709 3418 adprobare
1727 3327 1874 3414 delicta,
1901 3345 1936 3400 et
1951 3335 2150 3407 condidisse

143 3454 225 3516 cem,
260 3456 352 3525 quae
375 3432 451 3501 sine
473 3433 545 3501 ulla
570 3433 792 3501 dubitatione
816 3444 1008 3522 perpetuus
1032 3454 1115 3498 con·
1166 3431 1360 3500 rationales
1376 3442 1523 3500 naturas
1539 3430 1606 3513 ita,
1632 3443 1673 3500 ut
1693 3431 1810 3499 bonae
1832 3446 1965 3505 essent:
1992 3439 2152 3531 sequitur

141 3557 250 3605 ursus
262 3546 316 3602 est
332 3535 492 3607 oinnimn
508 3535 730 3607 eruditorum
746 3546 781 3601 et
794 3534 938 3624 piorum
951 3530 1115 3617 inEcclef
1165 3546 1312 3603 maturas
1336 3531 1529 3601 rationales
1540 3531 1586 3626 ⁷⁸)
1611 3557 1675 3601 sua
1698 3533 1881 3603 voluntate
1901 3536 2034 3623 libere,
2074 3541 2151 3610 sine

141 3636 193 3707 sia.
248 3638 324 3709 Nec
351 3638 456 3727 plura
486 3636 570 3706 addi
600 3663 740 3709 necesse
771 3648 866 3719 erat,
902 3638 965 3705 sed
995 3648 1115 3705 tamen
1165 3637 1239 3706 calla
1253 3635 1480 3716 necessitate,
1507 3647 1543 3703 et
1555 3633 1632 3703 siue
1648 3634 1719 3704 ulla
1737 3637 1922 3706 coactione
1934 3665 1971 3709 se
1983 3643 2152 3715 avertisse.

143 3741 269 3809 moneri
284 3740 445 3817 iuniores
459 3739 545 3809 utile
560 3753 630 3824 est,
655 3765 701 3809 ne
727 3739 965 3811 assentiantur
988 3738 1115 3809 Stoicis
1167 3739 1293 3809 aDeo.
1345 3737 1428 3807 Fuit
1443 3737 1551 3827 igitur
1565 3737 1711 3807 libertas
1727 3739 1934 3823 voluntatis,
1959 3756 1994 3813 et
2010 3754 2154 3837 poterat

91 3880 93 3887 ι
143 3842 362 3933 opinionibus
400 3845 443 3911 de
473 3844 700 3924 necessitate,
733 3867 824 3936 qcme
855 3842 921 3911 etsi
948 3855 1032 3911 sunt
1054 3843 1114 3909 ab·
1167 3840 1596 3932 aliteragerevoluntas,
1622 3843 1719 3934 quod
1745 3867 1826 3911 cum
1852 3843 1988 3929 insit,
2015 3849 2152 3918 contin·

142 3947 281 4027 surdae,
316 3958 392 4013 eta
422 3946 603 4014 communi
635 3941 957 4035 vitaaabhorrent,
995 3958 1115 4029 tamen
1166 3945 1323 4037 gentiam
1338 3968 1413 4015 esse
1432 3942 1659 4013 manifestum
1676 3956 1739 4014 est.
1790 3945 1847 4015 Sic
1868 3947 2033 4040 deinceps
2057 3951 2151 4019 dica-

139 4042 261 4119 lnbent
278 4046 584 4142 applausores'ffi),
603 4049 659 4117 vel
672 4047 756 4141 quia
773 4061 923 4117 uetustae
937 4059 1115 4117 monstro·
1167 4050 1289 4119 tarde
1315 4046 1468 4116 externis
1495 4046 1694 4125 actionibus
1724 4048 1948 4117 voluntatum
1978 4047 2152 4121 humana-

136 4175 185 4221 sae
198 4152 424 4221 delectantur
441 4150 603 4221 absurdis
627 4150 857 4243 opinionibus
874 4150 948 4240 ipsa
964 4162 1115 4219 necturae
1167 4176 1267 4233 rum,
1294 4162 1328 4219 ot
1351 4172 1494 4240 semper
1513 4148 1552 4216 in
1576 4159 1767 4239 conspectu
1791 4149 1836 4217 sit
1857 4150 1992 4219 dictum
2015 4153 2153 4224 Psalmi

132 4252 381 4345 perversitate,
414 4254 472 4322 cet
491 4253 576 4346 quia
600 4248 764 4322 homines
786 4253 966 4321 ambitiosi
989 4264 1117 4342 putant
1169 4250 1228 4346 (5,
1243 4249 1314 4347 5.):
1339 4251 1436 4320 Deus
1450 4250 1671 4340 impietatem
1686 4274 1761 4319 non
1778 4250 1900 4320 volens
1918 4265 1957 4321 tu
1974 4279 2021 4326 es.
2074 4255 2152 4326 Hoc

132 4357 324 4446 gloriosum
350 4381 444 4437 esse,
466 4356 713 4425 contradicere
738 4353 886 4449 aliis⁷⁰).
938 4355 1027 4425 Tale
1049 4354 1117 4425 suit
1168 4353 1411 4425 testimoninm
1440 4352 1602 4421 divinum
1628 4351 1911 4421 constantissime
1949 4372 2153 4448 opponatur

128 4461 166 4527 in
181 4458 342 4528 Vallensi
355 4458 401 4551 ⁷⁷)
419 4458 578 4527 studium
593 4459 882 4542 contradicendi,
909 4457 972 4550 qui
986 4481 1116 4548 magna
1168 4459 1307 4528 Stoicae
1323 4456 1533 4525 necessitati.

552 4544 559 4567 ’
1268 4559 1315 4629 Et
1332 4580 1538 4652 quanquam
1553 4549 1718 4625 homines
1740 4559 1953 4630 contentiosi
1972 4564 2083 4636 miros
2104 4566 2153 4633 la.

160 4677 211 4744 u)
231 4675 491 4739 panicularautem]
521 4675 561 4725 sto
583 4676 653 4726 aaa.
679 4676 772 4740 assa,
798 4676 873 4729 tosa.
898 4678 926 4725 et
951 4676 1043 4742 soson
1065 4677 1117 4729 Et.
1167 4658 1355 4758 hycinthos
1371 4661 1407 4727 in
1428 4653 1495 4727 hac
1518 4658 1726 4751 quaestione
1748 4671 1885 4730 stnaere
1907 4680 2074 4757 posstmt,
2101 4680 2153 4736 ta-

158 4744 805 4899 ⁷⁵3allillblbllilellcofladiffileatrffi3
821 4830 889 4882 m
904 4829 979 4881 ,m
992 4833 1020 4879 e,
1040 4832 1116 4881 Μ.
1168 4791 1252 4835 meu
1268 4761 1511 4834 testimonium
1528 4760 1676 4831 coeleste
1701 4762 1940 4837 anteferamus
1954 4768 2153 4859 praestigiis

195 4899 402 4963 applausiores.
914 4932 917 4939 .

159 4988 212 5052 76)
233 4986 278 5037 vet
295 4985 359 5049 qnia
375 4983 736 5037 natum-contradicere
753 4982 839 5045 alltc]
857 4946 904 5035 stc¹
915 4986 983 5039 Ede.
998 4985 1075 5037 soor.
1089 4988 1118 5037 et
1343 5032 1349 5045 ,
1464 5031 1471 5044 .
1996 5022 1999 5027 -

198 5054 295 5117 ,5ωῆ
312 5052 380 5103 ΕΜ,
394 5052 470 5104 1550,
483 5054 512 5101 ,t
525 5054 615 5104 1554,
634 5052 696 5116 quq,
711 5054 827 5101 „atum
839 5053 947 5116 nuqua,
959 5055 1032 5105 (διο,
1045 5056 1118 5119 mut,
1237 5037 1404 5097 pugnatione
1421 5034 1616 5097 Epicureorum
1634 5032 1662 5081 et
1680 5032 1833 5084 Stolcarun
1850 5034 2014 5099 oplnlonun.
2047 5040 2152 5094 Deten-

196 5128 230 5172 ot
246 5123 417 5173 admirentur
437 5122 598 5183 peregi-lass
617 5124 645 5170 et
662 5122 796 5171 absurdas
814 5121 974 5185 oplnlones,
992 5125 1037 5173 rel
1055 5124 1120 5187 qula
1237 5104 1277 5185 ⁶¹}
1295 5100 1368 5185 ,enlm
1386 5103 1484 5164 ⁶⁰ss¹⁰³
1505 5100 1615 5182 ⁸¹²¹F¹¹¹¹
1631 5098 1665 5180 ‘¹9
1681 5102 1839 5163 *mutim*
1864 5104 1935 5166 (ΝΜ
1958 5105 2083 5171 '¹²1¹‘ss
2100 5113 2152 5161 ¹¹⁰·

196 5192 352 5257 ςῐοήοωιι
368 5193 480 5252 putant,
498 5190 690 5240 contredloers
704 5190 777 5241 suta,
1054 5202 1057 5207 ·
1236 5184 1328 5232 martis,
1346 5174 1375 5220 et
1390 5172 1575 5233 propugnavit
1593 5169 1713 5219 stoicam
1730 5171 1933 5238 neceultatem,
1952 5178 1980 5225 et
1997 5176 2151 5230 libertatem

160 5276 215 5341 π)
234 5277 402 5326 nutantia,
420 5274 520 5338 Vana,
537 5286 563 5324 p„
583 5273 658 5324 1⁴07.
681 5275 784 5327 pom„
801 5278 902 5335 natm,
919 5287 947 5327 ι
963 5275 1040 5327 lm·
1054 5275 1118 5325 md·
1237 5241 1373 5290 actionum
1389 5240 1568 5289 humansrum
1585 5236 1707 5288 sustulit.

200 5348 346 5409 nortun,
372 5346 442 5395 tons
457 5344 566 5406 quiden
581 5344 697 5395 neruus
715 5348 759 5395 est
776 5345 810 5395 ‹ls
827 5344 922 5409 linqua
942 5345 1045 5409 nura,
1068 5345 1118 5397 sed
1201 5338 1251 5407 78)
1269 5344 1385 5393 naturas
1406 5338 1575 5401 rationales]
1591 5336 1631 5388 slc
1646 5336 1716 5391 raa.
1735 5316 1814 5391 assa
1829 5340 1857 5391 et
1876 5332 1968 5406 lawa
1990 5342 2057 5396 aad.
2078 5346 2153 5399 tollo.

199 5412 326 5476 eomptt
348 5412 545 5476 philosophiam
575 5413 602 5463 et
631 5412 795 5479 theologiam
817 5408 1028 5467 tetemme'ss
1051 5425 1118 5476 pro·
1238 5413 1266 5462 et
1286 5410 1360 5461 1554.
1378 5408 1530 5461 rationales
1546 5408 1672 5459 mures.
1779 5472 1785 5487 ι

131 5503 321 5566 stratam.
344 5499 451 5563 Orsa.
473 5499 558 5566 Vos.
580 5500 672 5567 XVI.
1497 5476 1544 5547 13

225 3076 472 3160 llesut'a'tio
500 3084 683 3159 Stoicae
711 3088 1015 3161 necessitatis.
1041 3134 1071 3189 Ι·
