4544 5766
71 200 155 281 aro
422 167 1750 282 nuaramnonmrmrrmoorouansrorurs
2025 198 2102 281 sao

72 375 139 447 ste
154 376 200 445 de
214 374 382 468 coniugio
396 376 483 449 dicit
496 372 786 477 Ναομᾶχιοσ“);
812 380 1066 454 Dulcissimum
1115 380 1268 451 miratur
1286 380 1383 452 unde
1404 380 1452 451 sit
1468 378 1729 475 immanitcs⁸⁰)
1751 377 1972 460 facinorum,
1997 392 2039 448 ut
2059 378 2099 449 in
2215 415 2219 424 ·

71 502 155 549 esse
180 502 275 571 puro
302 502 452 572 corpore
483 483 654 552 coelibem
672 483 817 555 uivere:
857 488 919 556 scd
949 486 981 556 si
1009 486 1067 555 cui
1114 483 1225 553 Atreo
1247 494 1283 552 et
1305 478 1480 576 Thyeste,
1512 497 1548 554 et
1570 484 1755 555 similibus.
1813 481 1880 551 llic
1902 483 2007 551 docet
2027 506 2098 557 ror

71 606 172 674 opus
189 581 235 653 sit
252 582 440 675 coniugio,
472 586 689 657 traditurum
711 612 748 657 se
770 613 843 659 esse
863 600 1064 681 praecepta,
1115 587 1249 670 divina,
1272 581 1358 655 haec
1372 587 1466 655 mala
1482 590 1631 657 naturae
1646 583 1825 657 humanae
1838 609 1913 655 non
1929 608 2002 654 esse
2018 596 2097 655 orta

70 684 264 779 quomodo
278 680 371 755 hanc
383 689 533 757 alteram
548 688 811 779 navigationem
828 705 940 783 regat.
973 693 1066 771 Πῶς
1116 688 1241 775 aDeo,
1266 691 1327 759 sed
1342 702 1510 759 naturam
1524 690 1753 780 depravatam
1768 714 1841 758 esse
1858 685 2100 757 vulnereDia·

66 780 150 881 χρή
174 810 216 860 σε
233 792 390 881 περῆσαι
408 787 478 862 τὸν
500 795 638 873 πλοῦν,
671 787 722 872 ὣς
744 788 865 886 τὸνθῧ)
887 790 1065 888 δεύτερον
1113 793 1201 861 boli.
1248 791 1302 861 Ac
1316 804 1501 885 praeterea
1522 794 1653 863 multos
1675 791 1811 883 impelli
1831 789 2017 862 furialibus
2038 788 2099 859 sti-

69 892 228 976 Φᾶσον,
259 888 415 986 εὔφρονι
435 892 567 989 θυμῷ.
626 895 735 987 Quod
756 921 842 965 vero
857 895 1063 967 Aristoteles
1115 894 1220 964 mulis
1237 919 1255 962 a
1270 895 1438 978 Diabolo,
1459 907 1499 965 ut
1514 893 1643 978 Atrea,
1670 891 1883 987 Thyestem,
1907 905 1941 960 et
1954 891 2098 963 similes.

69 991 185 1063 toties
205 993 395 1079 admonet,
428 1020 537 1089 quam
562 998 701 1066 difficile
725 998 772 1069 sit
793 999 975 1068 moderari
997 999 1064 1066 im·
1115 997 1295 1066 Monstrat
1310 1012 1429 1067 autem
1449 997 1641 1080 auxilium,
1674 998 1783 1090 idque
1798 1020 1872 1064 non
1889 995 2004 1064 solum
2020 994 2098 1085 pol-

68 1106 180 1186 petus
208 1095 431 1181 animorum,
469 1110 505 1167 et
529 1101 579 1167 ad·
598 1101 880 1171 mediocritatem
911 1102 1063 1184 flectere,
1114 1099 1260 1183 licetur,
1294 1103 1354 1170 sed
1373 1101 1479 1170 etiam
1494 1101 1569 1191 peti
1586 1101 1780 1191 praecipit,
1812 1112 1854 1169 ut
1878 1123 1958 1167 cum
1981 1095 2099 1190 inquit

70 1209 176 1267 extat
195 1198 234 1267 in
258 1195 486 1293 philosophia
515 1200 650 1273 illustre
675 1203 917 1274 testimonium
942 1207 985 1273 de
1009 1203 1063 1271 in-
1115 1200 1407 1298 (Luc.11,13.):
1442 1203 1589 1295 Quanto
1612 1203 1726 1295 magis
1741 1203 1851 1272 Pater
1875 1212 2008 1282 vester,
2036 1197 2099 1292 qui

69 1301 178 1391 genti
190 1300 431 1372 imbecillitate
447 1316 596 1374 naturae
616 1301 807 1377 humanae.
857 1306 981 1376 'l'acite
998 1306 1063 1396 igi·
1113 1306 1151 1372 in
1167 1306 1274 1375 coelis
1292 1318 1361 1390 est,
1387 1306 1486 1374 dabit
1501 1304 1675 1397 Spiritum
1702 1318 1863 1375 sanetum
1884 1301 2099 1393 petentibus,

68 1416 133 1475 tur
148 1403 328 1496 significat
339 1405 438 1475 aliud
452 1431 562 1498 genus
577 1409 760 1478 doctrinae
776 1409 937 1501 superios
954 1434 1062 1503 quae·
1114 1432 1198 1498 ergo
1213 1408 1340 1479 fiducia
1355 1409 1385 1477 F
1387 1408 1439 1476 ilii
1446 1408 1514 1476 Dei
1528 1422 1690 1499 petamus
1703 1432 1769 1478 nos
1784 1407 1860 1498 regi
1869 1405 2004 1497 Spiritu
2018 1427 2100 1473 san-

66 1508 230 1578 rendum
245 1532 318 1577 esse
333 1509 377 1577 de
392 1509 505 1580 causis
521 1524 557 1579 et
569 1513 734 1582 remediis
751 1508 856 1583 huius
879 1511 1063 1580 imbecilli·
1114 1522 1182 1580 cto.
1232 1510 1299 1578 Hic
1321 1511 1465 1603 depellit
1483 1510 1629 1579 Diaboli
1649 1510 1817 1594 insidias,
1849 1520 1884 1577 et
1904 1509 2022 1577 frenat
2044 1530 2100 1576 cr-

68 1609 171 1681 tatls.
221 1609 415 1680 Constituit
438 1608 665 1705 philosophia
688 1628 785 1684 certo
809 1611 992 1684 hominem
1017 1615 1061 1683 ad
1112 1624 1231 1681 rantes
1247 1613 1401 1705 impetus
1417 1612 1633 1698 animorum,
1653 1626 1689 1684 et
1699 1612 1826 1683 inserit
1840 1610 2006 1679 meliores
2021 1632 2099 1679 mo-

69 1711 247 1783 rirtutcm
271 1715 453 1784 conditum
470 1740 555 1786 esse.
589 1714 711 1810 ltaque
734 1717 886 1787 miratur
910 1718 973 1810 qui
988 1719 1062 1800 fiat,
1114 1728 1170 1785 tus
1193 1727 1229 1785 et
1250 1717 1427 1807 gubernat
1450 1728 1616 1799 eventus,
1643 1741 1684 1785 ac
1707 1717 1819 1784 donat
1837 1737 2034 1795 successus,
2067 1711 2100 1783 si

68 1840 141 1885 cur
163 1827 239 1885 tam
261 1839 343 1885 rara
364 1842 420 1889 res
442 1817 488 1888 sit
511 1843 595 1888 vera
614 1820 739 1891 virtus.
809 1820 924 1911 Magis
954 1820 1060 1889 etiam
1113 1830 1232 1886 tamen
1257 1820 1422 1889 voluntas
1448 1819 1556 1887 etiam
1578 1818 1806 1887 mediocriter
1828 1815 2029 1897 annitatur,
2058 1824 2100 1883 ut

1113 1932 1207 1989 recte
1223 1921 1341 1992 saciat.
1394 1922 1617 1991 Concurrere
1634 1921 1728 1991 enim
1752 1944 1895 2001 causas,
1931 1940 2019 2010 quas
2040 1940 2098 1986 su·

101 2028 159 2097 Π)
177 2030 376 2110 mim·
411 2031 496 2092 poeta
519 2029 778 2112 affluentioris
802 2030 874 2081 aeva
924 2030 1061 2114 roematt·
1112 2047 1178 2115 pra
1195 2023 1367 2107 diximus,
1401 2037 1555 2116 oportet.
1601 2018 1743 2096 Μόνον
1757 2020 1919 2115 θέλησον
1932 2014 1997 2091 καὶ
2009 2012 2100 2098 θεὸς

142 2100 337 2163 guantelmus
351 2098 506 2165 fragmenta
518 2113 534 2150 ο
545 2103 655 2151 stobaer
669 2113 753 2151 serm.
767 2099 810 2150 68.
823 2101 866 2149 9³.
880 2098 921 2149 74.
949 2101 1062 2164 collegit

140 2167 254 2221 Μ
272 2164 370 2233 (possa
388 2169 519 2232 mmm
537 2183 562 2231 Ρ,
580 2169 629 2219 122
643 2180 702 2231 ,ῃ
719 2169 842 2230 322qu
861 2171 888 2218 et
907 2167 934 2216 g,
952 2178 1062 2218 ,mm
1112 2131 1346 2222 προαποντᾷ.
1405 2124 1513 2212 ltem,
1545 2139 1740 2218 praeeunte
1764 2125 1899 2217 gratia,
1932 2134 1968 2191 et
1989 2119 2100 2189 'comi-

139 2236 503 2373 mfflsspffffimst'
518 2234 1062 2304 οοοᾱΝαομαχίον-ναμικάπαραγνέλ·
1114 2240 1212 2296 tante
1243 2230 1440 2302 voluntate.
1498 2227 1608 2314 ltem,
1648 2225 1717 2303 τὸν
1749 2220 1983 2324 βουλόμενον
2007 2220 2099 2297 ἕλκοι

1172 2323 1238 2372 ‘so

105 2390 157 2451 ω)
176 2387 242 2451 ιον]
259 2390 301 2441 ,a
317 2391 369 2440 m.
384 2389 473 2457 istos
500 2392 686 2446 insalsae.
707 2392 801 2444 omiss.
821 2419 854 2431 -
881 2390 993 2442 aranea
1010 2392 1030 2443 1.
1042 2393 1061 2443 r.
1112 2329 1201 2409 3⁶⁰⁹
1239 2329 1266 2423 )·

140 2474 171 2526 p.
189 2459 247 2513 trs.
264 2460 408 2512 v.ro.1t.
426 2461 495 2511 hooc
511 2462 600 2512 rstert
616 2462 774 2512 Naumachit
791 2464 894 2512 vortat
926 2460 985 2516 πῶς
1008 2457 1061 2527 χρῆ
1112 2462 1318 2477 “““““““““”“

138 2542 177 2583 σε
191 2527 310 2597 περῆσαι
326 2524 379 2580 τόν
394 2527 502 2596 πλοῦν,
533 2522 570 2589 οἷς
587 2544 694 2599 φασιν,
724 2527 775 2582 τόν
793 2526 922 2596 δεύτερον
940 2527 1062 2597 ἔμφρονι
1145 2513 1194 2582 89)
1212 2515 1384 2579 immanitas]
1402 2516 1443 2568 ⁸¹⁰
1459 2519 1509 2570 Ed·
1528 2518 1620 2587 ¹5⁴⁶·i
1644 2515 1944 2571 ¹⁰3⁶·1545·d⁰⁰⁵t·

138 2596 233 2668 θομᾷ.
406 2671 414 2685 .
1146 2598 1195 2664 90)
1215 2599 1293 2653 conr.
1312 2615 1398 2666 supra
1415 2617 1441 2665 p.
1455 2603 1514 2657 19³.
1530 2602 1591 2655 tto.

873 2776 1282 2805 —---·--·-····-··r

226 3072 301 3151 IN
333 3072 659 3151 TERTIUM
691 3076 963 3155 LIBRUM
994 3077 1410 3156 ETHICORUM
1442 3077 1939 3155 ARISTOTELIS

584 3250 959 3316 nuanaarronns
988 3253 1200 3314 euntem
1229 3251 1593 3315 notaacnonrs
1709 3277 1713 3287 =
1935 3242 1937 3246 “

171 3452 291 3545 Supra
304 3452 453 3523 tradidit
469 3451 712 3522 definitionem
731 3455 893 3540 virtutis,
926 3457 1058 3552 inqua
1211 3456 1314 3526 Actio
1337 3481 1483 3549 prorsus
1506 3456 1710 3527 voluntaria
1731 3470 1802 3543 cst,
1843 3481 1933 3551 quae
1962 3454 2098 3547 regitur

79 3555 114 3625 tt
134 3554 275 3627 mentio
296 3572 503 3626 causarum.
569 3555 673 3626 Nunc
696 3556 735 3624 in
761 3559 866 3628 tertio
889 3559 984 3630 libro
1015 3563 1058 3631 de
1110 3560 1259 3631 consilio
1275 3560 1490 3630 mentisnon
1505 3560 1658 3630 errantis
1674 3559 1767 3628 circa
1785 3560 1980 3642 obiectum,
2004 3570 2040 3628 et
2056 3557 2097 3627 in

80 3657 185 3731 aust
204 3657 369 3743 disserit,
402 3658 566 3729 videlicet
587 3659 631 3727 de
651 3658 783 3731 iudicio
807 3663 936 3732 mentis
959 3665 1058 3733 etde
1110 3688 1180 3757 qua
1196 3662 1361 3734 voluntas
1374 3686 1450 3732 non
1465 3662 1660 3756 impeditur
1676 3674 1820 3733 externa
1837 3659 2009 3732 violentia
2033 3671 2097 3731 aut

10 3808 17 3848 a
79 3758 235 3833 beruto
250 3760 459 3833 voluntatis.
510 3762 557 3830 lli
570 3774 654 3831 sunt
675 3763 791 3835 sontes
812 3766 954 3835 virtutis
975 3791 1058 3836 vere
1108 3779 1259 3836 terrore.

10 3908 20 3949 p
81 3862 195 3936 hrini.
255 3863 351 3935 Nam
369 3860 458 3933 haec
479 3877 532 3935 est
554 3889 638 3956 pars
659 3863 824 3956 imaginis
840 3867 909 3936 Dei
929 3869 968 3937 in
994 3865 1058 3939 ho·
1210 3866 1455 3937 lovoluntari'a
1479 3879 1551 3955 est,
1591 3891 1682 3962 quae
1704 3868 1745 3937 lit
1766 3892 1831 3959 per
1853 3863 2095 3958 ignorantiam

10 4012 23 4053 3
80 3964 184 4051 nine,
215 3966 388 4037 iudicium
414 3991 609 4058 agnoscens
632 3966 770 4053 Deum,
800 3982 835 4038 et
856 3970 1057 4043 discernens
1108 3970 1352 4062 probabilem,
1379 3982 1440 4039 aut
1456 3994 1537 4039 cum
1562 3984 1705 4040 externa
1730 3970 1897 4039 violentia
1921 3979 2097 4059 cogtmtur

10 4114 27 4159 ·„
81 4060 220 4143 tussa
247 4081 286 4139 et
312 4069 453 4161 turpia,
492 4084 528 4141 et
558 4071 706 4141 facultas
735 4072 947 4158 voluntatis,
986 4099 1055 4168 qua
1108 4075 1289 4157 membra,
1315 4086 1355 4144 ut
1378 4086 1503 4142 narrat
1524 4097 1640 4142 canon
1655 4073 1885 4165 Presbyteros
1902 4066 2018 4163 50.⁰¹)
2041 4067 2096 4137 di-

10 4218 31 4259 t
81 4168 508 4262 potesteligcrehonesta.
565 4173 619 4243 Ex
633 4169 700 4242 hac
717 4173 872 4265 imagine
886 4176 956 4245 Dei
973 4203 1057 4247 con·
1108 4173 1362 4269 stinctionisffl)
1379 4175 1518 4269 aliquos
1531 4189 1708 4268 martyres
1721 4176 1859 4265 ligatos,
1887 4184 1922 4241 et
1944 4173 1992 4239 ad
2013 4192 2094 4241 aras

10 4296 34 4363 ,¹
83 4272 200 4347 iteres
213 4274 306 4343 oriri
323 4275 505 4347 virtutem.
558 4274 638 4346 Etsi
660 4275 755 4345 enim
779 4279 898 4369 imago
921 4293 974 4350 est
994 4282 1056 4349 ob-
1107 4280 1288 4350 idolorum
1307 4290 1461 4369 gestatos
1480 4304 1564 4350 esse.

10 4420 35 4465 ῃ
84 4389 208 4449 mata
225 4376 398 4469 caligine,
422 4391 458 4447 et
470 4379 598 4449 morbo
613 4379 732 4470 lapsae
747 4392 910 4464 naturae,
936 4394 1055 4452 tamen
1210 4382 1344 4451 Mixtae
1364 4380 1550 4464 dicuntur,
1592 4403 1671 4447 cnm
1696 4401 1772 4445 non
1797 4376 1946 4445 affertur
1966 4399 2095 4447 manus

10 4502 40 4579 ξ,
85 4498 152 4569 με
175 4478 300 4574 aliqua
330 4480 481 4564 mansit,
519 4480 684 4551 videlicet
704 4484 878 4576 quaedam
906 4486 1055 4557 notitiae
1108 4485 1270 4577 corpori,
1296 4485 1356 4554 sed
1375 4507 1509 4567 errore,
1535 4507 1598 4552 sou
1612 4479 1720 4550 minis
1736 4478 1941 4571 propositis,
1967 4478 2115 4585 volun-g

10 4604 43 4670 ᾗ
86 4574 155 4673 hin
181 4582 395 4657 essaenos
423 4584 577 4675 eligendi
603 4579 772 4657 honestas
795 4587 952 4658 actiones
974 4591 1056 4659 sub·
1106 4601 1160 4658 tas
1185 4587 1371 4657 interduo
1397 4585 1493 4676 eligit
1516 4585 1685 4665 alterum,
1720 4594 1760 4650 ut
1775 4606 1942 4673 praesens
1955 4579 2094 4672 pericu·

10 4732 45 4773 2.
89 4676 341 4769 tonandam,
365 4700 400 4757 et
419 4688 467 4755 ad
487 4699 671 4756 externam
696 4687 807 4758 vitam
826 4691 1055 4782 pertinentes.
1107 4692 1181 4760 lum
1209 4689 1371 4780 effugiat,
1413 4700 1454 4755 ut
1486 4712 1566 4755 cum
1589 4688 1721 4756 fractus
1743 4698 1861 4768 metu,
1894 4680 2092 4778 matult⁸⁸)

91 4780 248 4879 lltigitur
267 4786 477 4861 Aristoteles
505 4801 681 4859 monstret
707 4814 848 4876 causas,
888 4794 1056 4863 discernit
1106 4793 1258 4863 abiicere
1274 4789 1529 4881 Evangelium,
1555 4814 1663 4886 quam
1679 4788 1841 4857 amittere
1857 4786 1984 4857 vitam:
2020 4784 2093 4855 llas

17 4924 49 4977 ῃ
93 4890 198 4973 natm
212 4891 396 4962 actionum
413 4905 500 4962 tres:
528 4893 768 4979 voluntarias,
794 4897 1054 4966 involuntarias
1106 4896 1354 4965 vocatntixtas
1375 4892 1551 4981 actiones,
1587 4917 1678 4986 quae
1703 4904 1824 4961 tamen
1845 4914 1883 4960 rc
1904 4913 1989 4958 vera
2010 4899 2093 4960 sunt

94 4992 264 5066 amictas.
314 4993 449 5089 Estque
473 4996 569 5065 utilis
593 4995 793 5081 distinctio,
825 5021 866 5065 ac
887 5023 991 5089 saepe
1016 4999 1054 5067 in
1103 5051 1309 5064 -....—.
1975 4984 1979 4993 ⁸

95 5084 206 5167 ''ldiciis
221 5111 428 5190 usurpator.
471 5096 594 5189 Longe
613 5098 732 5168 differt
748 5100 915 5169 delictum
932 5126 1053 5171 errore
1138 5127 1186 5196 st)
1204 5132 1263 5191 aa]
1282 5132 1324 5182 sto
1342 5135 1417 5183 ms,
1434 5132 1486 5183 nt.
1507 5132 1600 5196 mag
1621 5132 1672 5183 rt.
1693 5131 1768 5183 ms,
1787 5134 1838 5181 sa:

95 5192 279 5283 tlmissnm,
304 5225 325 5270 a
351 5201 500 5286 delicto,
532 5203 630 5295 quod
651 5202 736 5270 dolo
755 5204 888 5272 factum
908 5217 979 5288 est,
1014 5216 1054 5275 ut
1139 5217 1188 5276 92)
1206 5218 1317 5268 occaect
1334 5219 1422 5282 prtms
1439 5230 1506 5281 pars
1524 5219 1588 5268 nrt.
1602 5218 1634 5270 n.
1653 5230 1677 5270 c.
1690 5216 1734 5269 σο.
1752 5216 1851 5278 (corp.
1868 5212 1921 5266 tur.
1939 5211 2092 5265 morat.

97 5292 238 5371 lillcrunt
256 5300 356 5374 Evae
379 5304 569 5388 delictum,
609 5317 644 5374 et
666 5303 803 5376 Mariae
826 5305 1053 5398 negligentia,
1174 5286 1287 5337 mm
1304 5285 1334 5339 Ρ·
1351 5289 1371 5340 ¹·
1391 5302 1416 5351 Ρ·
1433 5288 1514 5346 ¹⁶³³·

98 5400 196 5475 mma
211 5405 289 5477 filio
1138 5372 1189 5431 tt)
1207 5374 1300 5438 netu,
1328 5373 1447 5433 mma]
1467 5372 1509 5423 no
1527 5373 1602 5423 rosa
1618 5371 1669 5423 nc
1691 5369 1784 5436 assas
1813 5369 1863 5423 ra
1884 5366 1959 5421 assa
1985 5364 2089 5417 nam

289 5455 301 5478 ⁶
1172 5442 1286 5494 mavult
