4544 5766
67 164 161 244 9'05
381 167 440 242 IX.
492 166 775 243 ENARRATIO
807 163 1067 241 oaa‘rtottls
1100 161 1349 239 CICERONIS
1380 165 1480 238 utto
1514 166 1790 247 MARCELLO.
2017 175 2093 255 900

69 337 159 415 lium
180 367 302 414 meum
322 365 402 412 curn
418 341 466 436 ⁷⁰)
497 341 591 413 illius
616 341 784 424 consilio,
824 341 880 409 vel
909 341 1055 410 lontrina
1104 337 1247 430 infleris]
1273 334 1514 407 Ratiocinatio
1540 365 1604 432 per
1624 338 1857 436 hyperbolen.
1957 349 2093 443 Partis]

69 446 317 538 coniungenda
334 469 408 517 esse
424 445 598 516 videatur.
679 440 837 543 Privata]
863 443 1056 536 Pompeius
1106 441 1236 511 scilicet
1250 438 1504 532 Pompeianae.
1588 449 1756 539 Alterius]
1783 446 1904 519 Altera
1924 475 2007 541 pars
2021 453 2092 522 col·

70 548 165 620 enim
181 549 385 620 restituerat
400 548 625 630 Ciceronem,
649 546 700 617 Er
715 542 812 617 batte
825 547 876 637 jm
892 547 961 616 viel
977 558 1056 636 guts
1106 541 1261 614 lationis.

71 648 222 744 gethan,
248 662 283 720 et
298 650 423 720 Cicero
443 651 557 720 voluit
572 672 654 742 erga
677 648 776 719 illum
798 661 940 739 gratus,
974 648 1055 718 ideo
1209 641 1241 736 §.
1267 645 1326 717 18.
1366 650 1552 741 sensisset]
1591 650 1723 720 scilicet
1756 665 1875 723 utrum
1907 657 2092 746 probasset

71 781 151 826 eum
165 767 306 826 secutus
319 767 385 834 est.
448 749 603 851 Publica]
629 751 848 824 scilicetnon
863 764 903 822 ut
918 762 1056 842 gereret
1105 745 1257 831 bellum,
1282 773 1422 820 necne.
1502 756 1546 822 us
1563 747 1670 844 'antiq
1694 754 1861 844 Optimus
1882 770 1935 826 est
1960 754 2017 827 bic
2038 760 2091 827 lo·

10 874 15 975 q
70 859 202 927 bellum
218 856 595 928 adversusCaesarem.
658 852 798 953 Animi]
825 854 956 926 scilicet
972 878 1054 945 erga
1107 876 1167 921 cus
1182 862 1216 919 et
1229 851 1475 942 gravissimus,
1501 853 1562 947 qui
1576 866 1692 946 potest
1713 858 1835 926 ornari
1855 870 1891 927 et
1909 860 2092 934 illustrari.

10 982 14 1045 ξ
72 960 298 1052 Pompeium.
1107 954 1307 1044 contulisse]
1333 946 1574 1052 ἐπιφώνημα,
1600 956 1696 1029 Deus
1709 959 1798 1030 bene
1816 960 1930 1030 voluit
1946 975 2090 1034 nostrae

13 1130 17 1149 ,
173 1059 206 1153 δ.
231 1058 291 1135 15.
325 1057 473 1158 Ordine]
510 1058 642 1131 scilicet
672 1071 809 1131 senatu.
911 1063 953 1130 ln
984 1061 1056 1148 ipse
1106 1055 1332 1148 reipublicae.

13 1208 20 1255 ³.
71 1160 170 1262 bue]
211 1164 245 1232 A
274 1163 408 1257 signis,
457 1163 620 1258 reditque
652 1165 696 1231 ad
733 1159 1055 1231 ratiocinationem.
1208 1154 1239 1248 S.
1258 1157 1316 1228 19.
1344 1159 1472 1251 Quare]
1500 1158 1708 1244 Conclusio,
1735 1164 1836 1257 quasi
1853 1164 2002 1235 diceret:
2029 1170 2089 1238 de·

13 1260 22 1347 ἰ
73 1271 202 1356 liupilis
232 1265 357 1361 stein)
384 1261 552 1363 periculo]
591 1263 631 1334 ld
658 1269 754 1360 quod
783 1260 994 1333 Plutarchus
1007 1260 1055 1357 ⁷⁸³)
1105 1261 1235 1329 lectare
1253 1273 1309 1329 tua
1325 1260 1523 1333 clementia.
1599 1266 1709 1356 Bono]
1728 1264 1849 1350 idest,
1874 1269 2089 1360 tuasapien·

14 1354 23 1473 ξ
72 1394 215 1463 quoque
230 1380 390 1476 testatur.
441 1369 565 1438 Cicero
587 1366 681 1436 enim
702 1378 783 1459 post
799 1367 929 1436 victum
947 1365 1055 1435 Pom·
1106 1362 1168 1431 tia.
1244 1363 1387 1453 Fruere]
1419 1357 1555 1444 πάθος.
1638 1369 1697 1436 Ea·
1719 1370 1797 1461 que]
1828 1369 1959 1440 scilicet
1980 1373 2089 1442 mori·

10 1480 22 1544 ,¹
73 1471 191 1564 peium
222 1471 260 1540 in
283 1469 417 1562 campis
437 1467 651 1541 Pharsalicis
672 1495 751 1540 cum
775 1469 885 1561 copiis
906 1481 1055 1559 rogante
1106 1467 1188 1545 bus,
1221 1466 1363 1534 virtute.
1438 1468 1609 1558 Sapienti]
1635 1469 1777 1560 Aspersi
1798 1483 1882 1540 sunt
1904 1473 1972 1542 loci
1993 1501 2089 1546 com-

74 1574 208 1643 Catone
225 1597 385 1666 praeesse
402 1573 587 1656 voluisset,
620 1597 638 1641 a
661 1572 802 1642 iuniore
817 1571 990 1664 Pompeio
1014 1594 1055 1639 ac
1107 1591 1242 1650 munes,
1268 1580 1304 1636 et
1320 1568 1623 1638 ostenditCaesari
1638 1595 1711 1639 arno
1728 1584 1833 1665 atque
1850 1574 1961 1645 altero
1977 1581 2087 1649 verbo

73 1676 148 1747 aliis
161 1677 340 1770 plerisque
358 1677 520 1768 proditor
540 1676 736 1768 appellatus
761 1686 831 1759 est,
864 1676 1054 1767 fuissetque
1108 1694 1252 1758 magnas
1267 1695 1346 1751 res,
1372 1692 1539 1759 magnam
1553 1674 1761 1756 materiam,
1786 1675 1923 1747 etiamsi
1938 1703 2011 1748 non
2028 1706 2086 1752 ex·

74 1777 286 1861 trucidatus,
318 1780 387 1849 nisi
411 1780 498 1848 cato
521 1803 601 1847 enm
622 1778 815 1848 liberasset.
897 1782 956 1848 Ex
977 1777 1055 1870 quo]
1107 1772 1267 1840 aediticet
1283 1797 1342 1842 eos
1358 1774 1467 1842 locos.
1546 1778 1700 1869 onaan]
1724 1776 1848 1862 idest,
1872 1783 2086 1855 resbcllica.

72 1880 353 1973 lixdigtessione
369 1883 502 1974 colligit
517 1881 733 1971 praeiudicia
750 1882 946 1975 quaedam,
977 1877 1055 1972 qui·
1105 1874 1365 1966 Ampliticatio,
1392 1898 1462 1968 qua
1479 1879 1637 1967 praefert
1649 1878 1804 1949 fortuitis
1826 1904 1887 1965 ea,
1920 1910 2011 1977 quae
2033 1912 2088 1958 sa·

74 1985 136 2054 bus
149 1983 324 2055 invidiam
347 1985 431 2056 betti
456 1983 569 2055 civilis
589 2009 608 2053 a
625 1983 774 2054 Caesare
789 1982 825 2051 in
842 1981 1054 2072 Pompeium
1107 1977 1244 2069 pienter
1265 1979 1356 2046 facta
1382 1989 1475 2047 sunt.
1563 1980 1913 2073 Toties1Expolitio.
1995 1992 2089 2076 Quas

75 2088 252 2159 tramfert.
291 2086 420 2169 ἄλλως.
477 2083 677 2178 Applicatio
699 2086 862 2179 exempli.
918 2079 1056 2177 Enthy-
1106 2081 1189 2171 ann]
1207 2077 1301 2150 Laus
1317 2078 1536 2151 clementiae.
1569 2083 1706 2151 Alledit
1720 2087 1765 2153 ad
1782 2086 1980 2176 superiora:
2006 2093 2086 2164 Alia

75 2213 208 2260 meme:
234 2188 293 2261 'l'u
315 2215 501 2262 conservas
520 2203 662 2260 autores
682 2188 798 2280 pacis:
831 2212 914 2278 ergo
940 2199 1055 2257 osten·
1106 2195 1188 2252 sunt
1201 2183 1369 2274 propria,
1393 2182 1463 2251 alia
1476 2179 1563 2254 non.
1642 2189 1786 2279 Tantus]
1811 2187 1918 2258 Ratio
1934 2215 1995 2263 seu
2013 2194 2089 2268 lut-

14 2346 18 2369 .
78 2293 176 2364 diste
189 2293 354 2364 maluisse
369 2318 513 2386 pacem,
537 2317 645 2385 quam
661 2293 805 2361 bellum.
878 2288 1054 2380 Voluntas]
1106 2277 1282 2380 φώνημα.
2050 2318 2052 2322 ⁴

77 2395 205 2469 scilicet
226 2397 392 2469 maluisse
416 2420 552 2488 pacem.
654 2394 826 2486 Caesaris]
860 2391 992 2463 scilicet
1015 2404 1055 2460 ut
1209 2384 1239 2477 ἓ.
1255 2388 1316 2461 20.
1341 2386 1438 2479 Noli]
1463 2382 1689 2460 Adhortatio.
1753 2391 1886 2484 Stulta]
1911 2394 2088 2470 Extenua.

13 2490 19 2605 ᾗ
78 2499 224 2583 Catoni,
258 2500 321 2593 qui
343 2499 454 2573 suasit
479 2498 622 2567 bellum.
697 2501 805 2590 Atque
826 2499 877 2588 id]
903 2492 1054 2562 Collatio
1106 2488 1169 2559 tio.
1245 2494 1323 2560 Non
1343 2491 1450 2581 enim]
1476 2489 1625 2562 Nosma.

12 2630 24 2707 g
78 2601 233 2675 Caesaris
248 2625 327 2671 cum
344 2603 416 2674 suis
431 2599 612 2681 hostibus,
635 2599 759 2692 quales
774 2597 926 2705 fuerint,
958 2596 988 2667 si
1004 2597 1055 2662 vi·
1208 2590 1295 2683 Cap.
1307 2587 1382 2661 Vll.
1411 2587 1442 2680 ᾗ
1457 2593 1519 2664 21.
1551 2594 1666 2684 Nunc]
1697 2593 1878 2681 Secunda,
1911 2600 2088 2696 planeque

12 2716 22 2805 ἧ
78 2708 213 2780 cissent.
261 2699 423 2798 Thucyd.
450 2707 485 2775 s.
498 2703 560 2774 lib.
587 2700 719 2794 inquit:
751 2698 825 2784 Ea,
861 2711 1056 2792 quaesunt
1107 2718 1201 2763 nova
1225 2693 1396 2764 orationis
1418 2718 1521 2784 pars,
1561 2719 1651 2788 quae
1672 2708 1724 2764 est
1745 2700 1883 2786 generis
1904 2702 2091 2781 iudicialis.

17 2822 22 2829 “
76 2811 110 2880 in
122 2806 264 2890 medio,
288 2810 486 2899 perduntur
500 2806 544 2874 ab
557 2804 716 2898 utrisque
724 2801 783 2896 ⁷³).
855 2805 990 2875 Mirum
1004 2806 1056 2871 ui·
1107 2798 1226 2868 Status
1251 2808 1370 2865 autem
1394 2796 1659 2880 coniecturalis,
1693 2823 1763 2891 qua
1786 2803 1939 2895 suspicio
1961 2819 2089 2879 tracta·

14 2910 26 2967 '<
78 2909 291 3004 dentur²⁴)]
318 2911 449 2980 scilicet
463 2910 553 2978 bene
568 2906 715 2979 sensisse
730 2908 774 2975 de
789 2905 973 2974 autoribus
993 2928 1056 2995 pa·
1108 2913 1177 2970 tur.
1227 2898 1360 2993 Estque
1376 2899 1575 2991 propositio
1592 2925 1725 2969 novam
1747 2926 1820 2973 esse
1841 2908 2090 2999 suspicionem.

79 3018 133 3089 cis.
222 3017 325 3085 Pacis
347 3013 512 3103 auderes]
543 3007 861 3079 Aciscumstantia
885 3006 1056 3097 temporis
1107 3003 1377 3092 Atrocissimum]
1411 3002 1607 3072 Transitio.
1705 3008 1932 3102 mantunae]
1964 3013 2091 3100 idest,

79 3116 277 3213 amplificat,
1108 3107 1276 3175 cavenda.
1353 3108 1461 3189 Qucum
1482 3107 1561 3198 etsi]
1587 3104 1795 3196 Occupatio.
1874 3118 2090 3212 Eatenuule]

17 3292 22 3301 ,
175 3219 263 3311 Cap.
284 3215 344 3288 Vl.
381 3215 413 3308 ᾗ.
440 3217 498 3288 16.
537 3221 647 3310 Atque
676 3214 791 3304 laius]
828 3209 1056 3301 Exemplum:
1108 3207 1315 3277 Concessio:
1347 3207 1385 3276 si
1407 3207 1471 3275 tibi
1496 3208 1651 3291 caveris,
1680 3209 1784 3280 nobis
1803 3215 1948 3286 caveris.
2023 3224 2094 3292 Sed

77 3323 152 3417 Ego
166 3345 308 3414 semper
323 3322 361 3390 in
376 3344 416 3389 ea
433 3319 607 3390 sententia
628 3316 699 3400 fui,
731 3328 772 3384 ut
787 3338 843 3384 res
867 3336 1058 3404 compone-
1107 3312 1277 3404 quisnam]
1303 3310 1524 3401 Propositio:
1551 3310 1665 3380 Nemo
1682 3312 1870 3384 insidiatur
1884 3318 1959 3390 tibi.
2007 3321 2092 3392 Vul-

17 3484 20 3489 .
76 3440 189 3511 retur,
232 3447 445 3518 quocunque
472 3422 581 3490 modo
611 3418 689 3487 lieri
720 3429 848 3509 posset.
922 3413 961 3482 ln
991 3410 1058 3483 bac
1108 3437 1194 3480 nera
1224 3436 1298 3479 non
1329 3426 1411 3481 sunt
1439 3415 1643 3496 tractanda,
1670 3437 1760 3505 quae
1784 3418 1947 3492 volumus
1970 3423 2090 3494 statim

78 3528 251 3602 sententia
272 3526 341 3596 suit
370 3525 478 3594 etiam
498 3522 699 3595 Marcellus.
800 3521 855 3590 M.
877 3517 1057 3610 blancello]
1109 3515 1216 3583 coire.
1294 3515 1472 3605 Quisnam]
1501 3515 1651 3605 Negatio
1674 3516 1832 3588 criminis
1856 3544 1874 3587 a
1901 3526 2092 3613 probabili,

77 3633 207 3704 scilicet
230 3632 327 3723 quod
350 3627 478 3720 etipse
500 3624 649 3698 suaserit
669 3646 805 3716 pacem.
907 3621 1057 3711 Quoties]
1107 3614 1269 3707 Demens]
1296 3614 1427 3684 scilicet
1450 3615 1512 3709 qui
1533 3617 1618 3685 velit
1632 3631 1768 3708 patrem
1785 3623 1939 3710 patriae,
1966 3628 2091 3724 suique

10 3748 13 3775 ²
78 3734 229 3808 Collatia
247 3730 407 3802 Caesaris
422 3755 502 3800 cum
522 3725 753 3808 adversariis,
785 3725 886 3816 quasi
908 3722 1057 3791 diceret:
1109 3731 1326 3790 servatorem
1361 3718 1569 3790 interficere.
1659 3725 1822 3816 Tamus]
1856 3725 2089 3802 Confirmatio

10 3836 13 3853 '
76 3837 203 3912 Futuri
222 3819 326 3905 erant
349 3831 593 3903 cmdelissimi.
689 3826 872 3917 lictoriae]
905 3824 1058 3919 Oblique
1110 3845 1174 3914 per
1207 3821 1401 3904 dilemma,
1453 3834 1574 3916 estque
1608 3823 1810 3894 coniectura
1842 3851 1862 3896 a
1896 3833 2091 3907 voluntate.

76 3937 282 4036 perstringit
315 3935 514 4007 Caesarem.
629 3937 665 4004 0.
699 3927 837 4021 Caesar]
877 3928 1058 4021 Epilogus.
1109 3930 1188 3996 Nan
1210 3923 1276 4015 est]
1311 3923 1500 3995 Subiectio.
1606 3928 1687 4018 Tui]
1720 3926 1897 3999 Dilemma
1923 3959 2091 4008 excausa

77 4053 154 4119 Non
170 4047 263 4116 enim
273 4041 358 4133 iam]
374 4035 585 4129 Occupatio,
607 4056 679 4127 qua
694 4045 816 4102 tantae
830 4031 945 4102 laudis
961 4054 1059 4100 amo·
1110 4025 1219 4097 finali.
1294 4022 1409 4118 Quii]
1436 4026 1537 4122 quasi
1561 4029 1710 4098 diceret:
1737 4031 1826 4100 nulli
1840 4048 1922 4103 sunt
1944 4036 2092 4111 inimici.

76 4150 161 4221 qm
175 4143 364 4217 invidiam,
1110 4128 1187 4197 Hoc
1202 4141 1449 4219 argumentum
1468 4143 1520 4200 est
1534 4130 1734 4215 infirmum,
1758 4147 1946 4225 propterea
1969 4139 2089 4216 statim

177 4246 210 4342 ξ.
236 4247 295 4319 17.
332 4248 483 4316 Vidimus
501 4240 609 4332 tuum]
641 4235 808 4308 Collatio.
886 4236 1059 4327 Gladium]
1112 4231 1256 4301 omittit.

75 4352 285 4448 Hypailage.
335 4346 462 4417 Dicere
477 4343 572 4413 enirn
590 4339 781 4410 debuisset:
814 4335 982 4407 Gladium
999 4362 1060 4405 va·
1213 4328 1244 4424 ᾗ.
1259 4339 1320 4408 22.
1346 4337 1416 4405 seu
1432 4334 1560 4424 tamen]
1588 4333 1795 4419 Concessio,
1828 4360 1896 4431 qua
1921 4337 2091 4413 adhorta·

78 4480 184 4528 enum
205 4453 346 4545 vagina.
422 4448 586 4541 Perculit]
611 4442 743 4516 scilicet
763 4439 924 4533 peremit.
1007 4442 1060 4511 At
1112 4450 1170 4506 tur
1189 4437 1395 4519 Caesarem,
1430 4448 1470 4503 ut
1494 4438 1655 4506 observet
1675 4436 1857 4522 inimicos,
1892 4454 1926 4509 et
1947 4445 2090 4540 oblique

712 4569 713 4573 ¹
1111 4539 1283 4630 significat
1304 4561 1378 4606 non
1403 4561 1505 4630 posse
1533 4562 1608 4608 non
1640 4541 1775 4630 optime
1804 4542 1893 4611 velle
1925 4545 1956 4613 ei
1988 4549 2092 4621 cives.

1111 4641 1293 4733 taetrae]
1326 4639 1527 4724 Correctio,
1565 4665 1656 4739 quae
1683 4637 1790 4714 hahet
1818 4648 2092 4735 concessionem,

1113 4743 1214 4838 quasi
1233 4743 1380 4813 diceret:
1414 4737 1506 4817 nibil
1528 4756 1581 4814 est
1607 4746 1784 4830 tenacius,
1822 4773 1929 4842 quam
1952 4753 2092 4824 animus

112 4936 166 4995 m
182 4932 256 4986 a...
276 4927 331 4982 0...
349 4938 372 4977 ..
388 4923 432 4975 ε·
734 5009 740 5026 ,
1111 4839 1568 5018 ᾏἮῗέἵῖἓῖἲὲἶὲἲεῗῖἲέἆῗ
1576 4848 2093 5049 a¹22lt⁸¹⁰⁵ttttttttt

114 5013 839 5168 ”gullffissgffl',⁰'g⁸²g‘„¹”2ii‘g²„{‘7²„iig,1,⁴i,⁶f
863 5011 1063 5152 maiixii
1113 5063 1175 5132 est,
1199 5053 1353 5120 concedo
1369 5051 1464 5122 illam
1480 5053 1729 5144 suspicionem,
1755 5068 1796 5125 ut
1812 5056 1951 5124 iubeam
1969 5069 2004 5127 te
2018 5083 2092 5132 esse

148 5173 299 5239 amiserae,
320 5164 519 5232 tantaleam.
1113 5153 1386 5243 diligentiorem.
1487 5159 1578 5229 Nam
1603 5157 1695 5251 quis]
1732 5156 1955 5247 Propositio,
1995 5161 2093 5233 cuius

116 5279 165 5335 74)
183 5274 294 5326 utrum
310 5265 475 5322 veneretur]
493 5261 533 5310 ⁸³⁰
551 5258 600 5309 et.
614 5257 689 5306 ¹³⁶⁸·
707 5259 736 5306 ‘i
754 5255 806 5313 ⁸¹⁶
829 5252 878 5304 Μ·
899 5255 985 5306 ⁰¹0⁰·
1002 5254 1064 5310 ³¹¹·
1114 5255 1207 5325 ratio
1224 5269 1291 5326 est:
1319 5256 1412 5349 Quia
1431 5280 1505 5325 non
1525 5283 1711 5349 possumus
1732 5284 1804 5329 esse
1828 5260 1935 5341 sabi,
1966 5263 2034 5333 uisi
2060 5280 2092 5334 te

151 5357 219 5465 met
236 5341 312 5401 (stin
330 5337 415 5386 ΨΜ
433 5331 614 5448 ”wenni
643 5326 715 5378 ⁰⁰³⁵
734 5322 832 5433 mun
855 5325 920 5373 '¹⁰²³
943 5324 1005 5431 crit,
1030 5324 1065 5375 ’ἀ
1115 5359 1225 5430 salvo.
1258 5358 1385 5440 ἄλλως.
1437 5359 1589 5474 atinati
1610 5363 1797 5430 confirmat
1817 5365 2092 5452 concessionem,

78 4629 285 4649 ..r—⁸—

79 4702 82 4707 ’
111 4729 163 4788 π)
179 4725 253 4786 con]
272 4720 302 4774 tn
317 4720 368 4771 ra.
383 4716 457 4768 uss.
476 4714 566 4767 asan.

113 4832 166 4895 71)
181 4827 253 4889 sust]
269 4823 313 4876 sie
328 4821 378 4875 Ed.
397 4818 500 4882 orella
524 4817 553 4867 iu
570 4814 622 4878 Ed.
638 4811 712 4865 1568,
730 4811 817 4862 deest.
