4544 5766
124 203 201 285 275
412 201 615 278 SCRIPTA
635 199 712 277 Pil.
733 194 849 273 MEL.
871 192 939 270 AD
957 191 1168 273 ETRIOEN
1190 194 1257 271 m·
1275 195 1532 276 POLFHOEN
1554 197 1865 276 setectum
2074 198 2152 274 2⁷6

129 381 202 450 Res
218 381 366 448 immota
383 378 529 468 triginta
548 376 652 447 annis
667 376 744 447 sine
765 371 924 463 legitime
947 370 1116 466 intorpel·
1165 372 1334 444 sideratio
1358 373 1397 444 in
1419 374 1601 444 communi
1622 375 1695 444 vito
1717 371 1915 443 necessaria
1949 385 2020 456 cst,
2059 372 2154 442 indi-

130 483 265 552 latione
281 505 440 574 possessa
455 480 511 549 sit.
1165 477 1239 546 curi
1260 490 1428 568 possunt,
1466 491 1501 548 et
1529 479 1773 572 unusquisque
1796 477 1874 546 Deo
1899 475 2030 566 gratias
2058 488 2153 566 agat,

234 600 450 693 Quanquam
467 609 606 682 autem,
632 610 673 667 ut
694 599 733 666 fit
755 595 792 663 in
816 593 967 685 negociis
991 593 1117 662 volun.
1166 582 1264 673 quod
1280 581 1365 666 scit,
1388 605 1498 677 quare
1513 582 1609 650 bona
1628 581 1844 652 conscicntia
1869 593 1904 648 ct
1920 579 1998 647 Deo
2020 602 2153 669 appro-

132 713 265 786 catum,
293 726 383 795 quae
409 700 574 769 flexibilia
602 714 705 782 sunt,
738 697 849 766 multa
876 695 1053 767 subtiliter
1080 696 1117 763 in
1164 683 1272 753 banse
1296 708 1376 756 suas
1396 709 1453 756 res
1478 696 1617 768 teneat,
1657 685 1740 779 quia
1766 684 1862 753 Deus
1886 678 1951 752 has
1976 681 2153 771 legitimas

132 801 200 873 hac
215 805 365 873 materia
383 804 629 895 disputantur,
652 817 772 871 tumen
787 797 843 870 his
860 799 1017 869 sontibus
1033 823 1117 868 con·
1168 786 1412 860 Ordinationes
1431 788 1619 880 approbat·

132 907 314 991 sideratis,
342 907 553 998 praecipuae
578 906 822 1000 quaestiones,
856 927 1009 996 quarum
1034 927 1145 989 con-¹

993 1165 1299 1179 m

260 1377 363 1440 Nota.
429 1379 698 1457 Witcbcrgensibus
734 1379 947 1436 elementorum
993 1379 1142 1437 doctrinae
1169 1379 1282 1438 ethicae
1311 1378 1485 1440 editionibus
1519 1391 1583 1458 post
1611 1381 1808 1440 Melanthonis
1836 1389 1957 1441 mortem
1985 1380 2154 1458 divulgatis,

135 1485 258 1545 quarum
280 1468 310 1524 in
330 1467 469 1545 Prolegg.
491 1487 521 1544 p.
553 1464 592 1524 15
607 1485 650 1542 sq.
680 1464 788 1521 mentio
818 1463 894 1521 sacta
923 1472 984 1538 est,
1021 1464 1126 1538 editio,
1161 1463 1236 1542 q'uae
1266 1483 1293 1523 a.
1316 1462 1408 1526 1578.
1439 1467 1471 1526 8.
1493 1468 1681 1546 Witebergne
1708 1467 1834 1546 prodiit,
1867 1477 1913 1526 est
1941 1465 2091 1526 addenda.
2112 1494 2155 1510 ·-·

134 1549 264 1612 Pczelii
282 1553 312 1610 in
336 1553 484 1611 elementa
509 1551 658 1610 doctrinae
680 1548 794 1606 ethicae
817 1549 1039 1607 commentarius
1061 1551 1090 1607 in
1112 1550 1247 1627 Prolegg.
1269 1571 1301 1629 p.
1319 1547 1361 1610 id'
1374 1571 1418 1631 sq.
1441 1554 1593 1629 laudatus,
1627 1569 1665 1610 ex
1694 1574 1750 1632 quo
1776 1553 1806 1612 in
1835 1553 1984 1613 nonnullis
2004 1552 2077 1613 iocis
2098 1568 2154 1610 ex-

137 1638 279 1716 plicandis
300 1636 428 1698 fructum
450 1639 598 1714 cepimus,
626 1635 785 1695 editionem
810 1636 879 1693 anui
905 1629 1001 1694 1550.
1024 1636 1167 1712 sequitur.
