4544 5766
71 243 115 315 18
503 292 506 299 ·
573 272 577 281 ·
632 241 718 313 ·E'l'
743 240 1566 316 utssuuunulouuuusnuuuxhu.···
1609 268 1630 297 -·
1816 254 1850 291 '³
2053 244 2124 317 14·

68 410 256 477 redonibus
281 411 447 487 humanis.
498 410 642 494 Ideoque
671 412 714 481 ad
742 413 935 477 methodum
962 431 1024 477 seu
1053 413 1221 476 scientiae·
1240 415 1296 477 vol
1319 413 1401 476 artis
1423 412 1558 476 formam
1581 423 1737 476 revocata
1758 423 1841 476 sunt
1863 420 2040 495 praecepta
2062 415 2103 480 de

66 497 230 575 moribus,
259 507 297 560 ut
326 516 402 561 cum
425 497 535 560 fontes
563 498 844 582 intelligerentur,
874 509 908 562 et
932 509 1121 561 teneremus
1146 498 1462 579 demonstrationes,
1491 500 1625 562 indicari
1646 509 1781 579 posset,
1812 518 1897 581 quae
1923 513 2103 583 praccepta

67 586 129 647 sint
151 581 270 662 firma,
290 594 384 646 certa
405 593 441 645 et
462 584 704 668 immutabilia,
718 596 758 648 ‘ct
780 604 865 667 quaa
885 587 1036 650 actiones
1059 589 1250 648 necessario
1265 589 1480 669 requirantur
1502 579 1720 648 in·homine.²'
1771 589 1819 648 At
1847 588 1880 648 in
1909 586 1974 649 hac
2002 591 2102 650 tertia

66 672 114 732 sic
133 667 371 749 respondetur:
405 668 497 751 „Est
519 672 635 734 notitia
653 683 909 753 ,praeceptorum
931 671 972 735 de
994 673 1144 734 omnibns
1166 673 1316 735 honestis
1337 673 1541 752 actionibus,
1571 690 1654 753 quas
1677 672 1760 733 ratio
1782 672 1937 755 intelligit
1959 683 2098 736 naturae

65 754 206 819 bominis
227 756 425 834 convenire,
451 765 486 819 et
507 757 544 821 in
565 757 657 819 civili
678 757 917 821 consuetudine
938 758 1029 820 vitae
1052 760 1261 821 necessarias
1284 777 1378 839 asse,
1401 760 1562 839 quaesitis
1588 757 1732 820 tontibus
1755 772 2006 840 praeceptorum
2028 769 2101 823 arte

65 850 99 904 et
119 839 475 924 demonstrationibus,
499 852 656 923 quantum
678 843 749 906 lieri
771 854 894 925 potest.
948 843 1017 907 Sed
1040 843 1263 907 eruditissima
1284 844 1429 908 definitio
1451 854 1506 908 est
1527 845 1628 907 haec:
1659 843 1868 924 Philosophia
1891 845 2026 908 moralis
2048 856 2102 913 eat

66 944 139 1007 pars
160 925 219 987 illa
242 926 327 1009 legis
346 925 496 1008 divinae,
519 945 604 1014 quae
628 927 669 990 de
691 932 841 992 externis
863 931 1049 992 actionibus
1071 933 1264 1012 praecipit.''

144 1029 243 1091 llaec
265 1028 364 1091 editio
387 1047 509 1093 recusa
531 1040 584 1092 ost
606 1031 824 1113 Argentorati
847 1031 948 1094 1542.
964 1033 995 1095 8.
1023 1032 1141 1095 iisdem
1162 1034 1274 1096 verbis
1296 1033 1472 1113 inscripta,
1496 1031 1627 1116 lAlph.
1652 1031 1791 1115 tplag.;
1821 1032 1927 1115 bugd.
1951 1051 2001 1121 ap.
2022 1033 2100 1097 Seb.

68 1114 250 1196 Gryphium
275 1115 369 1178 1542.
390 1117 424 1178 8,
447 1126 482 1178 et
503 1116 720 1199 Argentorati
741 1135 855 1179 mense
879 1118 971 1198 Sept.
996 1117 1092 1180 1544.
1120 1120 1152 1181 8.
1181 1119 1321 1200 1A1ph.
1347 1119 1363 1181 1
1387 1120 1475 1202 plag.

144 1215 250 1279 Nora
273 1215 376 1278 editio
423 1215 520 1279 rodiit
541 1219 756 1301 Argentorati
783 1219 874 1282 1546.
899 1220 948 1282 sic
969 1220 1140 1302 inscripta:

193 1297 345 1385 Philippi
413 1298 601 1365 elunthonis
619 1302 845 1386 philosophiae
867 1301 1006 1367 moralis
1028 1302 1196 1388 Epitomes
1217 1302 1320 1369 Libri
1341 1305 1405 1369 duo
1427 1301 1595 1367 emendati
1616 1308 1648 1366 et
1670 1303 1772 1367 (raeti.
1809 1302 1905 1367 Item.
1944 1302 2101 1366 Errarra·

235 1383 282 1450 tio
303 1385 429 1472 aliquot
449 1383 613 1451 librorum
635 1380 831 1454 Ethieorum
845 1386 1057 1468 Aristotelis,
1079 1389 1208 1468 Primi,
1230 1390 1395 1469 Secrtrrdi,
1422 1386 1548 1473 Tertij,
1570 1394 1602 1453 et
1625 1389 1760 1469 Quinti,
1782 1388 1828 1453 ad
1848 1386 2100 1471 intellipendum

236 1466 452 1536 Aristotelem
474 1470 580 1536 utilis.
625 1472 751 1539 Eodem
773 1473 899 1558 Philip.
923 1472 1069 1540 Malunt.
1097 1481 1222 1540 sardare.
1265 1474 1487 1561 Arpcntorati
1515 1472 1606 1559 apud
1628 1475 1804 1540 Crotonem
1826 1471 1977 1557 Myliurn
1999 1474 2100 1538 Arina

236 1554 291 1622 Μ.
309 1557 356 1621 D.
370 1555 504 1621 XLVI.
550 1559 631 1625 Cum
654 1560 775 1626 Gratia
798 1565 830 1624 el
851 1558 1039 1645 Priuilcpio
1061 1562 1144 1646 lmp.
1167 1567 1199 1625 et
1220 1560 1335 1647 liepio.
1365 1596 1407 1608 -
1451 1561 1504 1646 (ln
1526 1563 1629 1642 linez)
1658 1558 1882 1645 Arpentorati
1904 1559 1994 1644 apud
2016 1560 2099 1626 Gru-

234 1648 341 1707 tonem
363 1640 532 1726 Mylium,
552 1643 621 1710 Aa.
643 1644 909 1712 namma
938 1644 1061 1710 Mense
1081 1646 1225 1712 Martio.
1261 1650 1292 1712 8.
1324 1649 1463 1730 lAlph.
1486 1650 1508 1712 8
1529 1649 1638 1730 plagg.
2085 1642 2089 1651 '

10 1804 12 1839 Ι
69 1749 156 1810 llaec
170 1745 271 1808 editio
285 1756 417 1828 praeter
431 1747 599 1827 epitomen
612 1749 837 1832 philosophiae
855 1752 1003 1836 moralis,
1026 1752 1121 1814 cuius
1143 1750 1247 1817 verba
1259 1769 1333 1812 cum
1346 1748 1576 1831 praecedentis
1591 1747 1743 1810 editionis
1757 1745 1869 1808 verbis
1882 1745 1952 1809 sero
1969 1720 2099 1827 omniuo

71 1834 298 1916 consentiunt,
327 1845 361 1896 et
383 1835 624 1896 enarrationem
645 1836 677 1897 in
700 1837 725 1898 1.
748 1837 790 1898 11.
814 1837 872 1900 Ill.
896 1847 930 1901 et
952 1837 996 1899 V.
1018 1836 1132 1900 librum
1156 1836 1345 1901 Ethieorum
1367 1835 1578 1916 Aristotelis,
1602 1835 1747 1897 continet
1770 1831 1852 1893 duas
1875 1832 2099 1895 lllelauthouis

71 1918 322 1999 disputationes:
348 1917 378 1979 1.
391 1914 446 1979 De
467 1916 699 2013 protractibus
729 1923 760 1986 2.
775 1919 831 1985 De
852 1919 973 1985 ardore
994 1918 1295 2006 consarrpuinitutis
1315 1926 1348 1986 et
1368 1915 1566 2004 affinitatis,
1588 1918 1657 1982 sice
1679 1917 1719 1980 de
1738 1915 1919 2001 praedibus,
1942 1930 1976 1993 et
1996 1919 2099 1982 lircrc

72 2006 232 2069 Ursellani
253 2023 385 2067 carmen
407 2022 509 2083 supra
531 2006 675 2069 allatum.

147 2106 222 2169 llas
245 2126 359 2169 omnes
381 2107 542 2187 epitomes
564 2108 789 2190 philosophiae
819 2110 952 2173 moralis
973 2108 1135 2174 editiones
1157 2109 1294 2174 eandem
1317 2110 1490 2191 epistolam
1513 2109 1782 2188 nuncupatoriam
1809 2107 1851 2170 ad
1875 2106 2098 2169 Christianum

74 2193 249 2343 Pontsnutm
271 2213 356 2257 anno
379 2190 473 2257 1587.
495 2194 653 2277 scriptam
674 2197 851 2260 continent
880 2230 921 2244 -
965 2197 1003 2260 ln
1026 2198 1178 2278 operibus
1199 2198 1277 2260 blel.
1298 2198 1397 2261 Basil.
1422 2197 1458 2258 ’1.
1478 2196 1535 2261 lV.
1560 2215 1589 2275 p.
1607 2196 1672 2258 199
1694 2212 1766 2276 sqq.
1790 2196 1892 2274 prima
1915 2193 2015 2256 editio
2038 2208 2094 2257 τοι

74 2297 146 2342 cusa
166 2298 229 2343 es.

1051 2368 1110 2430 111.

152 2483 250 2544 Anno
276 2478 374 2543 1550.
398 2480 592 2545 blolanthon
614 2483 728 2547 librum
752 2483 873 2563 edidit,
896 2484 969 2566 qui,
990 2492 1284 2566 quamquam'po'st
1300 2484 1560 2567 dedicationem,
1582 2483 1637 2546 lol.
1655 2485 1683 2545 1.
1706 2481 1777 2544 libri
1799 2481 1901 2561 princi
1927 2482 1992 2542 ium
2015 2499 2096 2542 ver·

80 2567 137 2627 bis:
171 2565 322 2649 Epitome
348 2561 576 2650 philosophiae
603 2566 742 2633 moralis
768 2567 911 2650 repetita
939 2589 1028 2632 anno
1059 2571 1153 2634 1548.
1190 2581 1224 2632 et
1252 2573 1358 2633 omnia
1387 2572 1561 2650 sequentia
1591 2569 1668 2630 folia
1696 2566 1848 2649 Epitome
1877 2500 1995 2648 philos.
2027 2578 2096 2628 mo-

80 2648 154 2714 ralia
181 2653 338 2733 inscripta
368 2664 463 2733 sunt,
491 2664 601 2716 tamen
628 2654 714 2736 quod
739 2655 780 2716 ab
810 2656 873 2716 illis
902 2657 1062 2735 epitomes
1089 2656 1312 2736 philosophiae
1334 2656 1467 2717 moralis
1490 2654 1687 2717 editionibus
1710 2651 1809 2714 valde
1833 2652 1960 2733 differt,
1989 2669 2095 2714 novus

81 2737 240 2800 habendus
269 2747 323 2801 est
353 2755 478 2819 suoque
507 2741 580 2801 iure
605 2759 691 2802 novo
714 2739 825 2804 titulo:
854 2737 994 2803 Ethicae
1014 2739 1185 2803 doetrinae
1205 2737 1384 2822 elementa,
1417 2759 1490 2802 cum
1512 2758 1599 2801 nora
1621 2739 1828 2801 dedicatione
1850 2736 1891 2798 ad
1914 2737 2094 2798 Arnoldum

80 2823 291 2903 Bnrenium1)
314 2841 429 2885 menso
450 2823 583 2887 Octobri
607 2825 699 2888 1550.
723 2826 849 2906 scripta
869 2826 986 2909 (Corp.
1009 2826 1085 2888 Res.
1108 2827 1180 2889 Vol.
1204 2827 1278 2889 Vll.
1301 2848 1331 2908 p.
1350 2828 1418 2889 ’684
1440 2827 1531 2908 sqq.)
1555 2838 1707 2907 ornatus,
1729 2835 1764 2885 et
1787 2822 1835 2884 sic
1857 2824 2050 2903 inscriptus:
2073 2850 2077 2859 ·

192 2907 331 2972 Hhicae
352 2906 524 2971 doetrinae
545 2906 705 2973 elementa
725 2915 757 2975 et
777 2910 951 2974 enarratio
972 2908 1053 2975 lihri
1075 2911 1184 2998 quinti
1205 2909 1417 2987 Ethicornm,
1439 2910 1528 2974 edila
1555 2907 1752 2992 Viteherpue
1770 2906 1870 2968 Anno
1898 2907 1990 2972 15511.
2021 2905 2094 2969 Aa·

236 2999 308 3161 {erle
328 2991 482 3076 Philippo
504 2992 732 3163 {lelanthona
782 2995 977 3080 Vrteherpae
996 3016 1043 3058 ear
1063 2988 1200 3081 officina
1223 2995 1384 3061 Iohannis
1407 2995 1573 3062 Cratonis.
1594 2995 1693 3058 Anno
1708 2990 1830 3059 Mul..
1859 2994 1890 3056 8.
1922 2994 1963 3057 17
1984 2992 2093 3076 plagg.

256 3100 278 3142 ιι
291 3089 313 3141 1.
336 3099 411 3163 pag.
434 3098 505 3156 vac.

77 3185 273 3247 Enarrationi
303 3184 374 3247 libri
396 3186 438 3247 V.
468 3184 576 3248 Ethio.
599 3186 789 3248 Aristotelis
812 3204 942 3249 annexa
963 3197 1017 3249 est
1037 3186 1115 3250 blel.
1138 3185 1341 3251 dissertatio:
1376 3182 1431 3247 De
1452 3180 1572 3247 arhore
1593 3177 1897 3264 consanpnirritatis
1925 3183 1957 3239 et
1976 3175 2093 3261 offini-

76 3270 162 3353 latir,
191 3281 227 3333 ct
249 3269 414 3333 Ursellani
437 3289 568 3335 carmen
592 3273 624 3333 in
648 3271 759 3335 ethica
780 3272 839 3335 Ph.
861 3273 938 3334 Mel.

148 3375 213 3438 llic
235 3373 316 3433 liber
338 3392 412 3436 cum
434 3373 551 3435 iisdem
574 3372 808 3436 additamentis
829 3376 948 3437 iterum
967 3374 1082 3454 prodiit
1104 3375 1196 3438 1554.
1218 3375 1411 3454 inscriptus:

195 3455 335 3521 Ethicae
366 3456 537 3561 doftrinae
564 3456 723 3560 elementa
750 3463 783 3522 rt
817 3459 991 3523 enarratio
1018 3458 1098 3525 libri
1106 3549 1111 3562 .
1125 3456 1467 3559 ‹pariatissthicorum
1511 3454 1613 3519 Edita
1642 3461 1674 3555 et
1702 3454 1873 3539 reeoprtita
1900 3447 2094 3601 Vilegerngte

235 3540 1486 3714 it”tihilthiilt'ttth‘ltllht,tilt.t.⁰.¹ll;.tl¹'uhtt
1504 3552 1562 3691 ul
1580 3541 2032 3705 diuinitatis..
2061 3626 2093 3685 a

237 3709 371 3777 drtleedo
394 3707 573 3798 deferti.)
622 3712 815 3800 Vtteherpue
836 3711 936 3780 Anno
954 3714 1008 3780 M.
1026 3715 1203 3782 D.L1111.
1232 3719 1263 3781 8.
1294 3717 1336 3780 18
1357 3717 1465 3799 plagg.
1490 3714 1531 3796 (7
1552 3714 1610 3776 ult.
1633 3733 1731 3798 pagg.
1754 3712 1899 3794 vacuis.)

147 3818 228 3882 Alia
249 3816 346 3880 huius
368 3817 440 3881 libri
466 3818 564 3880 aditio
590 3818 682 3881 1556.
704 3819 918 3902 Argentorati
942 3838 1066 3884 excusa
1087 3823 1247 3902 inscripta
1267 3830 1335 3882 cst:

194 3896 343 3985 Philippi
372 3897 603 3966 Melanthonis
626 3900 851 3986 philosophiae
873 3900 1013 3966 moralis
1034 3902 1115 3969 lihri
1137 3907 1220 3984 dito,
1249 3903 1294 3967 ad
1313 3922 1409 3966 rasum
1431 3899 1666 3966 Studiosorum
1685 3897 1785 3982 paruo
1835 3917 1911 3962 nom
1937 3905 2015 3962 arrato
2036 3918 2091 3961 uc-

234 3985 513 4052 commodaticres.
558 3986 660 4065 Item,
681 3988 868 4052 Enarratio
889 3986 1015 4075 aliquot
1036 3988 1199 4056 librorum
1223 3988 1416 4054 Ethioorum
1433 3985 1647 4062 Aristotelis,
1668 3985 1714 4049 ad
1734 3918 1992 4080 intedipentiam
2011 3980 2092 4082 1111.-

235 4091 374 4160 quorum
401 4072 549 4138 eiusdem
575 4071 728 4139 authoris
759 4073 960 4178 scriptorum
987 4075 1074 4140 mire
1105 4077 1287 4142 conducens
1307 4077 1364 4158 [ἃ.
1418 4072 1531 4138 Primi
1560 4071 1708 4136 Secundi
1742 4069 1868 4168 Tertip,
1903 4076 1934 4133 et
1965 4067 2091 4146 errntr.

234 4157 456 4306 {lgperrtorati
490 4158 582 4243 apud
612 4155 767 4225 Blasium
801 4157 1003 4225 latericium.
1055 4160 1166 4228 Antio.
1197 4160 1251 4228 M.
1274 4161 1319 4224 Ι).
1340 4157 1436 4223 LVI.
1488 4157 1610 4226 Gratia
1648 4163 1679 4220 et
1715 4153 1895 4238 priuilepio
1931 4152 2016 4235 Imp.
2059 4154 2091 4218 8.

288 4246 329 4323 ¹u
350 4245 460 4329 etres-
475 4247 510 4328 ³)

62 4343 161 4406 llane
188 4361 253 4407 non
276 4345 540 4430 Melanthonem,
572 4345 632 4412 sed
661 4348 761 4411 alium
784 4349 946 4431 quendam
968 4369 1104 4414 curasse
1114 4399 1124 4433 ,
1150 4349 1344 4434 intelligitur
1374 4368 1418 4412 ex
1446 4347 1498 4410 his
1528 4345 1641 4409 rcrbis
1672 4345 1702 4404 in
1733 4351 1828 4424 parto
1858 4360 1980 4404 aversa
2007 4341 2092 4403 tituli

65 4429 217 4511 seriptis:

975 4518 1110 4585 Lertmi
1132 4519 1171 4586 S.

151 4634 339 4715 Antequam
360 4634 562 4719 aggrederer
584 4639 670 4702 hanc
691 4634 867 4700 editionem
889 4639 1119 4721 Philosophiae
1140 4637 1294 4718 bloralis,
1319 4634 1374 4698 diu
1397 4652 1477 4696 sane
1500 4629 1735 4710 deliberabam,
1764 4646 1861 4709 quam
1884 4629 2090 4708 potissimum

67 4736 223 4800 sequerer
252 4738 326 4782 cum
356 4732 472 4785 essent
492 4733 605 4786 nostra
635 4734 670 4787 et
692 4724 827 4785 aliorum
849 4726 986 4789 multum
1008 4725 1178 4806 diversae,
1209 4734 1350 4805 utraque
1373 4730 1482 4783 tamen
1505 4718 1636 4797 optima.
1691 4713 1758 4777 Sed
1782 4713 1868 4795 quod
1891 4715 2017 4775 clariss.
2040 4716 2092 4773 vir

67 4804 218 4866 dominus
238 4803 338 4868 Phil.
360 4808 624 4890 Melanthon,
652 4811 781 4891 meique
803 4809 1065 4876 studiosissimus
1086 4811 1139 4874 rir
1162 4811 1296 4872 doctiss.
1319 4809 1537 4870 Beucerus
1562 4801 1685 4882 voluit,
1716 4802 1778 4862 hoo
1800 4799 1864 4863 suit
1886 4802 2014 4861 omnino
2037 4797 2091 4860 fa-

67 4889 226 4952 ciendum.
277 4891 321 4953 ut
349 4894 427 4973 quia
454 4896 486 4957 in
515 4895 614 4977 priori
634 4905 748 4958 nostra
777 4895 919 4958 editione
948 4898 1053 4962 multa
1080 4897 1246 4978 praeclara
1266 4892 1374 4955 adhuc
1402 4892 1470 4953 sint
1498 4897 1533 4953 et
1560 4897 1736 4969 praecepta
1764 4895 1800 4948 et
1822 4887 1974 4965 exempla
1994 4885 2091 4947 huius

67 4973 250 5058 haduae,
270 4976 390 5058 quibus
410 4997 524 5044 carere
545 4998 752 5063 nequaquam
773 4981 967 5047 debeamus:
991 4984 1169 5065 separatim
1192 5000 1252 5062 ea,
1274 4979 1345 5042 Deo
1368 4977 1521 5056 volente,
1543 4973 1722 5053 exhibebo,
1745 4982 1900 5054 tanquam
1920 4989 2092 5034 commen·

68 5061 236 5147 tariolarn,
257 5072 295 5125 ut
315 5081 511 5129 conservem
531 5086 591 5149 pro
613 5085 689 5131 mea
709 5076 802 5149 parte
823 5070 979 5154 reliquias
1000 5073 1084 5135 tanti
1105 5070 1186 5150 viri,
1214 5083 1300 5150 quae
1322 5074 1418 5146 sunt,
1439 5073 1479 5125 ut
1500 5079 1566 5124 uno
1587 5058 1690 5121 verbo
1712 5059 1817 5121 semel
1839 5057 1963 5138 dicam,
1994 5057 2092 5138 plane

102 5316 132 5374 1)
134 5312 302 5434 13³&
303 5315 484 5436 ι1111111111,
506 5318 642 5372 Burealas
665 5319 875 5388 cognominatus
897 5333 917 5374 a
938 5322 1031 5387 patria
1051 5323 1120 5374 orbs
1136 5321 1244 5387 Buten,
1269 5319 1305 5369 ad
1328 5318 1422 5371 tontes
1446 5313 1564 5368 lummls
1582 5312 1669 5376 hippo
1696 5311 1769 5376 alta,
1793 5311 1943 5364 Professor
1961 5312 1988 5363 ln
2006 5314 2090 5366 Aaou.

97 5467 129 5534 2)
146 5469 223 5522 naar
239 5469 343 5537 atillo,
360 5483 430 5538 qaae
446 5472 475 5525 ln
492 5473 653 5529 ubhotbsos
669 5477 804 5531 adulas
820 5475 964 5531 mussas
982 5475 1113 5532 uarsmta
1131 5474 1286 5541 reparltar,
1304 5469 1441 5528 shobello
1459 5466 1660 5535 ignominiose
1678 5464 1795 5516 videtur.
