4544 5766
216 185 290 260 11⁶
482 182 684 256 SCRIPTA
708 181 787 254 Pll.¹
808 179 923 253 tfflt.
947 178 1014 252 AI)
1039 179 1249 256 E'l'llICEN
1274 181 1340 255 ΕΤ
1364 179 1623 257 Pomm-:tt
1649 179 1959 255 SPECTANTIA.
2151 183 2229 257 tto

215 360 293 430 odit
306 360 424 450 legum
437 358 601 440 vincula,
625 356 779 425 libenter
797 351 887 425 haec
903 355 1063 447 exempla
1080 354 1199 425 imita·
1250 354 1343 425 litati
1363 368 1399 424 et
1423 356 1676 450 tranquillitati
1698 330 1853 450 plurima
1876 355 2094 426 condonare.
2143 353 2242 424 Pau·

215 475 285 533 tur.
336 462 384 531 Et
399 462 481 530 inde
502 459 649 529 assumit
669 472 910 549 contemptum
935 459 1123 530 universae
1146 460 1200 528 di-
1250 460 1306 528 lus
1323 457 1419 553 (Gal.
1434 456 1470 542 4,
1488 458 1541 553 9.)
1560 473 1666 529 vocat
1682 459 1892 530 traditiones
1914 482 2025 549 egena
2049 459 2243 541 elementa,

215 565 384 657 sciplinae
408 576 443 633 et
462 562 625 632 omnium
646 563 777 653 legum.
836 561 988 632 Abolitis
1012 574 1131 631 autem
1153 563 1200 633 ri·
1253 586 1344 654 quae
1367 561 1506 632 etiamsi
1526 575 1610 632 sunt
1634 587 1764 653 egena,
1804 558 1872 632 hoc
1895 573 1966 645 est,
1999 585 2055 632 res
2078 560 2242 652 exiguae,

217 669 328 750 tibus,
355 691 429 735 non
442 677 559 757 potest
572 663 720 734 existere
734 659 995 763 παιδαγωγία,
1021 688 1087 734 nec
1101 667 1201 737 rudis
1253 664 1453 756 periturae,
1479 689 1555 733 non
1574 679 1759 750 aeternae,
1785 690 1862 733 non
1882 676 1967 734 sunt
1992 665 2126 747 cultus,
2161 687 2241 735 non

217 785 333 850 aetas,
356 794 422 837 nee
435 769 579 837 indocta
596 769 787 837 mrdtitudo
803 767 923 834 doceri
937 779 1065 858 potest.
1253 766 1408 852 iustitia,
1435 780 1555 836 tamen
1576 781 1660 838 sunt
1680 768 1873 850 elementa,
1898 762 1967 836 hoc
1989 779 2061 850 est,
2095 766 2243 837 ordina·

316 872 464 942 Necesse
479 883 532 941 est
547 884 665 940 autem
681 870 782 964 sequi
796 869 971 939 infinitam
986 869 1201 953 barbariem,
1253 870 1389 953 tiones,
1424 870 1552 964 quibus
1580 868 1668 939 haec
1690 870 1886 962 corporalis
1913 870 1985 938 vita
2017 894 2094 939 non
2122 881 2244 961 potest

217 988 251 1044 et
276 974 452 1044 infinitam
477 975 699 1057 vastitatem,
738 973 801 1042 ubi
831 973 995 1042 iuventus
1016 985 1052 1041 et
1075 975 1201 1063 varlgus
1252 997 1374 1042 carere
1387 986 1536 1064 propter
1555 973 1799 1065 disciplinam,
1825 986 1860 1042 et
1882 985 2030 1063 propter
2054 967 2241 1054 εὐταξίαν.

216 1103 291 1146 non
314 1089 464 1169 possunt
484 1077 633 1147 institui.
684 1076 867 1168 Quantum
890 1100 975 1144 vero
1002 1076 1114 1145 scelus
1137 1088 1201 1158 est,
1254 1076 1375 1168 Quare
1400 1101 1474 1144 non
1503 1088 1587 1145 sunt
1615 1075 1860 1146 ordinationes
1890 1075 1971 1145 illae
1998 1075 2241 1165 dissipandae,

217 1194 390 1275 quantum
414 1179 647 1272 parricidium
659 1177 728 1274 ⁸⁰),
760 1180 919 1270 exempla
942 1179 1132 1269 praebere,
1159 1203 1201 1247 ex
1253 1180 1314 1248 sed
1329 1179 1514 1249 eonsilium
1525 1179 1629 1248 Pauli
1644 1179 1942 1248 considerandum
1960 1190 2024 1263 est,
2047 1177 2110 1273 qui
2125 1202 2241 1272 quan-

217 1284 346 1377 quibus
369 1285 429 1351 illa
453 1283 597 1352 vastitas
619 1282 706 1351 oriri
731 1281 852 1372 possit.
925 1278 999 1348 lam
1026 1294 1200 1374 quantum
1254 1305 1362 1375 quam
1391 1281 1556 1350 nominat
1584 1305 1713 1373 egena,
1752 1294 1875 1350 tamen
1898 1293 2003 1351 vocat
2032 1280 2143 1350 etiam
2171 1280 2239 1351 ele·

217 1386 304 1455 mali
322 1400 374 1455 est
398 1387 436 1454 in
460 1386 570 1452 altera
594 1385 753 1453 scandali
774 1396 895 1475 parte,
919 1383 1082 1452 videlieet
1104 1387 1201 1477 quod
1253 1397 1393 1467 menta,
1429 1397 1536 1478 atque
1561 1383 1610 1452 ita
1634 1380 1791 1453 detrahit
1815 1385 1957 1455 laudem
1985 1383 2162 1466 iustitiae,
2201 1395 2241 1455 ut

219 1489 456 1581 tranquillitas
477 1486 654 1557 Ecclesiae
677 1501 712 1557 et
736 1511 860 1556 rerum
881 1487 1105 1576 publicarum
1128 1501 1201 1556 tur-
1255 1489 1420 1556 ostendat
1444 1486 1589 1556 interim
1618 1486 1863 1557 ordinationes
1892 1511 1985 1570 esse,
2021 1511 2113 1581 quae
2139 1509 2240 1557 suam

217 1593 335 1661 batur.
1253 1586 1387 1659 habent
1411 1590 1614 1659 utilitatem.
1691 1590 1823 1681 Magna
1855 1589 1908 1659 vis
1936 1601 1990 1661 est
2018 1588 2239 1681 disciplinae,

319 1692 383 1762 Est
400 1691 494 1761 enim
511 1692 549 1759 in
566 1687 633 1761 hac
651 1691 829 1783 corporali
845 1691 916 1759 vita
940 1691 1046 1760 etiam
1065 1690 1201 1761 ordinis
1253 1694 1349 1762 nulla
1368 1692 1509 1762 dulcior
1523 1689 1731 1776 harmonia,
1758 1717 1866 1787 quam
1884 1695 1973 1762 ordo
1987 1692 2104 1762 bonus
2124 1691 2165 1760 in
2186 1714 2240 1761 re·

218 1821 343 1880 causa,
369 1821 431 1864 seu
443 1808 591 1886 propter
606 1790 799 1885 εὐταξίαν,
825 1818 916 1887 quae
939 1794 1093 1890 maxime
1117 1819 1200 1862 con·
1253 1795 1405 1887 publica.
1456 1793 1540 1864 ldeo
1555 1790 1643 1864 haec
1664 1809 1839 1865 vocantur
1860 1796 2057 1878 elementa,
2081 1791 2152 1864 hoc
2177 1808 2238 1877 est,

217 1899 363 1969 veniens
380 1909 433 1968 est
447 1894 598 1980 homini,
614 1921 703 1987 opus
718 1897 940 1966 ceremoniis.
975 1896 1053 1965 Hoc
1073 1897 1199 1965 ordine
1254 1898 1518 1980 ordinationes,
1540 1922 1631 1992 quae
1647 1898 1744 1966 illam
1760 1895 1989 1968 harmoniam
2006 1897 2177 1968 retinent.

218 2002 407 2092 dissipato,
441 2000 579 2069 infinita
603 2000 763 2069 confusio
788 2000 960 2092 sequitur.
1019 1999 1126 2069 Nulla
1149 2013 1200 2069 est

217 2103 390 2174 autoritas
405 2103 622 2185 docentium,
647 2103 746 2171 nulla
762 2115 857 2170 certa
873 2104 988 2171 forma
1005 2103 1199 2172 doctrinae.
1250 2094 1417 2161 Rectene
1429 2083 1554 2182 B⁰nif
1552 2092 1660 2160 uelut
1674 2091 1708 2161 V
1703 2093 1776 2161 ΙΙΙ·
1793 2093 2011 2178 constituit,
2038 2086 2135 2183 quod
2156 2091 2238 2161 itere

217 2205 258 2274 ln
297 2206 360 2274 tali
393 2206 601 2274 confusione
638 2230 704 2274 nec
741 2204 978 2274 ministerium
1012 2205 1200 2295 Evangelii
1252 2208 1379 2281 divino
1402 2215 1513 2301 Papa
1540 2206 1683 2280 tabeat
1714 2217 1917 2303 utrumque
1937 2208 2128 2306 gladium,
2170 2205 2238 2280 doc

217 2309 437 2392 ⁶⁰1¹⁸⁰fV³ffia
462 2333 528 2377 ¹¹⁸⁰
542 2307 698 2377 Ecclesia
714 2308 974 2398 d⁰⁰011P⁰²⁰⁸h
1251 2338 1328 2413 est,
1356 2336 1395 2400 et
1412 2349 1600 2399 summam
1612 2336 1843 2420 potestatem
1858 2331 2180 2419 ecclesiasticam,
2201 2337 2239 2401 et

317 2410 481 2528 Denique
495 2424 534 2480 ut
552 2413 641 2480 0rd0
659 2406 895 2527 otnlrarmonia
912 2409 1136 2526 publicorum
1152 2408 1199 2525 ¹2³·
1250 2469 1434 2521 summam
1456 2456 1703 2540 potestatem,
1728 2471 1799 2519 seu
1819 2447 2066 2529 mandatum,
2089 2470 2158 2520 seu
2181 2453 2239 2521 ius

216 2527 318 2583 tuum
334 2514 500 2582 conciliat
516 2526 551 2581 et
566 2525 747 2583 consocrat
763 2508 945 2594 hommes,
972 2525 1019 2581 rta
1039 2514 1198 2581 confusio
1355 2562 1580 2661 conferendi
1603 2588 1722 2663 ww
1744 2575 1782 2638 et
1797 2572 1955 2660 imperia
1978 2564 2138 2640 munds?

216 2616 351 2686 ordinis
367 2611 531 2685 distrahit
547 2617 704 2698 animos,
731 2627 766 2684 ct
779 2616 874 2708 parit
892 2617 1052 2704 ingentes
1070 2615 1199 2686 tumul-
1759 2708 1764 2715 Ι

216 2731 271 2789 tus
288 2732 322 2788 et
335 2732 480 2788 aeterna
495 2718 599 2789 bella.
1351 2724 1458 2794 Utilis
1479 2736 1530 2793 est
1552 2723 1712 2817 quaestio
1737 2724 1780 2792 de
1804 2723 2007 2795 discrimine
2032 2724 2237 2797 ecclesiasti-

318 2821 521 2912 Cogitemus
552 2822 660 2912 igitur
688 2819 726 2887 in
749 2818 942 2888 violatione
965 2818 1198 2888 traditionum
1252 2849 1312 2893 cae
1335 2827 1519 2918 potestatis
1546 2839 1581 2896 et
1603 2826 1759 2897 civilium
1783 2828 2068 2919 magistratuum.
2120 2827 2238 2900 Aliter

215 2925 427 3017 plerumque
452 2936 488 2992 et
508 2925 610 2991 facile
637 2923 838 3012 exemplum
860 2945 1008 2989 manare
1033 2923 1078 2991 ad
1098 2921 1198 2990 alios.
1252 2928 1400 2998 enimin
1413 2929 1609 2997 moderatis
1623 2929 1774 3020 ingeniis
1788 2931 1988 3001 reverentia
2003 2955 2085 3022 erga
2101 2944 2238 3001 utram·

215 3025 419 3116 Cogitemus
435 3024 582 3108 deinde,
609 3036 782 3117 quantum
798 3025 836 3090 in
851 3025 1013 3114 exemplo
1034 3024 1121 3091 mali
1143 3024 1198 3092 sil·
1252 3056 1320 3124 que
1341 3043 1573 3123 potestatem,
1615 3057 1696 3101 cuin
1721 3031 1843 3101 officiis
1868 3047 1962 3103 recte
1987 3032 2174 3126 descriptis
2204 3046 2239 3104 et

214 3128 337 3221 Quare
353 3152 398 3196 ne
414 3127 646 3197 conscientias
664 3139 804 3195 nostras
819 3150 1007 3195 oneremus
1021 3126 1198 3217 periculis,
1250 3133 1423 3203 distinctis
1452 3146 1691 3219 monstratur,
1725 3148 1860 3230 quanta
1881 3137 1926 3205 sit
1949 3137 1988 3205 in
2009 3151 2163 3231 utraque
2186 3137 2238 3207 di-

214 3255 260 3298 ne
275 3231 354 3299 aliis
368 3255 580 3314 noceamus,
611 3229 749 3297 maiore
766 3252 850 3297 cura
868 3229 974 3297 etiam
991 3230 1198 3322 ‹pralescun-
1250 3236 1377 3326 gnitas.
1428 3235 1493 3306 Est
1507 3249 1626 3307 autem
1643 3232 1730 3306 haec
1751 3239 1951 3307 reverentia
1972 3240 2012 3310 in
2035 3239 2162 3332 primis
2185 3239 2238 3310 di·

215 3357 283 3426 que
299 3332 389 3403 ritus
405 3334 565 3425 publicos
584 3332 822 3402 observemus.
874 3331 1121 3424 Tyrannicum
1147 3344 1199 3401 est
1250 3363 1319 3428 gna
1336 3339 1432 3407 bono
1450 3339 1541 3423 viro,
1560 3352 1595 3408 et
1612 3338 1724 3410 virtus
1743 3341 1890 3432 proprie
1903 3336 2032 3437 ἠθική.
2084 3341 2239 3414 Prodest

213 3437 326 3528 magis
348 3437 436 3531 quid
456 3461 523 3506 nos
544 3437 708 3519 delectet,
735 3461 844 3529 quam
865 3435 952 3528 quid
972 3435 1049 3504 aliis
1072 3434 1197 3526 prosit,
1250 3440 1357 3511 etiam
1377 3442 1415 3509 in
1431 3443 1552 3513 multis
1567 3442 1718 3533 negotiis
1735 3443 1951 3534 intelligere,
1978 3447 2075 3539 quod
2090 3445 2138 3516 sit
2153 3470 2238 3540 pro·

213 3552 384 3631 spectare.
442 3539 526 3610 Non
545 3539 641 3609 enim
661 3539 842 3608 nascimur
866 3538 970 3608 nobis
995 3539 1098 3630 ipsis,
1135 3541 1196 3606 sed
1249 3543 1368 3634 prium
1386 3544 1554 3639 cuiusque
1567 3546 1752 3638 potestatis
1770 3547 1938 3617 officium.
1989 3547 2053 3617 Est
2069 3548 2167 3618 enim
2181 3561 2237 3643 ty·

213 3643 286 3709 vita
312 3655 435 3711 nostra
460 3645 506 3710 ad
528 3643 617 3712 alios
640 3642 814 3734 pertinet,
856 3665 897 3709 ac
929 3641 1118 3733 praecipue
1151 3643 1196 3710 ad
1249 3647 1372 3717 rannis
1389 3650 1604 3718 confundere
1621 3650 1748 3732 officia,
1774 3651 1835 3718 sed
1849 3675 1951 3719 suam
1968 3650 2238 3745 quisqueSpar·

212 3742 425 3827 Ecclesiam,
449 3739 517 3813 hoc
535 3758 606 3827 est,
631 3747 677 3813 ad
701 3744 851 3834 gloriam
867 3740 1018 3826 Christi,
1045 3746 1091 3812 ad
1112 3768 1197 3811 con·
1249 3761 1322 3817 tam
1346 3774 1476 3819 ornare
1501 3751 1616 3821 debet.
1677 3750 1724 3821 Et
1747 3752 1829 3845 quia
1853 3752 1973 3821 variae
1994 3765 2078 3824 sunt
2098 3753 2143 3824 de
2167 3749 2238 3825 hoc

212 3846 449 3917 servationem
463 3846 672 3930 ministerii,
698 3859 733 3916 et
755 3846 978 3916 retinendam
1002 3843 1194 3942 παιδαγω-
1248 3852 1452 3922 discrimine
1471 3853 1746 3946 disputationes,
1771 3855 1921 3945 diligens
1937 3855 2124 3948 explicatio
2143 3858 2237 3929 mul·

209 3945 300 4047 yiotv
314 3949 450 4042 populi.
501 3948 576 4020 Has
589 3952 676 4020 duas
693 3973 770 4033 res,
797 3964 986 4043 quaesunt
1006 3949 1195 4031 maximae,
1247 3968 1324 4024 tum
1343 3951 1452 4026 habet
1467 3956 1677 4028 eruditionis
1693 3970 1727 4026 et
1741 3958 1857 4026 bonae
1871 3959 1993 4050 frugis.

211 4051 366 4124 Ecclesia
392 4054 582 4145 praecipue
608 4052 701 4122 tueri
720 4053 828 4143 cupit.
891 4050 933 4120 ln
953 4048 1009 4121 his
1032 4064 1192 4122 nostram
1353 4058 1516 4130 Primum
1544 4060 1653 4150 igitur
1676 4061 1859 4131 sciendum
1883 4074 1935 4130 est
1955 4074 2147 4157 utramque
2172 4088 2238 4156 po-

212 4157 471 4239 obedientiam‚
515 4156 735 4247 diligentiam
766 4169 802 4224 et
830 4155 986 4225 studium
1016 4154 1194 4224 Ecclesiae
1248 4170 1426 4247 testatem,
1442 4163 1710 4235 eeclesiasticam
1728 4175 1763 4231 et
1778 4162 1936 4247 civilem,
1960 4167 2097 4235 donum
2120 4179 2157 4236 et
2178 4191 2238 4237 or·

209 4271 449 4348 praestemus,
475 4272 624 4351 propter
639 4281 864 4328 communem
879 4259 1029 4328 salutem
1048 4272 1083 4328 et
1097 4271 1194 4326 tran-
1247 4261 1468 4335 dinationem
1487 4267 1555 4335 Dei
1571 4291 1655 4335 esse.
1707 4263 1791 4335 ldco
1807 4261 2002 4337 honorifice
2021 4269 2064 4337 de
2080 4282 2236 4365 utraque

210 4359 434 4454 quillitatem.
486 4361 590 4431 Plato
609 4362 746 4455 inquit,
772 4360 885 4451 magis
907 4362 1097 4429 amandam
1119 4385 1193 4431 esse
1245 4367 1468 4439 sentiendum
1484 4383 1554 4454 est,
1582 4381 1617 4436 et
1631 4369 1767 4457 gratiae
1783 4368 1860 4439 Deo
1883 4373 2038 4460 agendae
2061 4384 2147 4441 sunt
2165 4398 2235 4465 pro

208 4462 382 4554 patriam,
408 4487 517 4556 quam
530 4477 703 4548 matrem,
729 4464 812 4558 quia
828 4463 945 4555 patria
966 4465 1012 4534 sit
1030 4464 1192 4533 divinum
1245 4471 1353 4539 tantis
1366 4472 1556 4544 beneficiis.
1605 4469 1653 4540 Et
1667 4472 1811 4565 quidem
1828 4485 1982 4565 potestas
1998 4474 2234 4547 ecclesiastica

207 4565 379 4659 quiddam
395 4563 455 4659 ⁰⁰).
503 4564 649 4635 Atvera
673 4567 788 4658 patria
812 4568 918 4635 nobis
935 4567 1089 4636 Ecclesia
1120 4592 1192 4636 esse
1247 4572 1343 4641 claro
1363 4587 1396 4643 et
1415 4598 1580 4666 expresso
1595 4576 1766 4644 mandato
1790 4576 1953 4644 ordinata
1978 4589 2014 4646 et
2039 4578 2234 4649 constituta

207 4669 324 4751 debet,
347 4682 381 4737 et
395 4663 483 4736 haec
499 4693 580 4737 vere
596 4669 717 4738 divina
734 4683 795 4740 est.
827 4669 892 4740 Est
907 4670 1002 4738 enim
1019 4671 1193 4761 templum
1246 4687 1316 4759 est,
1350 4702 1430 4746 cum
1456 4673 1617 4748 Christus
1636 4678 1733 4748 misit
1755 4677 1949 4768 Apostolos
1970 4680 2008 4748 in
2032 4692 2149 4750 totum
2173 4704 2235 4753 or·

207 4771 293 4854 Dei,
321 4783 355 4839 et
369 4783 489 4840 coetus
500 4773 745 4841 membrorum
764 4769 908 4843 Christi.
960 4773 1083 4866 Quare
1098 4768 1191 4841 hanc
1243 4777 1343 4861 bem,
1384 4776 1557 4849 Matthaei
1584 4780 1731 4865 ultimo,
1775 4779 1888 4875 (19.):
1939 4781 2073 4854 Euntes
2106 4785 2233 4856 docete

206 4898 328 4944 amare
343 4875 531 4957 debemus,
559 4888 594 4944 et
612 4875 645 4943 ei
666 4875 819 4945 libenter
840 4876 1005 4961 obedire,
1031 4876 1106 4945 eius
1122 4876 1191 4945 uti·
1244 4904 1367 4951 omnes
1390 4896 1523 4973 gentes.
1574 4882 1621 4952 Et
1642 4909 1722 4953 cum
1745 4907 1886 4974 semper
1904 4885 2012 4954 fuerit
2026 4885 2232 4958 Ecclesiae

1243 4983 1419 5075 principio
1437 4987 1582 5070 mundi,
1609 4989 1690 5055 data
1717 4986 1956 5077 promissione
1972 4988 2069 5059 Deus
2087 5014 2234 5083 semper

237 5077 494 5199 &affiniatem
517 5079 559 5130 ἰο
581 5079 648 5130 Edu.
668 5079 744 5131 Μ
770 5082 798 5130 ⁶⁸
819 5079 909 5144 ¹⁵⁴⁰·3
942 5080 992 5132 Μ·
1013 5081 1088 5133 ¹⁵⁴⁶·
1113 5081 1190 5144 Μ·
1242 5087 1425 5157 constitnit
1456 5090 1552 5158 claro
1574 5089 1683 5157 verbo
1710 5102 1920 5180 potestatem
1945 5092 2233 5167 ecclesiasticam.

237 5215 285 5282 so)
304 5216 374 5266 Prae.
395 5216 427 5264 aa
445 5217 552 5276 tertam
570 5220 587 5270 1.
600 5219 634 5271 v.
656 5218 698 5269 eo.
718 5219 751 5270 n.
766 5217 858 5278 steph.
878 5217 906 5267 r.
919 5217 950 5268 11.
970 5232 996 5279 p.
1009 5218 1068 5269 74⁰.
1087 5230 1112 5270 a.
1132 5217 1187 5284 (ed
1243 5189 1291 5257 Ut
1305 5215 1384 5259 cum
1400 5188 1567 5262 Abrahae
1584 5191 1858 5284 promissionem
1873 5192 1920 5287 ⁹¹)
1938 5207 1974 5263 et
1987 5196 2231 5269 ceremoniam

272 5286 378 5348 ltipout.
398 5285 544 5336 votvm.
568 5301 594 5349 p.
608 5285 700 5349 2³0.):
727 5283 861 5351 πατρίδος
878 5279 905 5334 δέ
925 5280 1008 5346 οὔσης
1024 5285 1070 5348 τῆς
1087 5285 1189 5354 χώρας,

269 5351 435 5420 θεραπεύειν
452 5347 538 5416 adria
555 5353 598 5405 des*
611 5352 741 5421 gase'dvoc
765 5350 782 5416 ἢ
803 5352 909 5420 μητέρα
932 5352 1050 5412 παῖδας·
1079 5355 1119 5424 aqi
1140 5354 1188 5407 aaa*

272 5422 440 5489 δέσποιναν,
457 5419 526 5475 θεὸν
538 5418 627 5489 αὐτήν
644 5376 749 5491 odron,
766 5421 877 5487 θνητῶν
894 5418 986 5475 ὄντων
999 5424 1154 5493 γεγονέναι.
1275 5427 1326 5488 st)
1340 5427 1570 5494 promissionem]
1589 5423 1629 5477 sle
1647 5425 1697 5476 ttd.
1717 5425 1809 5489 Md
1832 5426 1882 5477 tte
1903 5425 1979 5476 ¹54⁰.
1998 5424 2192 5488 promissione.
