4544 5766
60 181 140 267 tor
348 240 353 259 .
529 258 532 263 ,
628 178 922 267 leE'fflCAE
945 172 1227 267 DOCTRINAE
1252 172 1531 267 mutunus
1572 216 1576 263 ;
1614 205 1716 269 ,ι;-;’
1790 238 1800 255 .

2006 190 2091 263 ,198
2204 302 2207 307 ξ

64 356 314 445 obtemperent
331 350 383 423 illi
399 350 635 427 inclinationi.
668 353 765 425 llaec
780 353 964 427 verissima
981 380 1054 424 esse
1106 374 1188 442 gam
1204 349 1324 441 potius
1340 351 1523 443 accipiam,
1550 375 1659 447 quam
1672 355 1746 426 fato
1766 357 1888 445 omnia
1903 358 1980 429 fieri
1994 384 2090 433 com-

59 482 172 549 supra
189 454 237 550 “’)
266 469 449 527 ostensum
480 467 534 526 est
565 482 607 526 ex
636 457 731 527 dicto
754 457 904 552 (Psahu.
922 457 958 542 5,
982 455 1052 552 6.):
1104 455 1256 546 probem
1265 451 1326 548 ⁸⁷).
1384 454 1454 523 Sed
1477 478 1553 524 non
1574 457 1731 527 declarat
1752 458 1896 544 Cicero,
1922 487 1985 537 cur
2004 488 2087 556 pro-

59 559 163 629 Deus
174 582 251 629 non
267 559 392 628 volens
405 571 590 651 peccatum
607 571 646 629 tu
670 583 718 633 es.
766 556 814 631 Et
830 561 961 652 inipso
977 561 1053 652 opi·
1104 556 1300 647 positiones
1323 556 1366 624 de
1389 557 1511 627 futuro
1532 559 1771 651 contingenti,
1794 587 1871 633 non
1886 563 1959 635 sint
1972 567 2089 639 deter-

59 662 144 731 licio
176 657 333 733 hominis
363 660 578 752 experientia
613 674 761 733 testatur
799 664 1052 733 locomotivam
1104 660 1239 729 minate
1257 681 1364 729 verae
1379 671 1442 729 aut
1455 661 1576 730 falsae.
1678 718 1683 733 .

59 765 176 833 libere
201 764 316 854 regia
342 763 537 854 voluntate.
588 763 636 833 Et
654 777 750 836 totus
774 766 864 835 ordo
887 767 1052 857 politicus
1204 759 1244 831 ld
1265 773 1384 831 autem
1403 760 1611 833 Aristoteles
1634 788 1794 855 expresse
1818 768 1994 852 declarat,
2026 772 2089 864 qui

60 869 195 939 frustra
218 866 400 937 institutus
424 879 535 951 esset,
573 867 604 937 si
625 862 789 937 homines
812 892 888 937 uon
908 883 1054 959 possent
1103 877 1244 948 monet,
1271 865 1457 935 veritatem
1480 890 1553 936 esse
1575 869 1833 957 proprietatem
1857 871 2087 943 comitantem

60 971 202 1061 legibus
214 970 358 1038 obedire
374 969 412 1039 in
428 969 582 1039 externis
596 969 794 1040 actionibus
807 971 928 1064 aliquo
943 974 1051 1041 modo
1104 991 1177 1037 csse
1194 967 1266 1049 rei,
1291 967 1383 1036 sicut
1397 992 1454 1039 res
1469 963 1576 1037 habet
1589 992 1681 1051 esse,
1707 970 1756 1040 sic
1778 997 1861 1043 vera
1884 987 1937 1044 est
1955 999 2088 1067 propo-

62 1071 230 1164 regeudis
258 1084 324 1143 etc.
390 1068 443 1141 lta
466 1084 502 1141 et
521 1072 645 1143 Cicero
654 1071 702 1167 ⁸⁸)
724 1072 926 1143 Stoicorum
949 1100 1053 1165 argu-
1103 1068 1197 1139 sitio.
1257 1068 1435 1139 futurum
1458 1084 1579 1141 autem
1593 1074 1763 1143 ,nondum
1788 1070 1896 1145 habet
1917 1101 2011 1161 esse,
2046 1104 2087 1147 ac

61 1186 187 1245 mento
202 1175 407 1267 respondet,
432 1198 567 1265 negans
581 1176 801 1245 voluntatem
817 1202 920 1268 posse
936 1201 955 1245 a
971 1203 1052 1246 cau·
1103 1170 1269 1265 possibile
1288 1184 1359 1255 est,
1382 1186 1421 1242 ut
1437 1197 1514 1241 non
1528 1175 1680 1247 eveniat.
1732 1175 1829 1247 Haec
1842 1177 2088 1251 inDialecticis

61 1279 110 1349 sis
131 1276 441 1361 antecedentibus,
475 1291 514 1346 ut
537 1278 611 1369 ipse
628 1279 810 1363 nominat,
844 1279 881 1346 id
905 1292 975 1363 est,
1006 1281 1051 1349 ab

62 1382 226 1462 obiecto,
267 1382 323 1449 vel
347 1381 453 1450 rebus
475 1379 748 1464 inclinantibus,
789 1394 830 1450 nt
850 1383 959 1452 stellis
990 1396 1051 1454 aut

62 1496 349 1576 temperamento
365 1483 454 1574 cogi.

163 1584 261 1653 Haec
286 1585 462 1676 copiosius
483 1584 704 1676 explicantur
727 1586 765 1653 in
783 1581 963 1679 Physicis,
989 1585 1050 1654 ubi

66 1688 256 1759 discrimen
271 1688 441 1758 recitatur
463 1689 556 1756 inter
578 1689 755 1759 naturalia
778 1689 917 1779 agentia
937 1701 972 1756 et
988 1713 1050 1755 vo-

65 1793 250 1861 luntatem.
301 1789 452 1861 Etiamsi
468 1790 645 1860 inclinant
664 1791 805 1874 stellae,
832 1805 952 1861 tamen
968 1803 1051 1861 sunt

68 1907 203 1962 tantum
226 1893 395 1984 partiales
418 1906 453 1961 et
473 1908 633 1965 remotae
658 1919 803 1977 causae,
830 1906 864 1964 et
886 1894 1051 1962 rolrmtas

68 1997 114 2065 eis
143 2020 345 2087 repugnare
371 2008 499 2086 potest.
564 1996 611 2065 Et
640 1998 773 2067 multae
803 1996 1050 2066 inclinationes

68 2099 243 2167 cointraria
260 2098 550 2191 consuefactione
564 2101 653 2169 ficmt
668 2100 920 2192 languidiores.

113 2268 320 2337 Tertium
349 2266 664 2360 argumentum
693 2271 999 2341 dialecticum.

116 2402 336 2494 impossibile
353 2419 423 2489 est,
451 2409 539 2477 dicas
555 2408 850 2481 contradictorias
869 2407 974 2477 simul
992 2431 1050 2474 rc-

164 2532 223 2577 ras
240 2531 326 2577 esse.

116 2607 209 2677 Haec
233 2622 286 2678 est
301 2633 407 2692 vera,
434 2610 559 2681 Cicero
577 2612 645 2680 erit
663 2612 798 2681 corisul.

116 2710 209 2802 Ergo
238 2711 455 2803 impossibile
486 2727 557 2797 cst,
590 2713 904 2784 contradictoriam
920 2735 1050 2787 tvcram

166 2838 251 2885 esse.
309 2814 350 2883 Si
374 2816 591 2907 impossibile
608 2830 680 2900 est,
706 2813 799 2886 hanc
820 2841 943 2885 veram
965 2842 1051 2900 csse,

165 2918 291 2988 Cicero
307 2942 380 2987 nou
397 2919 465 2986 erit
480 2921 624 3002 consul,
650 2921 811 3013 sequitur
826 2921 974 2989 alteram
990 2944 1051 2989 ne-

166 3022 319 3090 cessario
335 3045 457 3090 veram
474 3048 566 3105 esse,
594 3023 718 3091 Cicero
735 3023 803 3090 erit
818 3022 952 3095 consul.
1005 3112 1015 3129 ι

457 3188 651 3261 Solutio.

164 3322 394 3415 Respondeo.
461 3327 561 3417 Nego
587 3327 779 3398 Minorem.
843 3327 938 3396 Nam
965 3322 1051 3395 haec

76 3425 284 3517 propositio,
311 3426 435 3495 Cicero
456 3429 524 3497 erit
540 3432 683 3513 consul,
710 3442 886 3524 quatenus
900 3442 953 3499 est
967 3454 1051 3520 pro-

75 3528 194 3618 positio
217 3530 261 3597 de
284 3530 425 3615 sutoro,
456 3555 531 3600 non
552 3547 604 3602 cst
625 3533 859 3602 determinate
881 3556 962 3603 vera
986 3527 1051 3601 hn-

74 3656 169 3701 mano
203 3629 347 3701 iudicio.
410 3632 504 3703 Nam
534 3637 664 3705 veritas
695 3635 855 3728 sequitur
883 3660 955 3705 esse
987 3635 1050 3705 rei.

73 3735 159 3805 Sicut
176 3733 285 3825 igilur
299 3758 355 3805 res
369 3730 478 3805 habet
492 3760 584 3821 esse,
609 3740 659 3808 sic
674 3752 726 3809 est
740 3763 824 3809 vera
840 3739 1050 3829 propositio.

73 3836 240 3907 loturum
258 3850 378 3907 autem
395 3841 556 3910 noudum
573 3837 681 3913 habet
694 3866 783 3911 esse:
818 3865 901 3930 ergo
917 3866 1050 3932 propo-

72 3941 143 4035 sitio
166 3942 212 4009 de
235 3940 355 4033 futuro
381 3943 603 4033 contingenti
625 3947 787 4015 nondum
810 3957 862 4013 est
882 3968 966 4013 vera
985 3940 1049 4017 hu-

70 4068 171 4113 mano
188 4042 343 4127 iudicio,
369 4045 430 4115 sed
447 4058 499 4115 cst
513 4046 667 4130 incerta,
694 4047 784 4117 sicut
807 4049 1048 4121 res‚nondum

68 4172 135 4217 csse
158 4144 289 4235 coepit.
779 4204 795 4229 ,.
1015 4218 1019 4229 ,

164 4248 259 4319 Cum
275 4247 383 4339 igitur
394 4246 482 4319 hacc
498 4250 632 4319 incerta
649 4251 713 4337 sit,
740 4252 864 4329 Cicero
882 4253 1049 4321 eritcon-

64 4351 133 4434 sul,
160 4354 324 4421 nondum
351 4352 474 4425 inferri
497 4367 630 4445 potest,
657 4358 806 4437 alteram
828 4355 1049 4445 esseimpos-

58 4454 222 4539 sibilem,
246 4454 375 4524 deinde
389 4455 530 4545 etiamsi
544 4457 664 4527 minor
680 4472 732 4528 est
745 4482 829 4527 vera
842 4459 1049 4529 necessitate

60 4557 360 4651 consequentiae,
385 4558 537 4642 scilicet,
569 4560 652 4652 quia
674 4561 723 4632 sic
747 4560 902 4644 eveniet,
928 4574 1049 4631 taumn

57 4661 254 4729 necessitas
267 4662 546 4755 consequentiae·
557 4687 632 4731 non
649 4665 856 4756 simpliciter
872 4664 1049 4734 efficitue-

57 4764 274 4833 cessitatem.
698 4834 701 4839 .

165 4864 290 4936 Cicero
318 4866 355 4935 in
373 4866 467 4937 libro
489 4870 532 4936 de
546 4867 637 4937 Fato
653 4868 698 4935 ad
715 4862 783 4937 hoc
798 4882 1047 4960 argumentum

60 4971 107 5037 ita
131 4970 346 5061 respondet,
380 4995 416 5040 se
439 4972 545 5053 malle
565 4995 696 5061 negare
721 4996 863 5041 omnem
885 4971 1048 5043 entmtia-

61 5071 199 5141 tionem
216 5097 289 5141 esse
307 5096 427 5140 veram
444 5087 506 5143 aut
520 5075 661 5144 falsam:
688 5071 791 5155 Eam,
818 5074 947 5167 inquit,
974 5075 1048 5165 pla-

56 5322 59 5327 '
93 5326 149 5383 Gt)
166 5323 248 5375 cont.
266 5334 329 5386 pag.
345 5322 402 5372 tot.

93 5412 148 5471 εὖ)
163 5410 222 5462 otc.
240 5410 269 5461 la
287 5408 358 5461 ttort
377 5408 412 5461 lo
429 5408 494 5459 toto.

1104 1274 1280 1366 copiosius
1301 1274 1538 1347 declarantur.

1445 1436 1745 1535 Theologica.

1154 1571 1327 1671 (Philipp.
1341 1579 1378 1659 Ξ,
1397 1578 1492 1673 18.);
1520 1578 1617 1649 Deus
1632 1593 1703 1663 est,
1731 1581 1794 1674 qui
1809 1583 1895 1652 facit
1915 1585 1953 1653 in
1975 1589 2089 1669 vobis,

1203 1690 1243 1746 ut
1268 1679 1404 1764 velitis,
1444 1694 1479 1749 et
1500 1693 1540 1751 ut
1560 1682 1770 1772 perficiatis,
1810 1710 1878 1776 pro
1902 1713 1973 1777 sua¹
1991 1691 2088 1762 bona

1204 1781 1400 1852 voluntate.

1152 1882 1248 1974 Ergo
1277 1908 1358 1951 cum
1383 1885 1586 1977 impellente
1610 1884 1687 1955 Deo
1709 1890 1797 1957 fiant
1823 1891 1964 1974 omnia,
1989 1895 2087 1965 nulla

1204 1997 1256 2054 est
1274 1987 1432 2058 libertas.

1203 2087 1430 2180 Respondeo.
1480 2089 1579 2180 Nego
1601 2094 1911 2186 consequentiam,
1939 2110 1973 2166 et
1996 2099 2087 2168 ratio

1103 2203 1173 2273 cst,
1199 2191 1283 2283 quia
1303 2193 1443 2262 sollercia
1460 2205 1512 2263 est
1532 2217 1550 2261 a
1575 2192 1669 2262 dicto
1691 2200 1886 2266 seccrndum
1909 2201 2017 2292 quid,
2043 2205 2088 2271 ad

1102 2294 1237 2361 dictum
1254 2295 1481 2385 simpliciter,
1508 2308 1543 2364 et
1557 2297 1702 2389 quidem
1719 2301 1858 2370 duobus
1874 2303 2001 2374 modis.

1203 2396 1387 2482 Primum,
1427 2398 1511 2491 quia
1538 2422 1580 2466 ex
1601 2401 1809 2490 particulari
1838 2404 1989 2475 infertur
2008 2408 2088 2477 uui-

1102 2499 1250 2567 versale.
1302 2500 1399 2570 Deus
1420 2501 1634 2569 efficithono
1655 2503 1692 2570 in
1706 2504 1882 2576 Ecclesia:
1909 2533 1993 2598 ergo
2016 2511 2088 2577 effi-

1103 2599 1151 2667 cit
1165 2602 1260 2669 bona
1280 2616 1314 2671 et
1330 2603 1425 2670 mala
1441 2603 1702 2674 universaliter.
1752 2607 1855 2677 Hanc
1871 2636 2088 2704 consequen-

1103 2702 1191 2783 tiam
1219 2727 1295 2772 nou
1322 2705 1458 2787 valere,
1493 2729 1616 2775 omues
1647 2705 1860 2800 intelligunt.
1928 2713 2088 2784 Certissi-

1103 2832 1203 2875 mum
1227 2819 1279 2875 cst
1300 2820 1420 2877 aunem
1441 2807 1529 2877 illud
1549 2808 1655 2878 Pauli
1677 2808 1830 2897 dictum,
1855 2814 1946 2885 sicut
1973 2817 2087 2887 multa

1104 2909 1192 2993 alia,
1217 2921 1358 2978 tantum
1377 2911 1542 2980 debonis
1562 2910 1761 2984 actionibus
1778 2915 1817 2984 in
1830 2914 1987 2987 Ecclesia
2004 2944 2088 2989 con-

1104 3012 1253 3097 cionari,
1280 3026 1315 3080 et
1329 3038 1402 3084 esse
1417 3013 1657 3083 dulcissimam
1675 3019 1969 3104 consolationem,
1996 3046 2087 3116 quae

1103 3139 1332 3208 nequaquam
1347 3116 1385 3183 in
1401 3116 1558 3185 Stoicam
1574 3117 1782 3208 opinionem
1800 3125 2085 3201 transformanda

1104 3230 1166 3288 est.
1230 3218 1436 3311 Alloquitur
1467 3218 1563 3289 cuim
1584 3215 1754 3293 habentes
1777 3223 1880 3294 initia
1903 3226 2004 3309 fidei,
2042 3253 2088 3294 ue

1102 3319 1206 3389 fracti
1237 3322 1484 3411 magnitudine
1509 3322 1750 3414 periculorum
1779 3340 1813 3395 et
1840 3330 2088 3412 certaminum,

1103 3435 1226 3514 postca
1254 3424 1436 3507 deficiant,
1479 3437 1514 3495 et
1548 3427 1753 3497 consolatur
1780 3453 1848 3549 uoq
1873 3432 2088 3521 cogitatione

1103 3526 1320 3610 vocationis,
1343 3527 1639 3617 promissionum,
1665 3544 1886 3619 praesentiae
1908 3547 1944 3602 et
1964 3533 2088 3605 auxilii

1102 3628 1181 3717 Dei.
1231 3628 1328 3699 Deus
1348 3631 1505 3721 primum
1527 3631 1701 3717 immensa
1720 3634 1964 3705 misericordia
1981 3661 2088 3707 voca·

1103 3732 1154 3800 vit
1166 3755 1252 3815 nos,
1279 3745 1314 3811 et
1329 3734 1479 3803 retraxit
1493 3758 1536 3803 cx
1555 3734 1710 3806 tenebris
1734 3750 1769 3809 et
1792 3764 1834 3809 ex
1854 3738 1996 3823 inseris,
2023 3765 2087 3811 nec

1102 3834 1245 3905 vocarit
1265 3847 1426 3920 tantum,
1452 3847 1492 3906 ut
1505 3836 1607 3923 initia
1626 3838 1834 3925 existerent,
1859 3845 1920 3913 sed
1937 3868 1993 3912 res
2010 3857 2086 3912 tau-

1102 3951 1155 4008 tas
1182 3936 1221 4005 in
1241 3936 1418 4022 Ecclesia,
1457 3964 1546 4033 quas
1567 3936 1768 4026 inchoavit,
1809 3946 1886 4013 vult
1907 3947 2086 4035 perficere,

1102 4040 1266 4129 colligere
1298 4041 1437 4135 aliquos
1468 4055 1607 4127 coetus,
1646 4068 1787 4115 servare
1815 4046 1933 4137 aliqua
1965 4042 2085 4137 hospi-

1102 4143 1150 4213 tia
1182 4142 1379 4228 Ecclesiae,
1430 4158 1464 4215 et
1501 4145 1809 4235 perseverantibus
1848 4148 1932 4214 dare
1974 4149 2084 4219 vitam

1101 4260 1296 4315 aeternam.

1202 4349 1386 4435 Secundo,
1427 4351 1521 4418 male
1544 4350 1695 4417 infertur
1721 4350 1911 4420 necessitas
1936 4376 1956 4418 a
1990 4352 2083 4421 dicto

1100 4456 1295 4522 seccmdum
1331 4452 1436 4545 quid,
1485 4454 1531 4521 ad
1565 4451 1697 4520 dictum
1729 4452 1956 4542 simpliciter,
2000 4454 2084 4548 quia

1101 4555 1240 4624 etiamsi
1249 4555 1345 4624 Deus
1360 4556 1505 4623 adiuvat
1518 4578 1595 4636 nos,
1622 4568 1743 4625 tamen
1757 4556 1969 4639 voluntates,
1993 4582 2083 4657 quae

1101 4658 1279 4750 accipiunt
1309 4658 1528 4740 doctrinam,
1577 4658 1736 4728 volentes
1764 4658 1997 4741 adiuvantur,
2050 4673 2082 4726 et

1101 4787 1185 4831 vcra
1208 4760 1433 4829 im‘ocatioue
1456 4772 1613 4850 petentes
1636 4762 1828 4844 auxilium,
1860 4787 1934 4830 non
1962 4760 2082 4853 aliqua

1101 4865 1270 4934 violentia
1285 4875 1447 4947 coactae,
1472 4876 1513 4933 ut
1527 4859 1731 4933 Manichaei
1745 4864 1997 4954 imaginantur.

1203 4966 1296 5059 Quia
1327 4991 1412 5034 vero
1443 4967 1584 5036 vocavit
1607 4967 1723 5051 Deus,
1765 4981 1799 5036 et
1827 4966 2081 5058 promissiones

1100 5095 1180 5143 suas
1203 5071 1280 5140 vult
1301 5094 1528 5163 nequaquam
1555 5095 1627 5140 esse
1652 5071 1789 5154 irritas,
1824 5082 1860 5138 et
1881 5069 1985 5141 simul
2006 5068 2081 5136 vult

1100 5174 1244 5243 accendi
1269 5185 1304 5241 et
1325 5172 1480 5253 exerceri
1492 5172 1777 5256 invocationem,
1803 5173 1994 5244 certissime
2010 5182 2080 5241 sta-

1028 5458 1035 5467 .
1133 5410 1183 5471 87)
1202 5412 1257 5464 Cle.
1277 5413 1311 5464 de
1328 5414 1386 5466 teto
1405 5427 1428 5464 c.
1443 5412 1482 5463 1⁰.
1502 5412 1530 5476 ὅ.
1542 5412 1585 5466 tt.

1386 5478 1473 5553 ts*
