4566 5760
76 106 157 183 24⁰

639 104 709 182 ll.'
734 104 943 182 ffllllssbE
967 104 1249 182 BGC'l'lllNAE
1273 104 1552 182 EIAEMENTA.

10 310 16 349 t
78 278 438 364 non-iubetdonare,
465 281 528 352 sed
549 292 682 352 sortem
705 282 784 352 vult
805 284 920 354 reddi.
969 282 1068 353 utio-

2031 96 2108 185 ²56⁰

1119 280 1344 365 centesimas,
1369 282 1455 376 quia
1472 283 1528 352 lex
1542 281 1666 352 divina
1680 280 1849 374 probibet
1861 282 2039 356 Israelitas
2059 283 2103 351 ab

10 440 15 453 .
68 384 145 478 -qni
161 384 257 452 enim
272 406 348 451 non
365 395 456 453 esset
468 385 658 455 mutuatio.
704 384 991 478 EtEvangelium
1006 412 1067 455 ne-
1117 382 1284 457 lsraelitis
1299 384 1460 475 flagitare
1481 410 1618 456 usuras.
1670 386 1766 456 llaec
1788 388 1951 458 narratio
1975 385 2103 456 veteris

76 510 264 580 quaquam
288 486 382 554 tollit
398 487 576 576 legitimos
599 501 822 573 contractus,
854 492 916 558 sed
939 491 994 559 lex
1016 490 1065 558 ibi

12 618 26 659 e
76 589 272 681 repetitur,
300 612 391 682 quae
407 585 577 682 prohibet
590 590 727 684 aliquid
741 592 834 660 ultra
851 606 982 661 sortem
1001 617 1066 683 po-

10 720 29 761 u
76 694 233 776 stularc‚
260 691 404 760 ratione
427 693 673 763 nrntnationis.
736 693 834 763 Ilaec
862 696 1063 765 testimonia

10 850 20 879 ,
76 796 292 876 ostendunt,
313 794 390 884 lege
407 795 528 864 divina
541 793 727 886 prohiberi
747 798 958 888 petitionem
982 824 1065 870 usu-

10 926 20 969 1
74 922 216 968 rarum.
264 895 397 993 ΗΜ)
420 900 624 967 confirmati
647 901 858 985 autoritate,
882 914 1005 992 postea
1030 915 1065 971 et

75 1001 257 1069 rationem
273 1001 475 1070 naturalem
492 1001 767 1072 consideremus.

17 1135 27 1177 1
181 1102 442 1172 Universaliter
461 1103 559 1174 Deus
583 1104 621 1172 in
644 1104 883 1176 contractibus
905 1128 1062 1175 necessa-

10 1238 24 1281 ι
73 1204 142 1274 riis
165 1205 301 1274 servari
316 1206 393 1274 vutt
414 1208 687 1301 aequalitatem,
719 1233 764 1276 ne
789 1233 860 1277 una
882 1221 984 1300 parte
1004 1233 1062 1276 ex-

18 1342 29 1381 t
72 1302 218 1391 hausta,
243 1321 278 1377 et
287 1310 386 1376 fame
399 1323 535 1393 necata,
559 1310 742 1400 saginetur
757 1312 880 1381 altera.
922 1311 970 1379 Et
984 1312 1061 1404 qui-

10 1444 27 1487 ,ι
57 1412 160 1480 -dem
180 1407 274 1479 hanc
299 1412 347 1479 ob
370 1435 512 1481 causam
535 1413 652 1482 sanxit
673 1412 770 1483 Deus
796 1415 1061 1507 aequalitatem,

10 1522 26 1590 1
68 1526 119 1583 ut
139 1536 206 1582 uos
230 1515 543 1598 commonefaciat,
585 1516 624 1583 in
656 1514 734 1606 ipso
758 1517 865 1584 etiam
889 1517 1059 1586 iustitiam

14 1650 26 1715 p
72 1616 329 1709 aequalitatem
356 1641 441 1686 esse.
508 1615 582 1685 lam
604 1618 643 1685 in
665 1619 782 1689 usuris
804 1644 879 1688 non
899 1631 1061 1689 seruatur

16 1730 25 1797 Ι
70 1718 285 1812 aequalitas,
305 1720 390 1812 quia
405 1743 479 1789 una
493 1744 576 1811 pars
590 1721 703 1790 multo
719 1724 798 1813 plus
813 1723 941 1815 recipit
953 1747 1060 1815 quam

15 1858 25 1922 .'
71 1822 193 1904 dedit,
219 1834 259 1890 ut
279 1823 369 1892 darn
390 1835 538 1905 mutuo,
567 1824 695 1915 recipit
716 1837 868 1908 sortem,
897 1838 1062 1919 quaeest

10 1938 23 2003 ἰ
71 1923 235 2016 aequalis
250 1936 388 1996 mutuo.
438 1925 577 1994 Deinde
591 1927 743 2018 amplius
765 1929 893 2020 accipit
916 1954 982 2019 pro
1006 1928 1060 1995 ni-

10 2064 22 2106 t
69 2022 171 2109 hilo,
198 2027 330 2096 scilicet
342 2052 488 2111 usuras,
514 2042 550 2096 et
562 2029 742 2099 interdum
758 2056 917 2122 magnas.
977 2032 1060 2101 Non

10 2168 17 2208 s
71 2129 185 2220 igitur
198 2144 361 2200 servatur
375 2131 589 2224 aequalitas,
611 2135 671 2202 sed
695 2159 766 2204 una
790 2160 873 2225 pars
898 2131 1060 2203 cxltauri-

10 2262 21 2313 1
70 2245 153 2314 tur,
186 2245 227 2301 ut
248 2257 305 2304 res
325 2233 400 2326 ipsa
426 2235 603 2318 ostendit,
646 2237 812 2307 omnibus
839 2238 1060 2329 temporibus

71 2330 263 2405 exhaustos
280 2361 352 2406 esse
370 2337 503 2406 multos
522 2334 686 2408 homines
707 2342 873 2421 foenore,
900 2353 934 2407 et
956 2364 1060 2429 saepe

69 2449 168 2506 totas
192 2452 312 2528 gentes
343 2440 389 2506 ad
419 2439 579 2530 inopiam
605 2442 777 2511 redactas.
843 2441 1060 2534 Plerumque

67 2541 170 2608 enirn
196 2539 341 2622 accidit,
370 2551 411 2609 ut
436 2540 512 2609 sine
534 2544 643 2610 modo
670 2544 896 2612 cumulentur
920 2568 1060 2626 usurae,

10 2678 22 2720 Ι
66 2643 173 2735 quod
200 2666 280 2710 cum
307 2643 363 2725 fit,
399 2665 540 2712 necesse
574 2657 626 2714 cst
655 2646 804 2715 alteram
840 2659 978 2738 partem
1003 2672 1060 2714 ex-

10 2774 18 2821 1
64 2741 226 2814 hauriri.

10 2862 14 2867 '
174 2845 250 2916 Etsi
284 2858 422 2929 antem,
462 2860 503 2918 ut
531 2848 624 2933 dixi,
662 2850 719 2919 lex
743 2850 865 2920 divina
891 2847 1061 2944 probibet

10 2990 15 3027 ·,
66 2948 220 3042 pacisci,
260 2961 381 3040 petere
405 2962 440 3019 et
460 2951 620 3043 accipere
644 2977 788 3038 usuras,
829 2948 892 3024 seu
912 2978 1059 3046 magnas

67 3077 134 3123 seu
150 3076 291 3143 parvas,
313 3065 434 3121 tamen
447 3055 702 3145 gubernatores
718 3053 862 3142 ethnici,
888 3082 969 3126 cum
984 3082 1059 3125 non

10 3214 14 3231 ,
67 3167 217 3247 possent
234 3178 293 3224 eas
306 3157 456 3224 omnino
477 3152 689 3247 prohibere,
715 3160 809 3249 leges
835 3160 994 3229 tulerunt
1015 3162 1058 3228 de

10 3306 12 3313 -
68 3282 196 3327 earum
213 3259 474 3328 moderatione.
525 3259 572 3327 Et
586 3262 679 3352 leges
696 3262 854 3332 Graecae
874 3276 910 3330 et
924 3263 1059 3331 Roma·

67 3384 139 3429 nae
170 3360 411 3450 permiserunt
444 3362 592 3453 singulis
623 3365 807 3436 mensibus
839 3367 882 3434 de
917 3379 1056 3434 centnm

66 3463 226 3554 pendere
242 3488 375 3547 unum,
402 3466 498 3534 etde
524 3478 666 3534 centum
689 3467 836 3538 florenis
860 3493 934 3537 ttno
961 3493 1057 3537 anno

66 3565 259 3635 duodecim
276 3591 416 3637 aureos.
465 3567 563 3636 llaec
578 3590 687 3638 usura
709 3571 919 3640 nominatur
941 3584 1057 3641 cente-

65 3669 160 3738 sima
174 3669 272 3759 apud
288 3669 446 3740 Graecos
472 3684 507 3739 et
531 3673 627 3762 apud
642 3670 811 3758 Latinos,
838 3673 920 3766 quia
942 3686 1057 3742 cente-

65 3771 162 3842 simo
185 3796 307 3840 mense
331 3785 462 3866 aequat
483 3786 637 3857 sortem,
675 3789 709 3844 et
731 3773 827 3846 hunc
853 3802 1057 3860 nnmerum,

66 3874 234 3943 videlicet
261 3876 489 3945 centesimam
519 3902 684 3961 usuram,
721 3879 914 3948 nominant
943 3904 1055 3951 assem

64 4000 259 4047 usurarum
272 3976 331 4071 ⁸⁸).

170 4078 270 4148 llaro
292 4092 409 4150 autem
431 4081 580 4151 avaritia
608 4084 876 4152 foeneratorum
911 4083 1057 4154 contesi-

64 4181 137 4252 mis
155 4195 321 4253 contenta
341 4182 420 4253 fuit.
479 4181 563 4252 ldeo
586 4185 643 4254 lex
665 4210 770 4278 saepe
797 4200 969 4255 renovata
993 4198 1056 4269 est,

63 4298 108 4354 ut
135 4296 275 4356 tantum
300 4287 490 4355 centesima
515 4289 734 4371 solveretur,
765 4288 856 4358 sieut
875 4287 1056 4371 Lucullus,

66 4387 214 4472 Cicero,
239 4386 349 4457 lulius
365 4387 432 4482 ⁸⁴),
464 4389 666 4479 Augustus,
700 4387 792 4459 banc
816 4392 929 4483 legem
950 4416 1056 4459 reno-

64 4502 210 4561 varunt.
259 4490 421 4582 Apparet
436 4506 555 4561 autem
571 4517 613 4560 ex
629 4490 801 4563 Nelremia
825 4491 917 4564 ltanc
942 4493 1054 4585 ipsam

63 4594 181 4684 legent
199 4597 243 4663 de
258 4595 470 4678 centesima,
498 4596 585 4665 etin
604 4596 756 4687 imperio
775 4597 998 4690 Babylonico
1014 4621 1055 4665 ac

62 4695 211 4767 Persico
239 4696 279 4765 in
309 4722 378 4767 usu
399 4699 524 4782 fuisse,
559 4723 600 4767 ac
622 4697 721 4768 iubet
739 4697 932 4770 Neltemias
953 4701 1056 4769 reddi

99 4966 150 5028 82)
169 4966 242 5027 flac]
262 4964 303 5015 sic
320 4962 388 5015 nan.
410 4965 502 5028 test,
522 4965 643 5015 sauzet
663 4965 753 5025 166ος
777 4966 825 5015 Ed.
844 4969 918 5021 taso.
937 4971 984 5019 Ac.

98 5053 151 5112 88)
168 5051 247 5103 conf.
272 5050 322 5102 W.
348 5051 547 5101 Wacttstuutb:
584 5052 759 5100 ttetteutsebe
783 5053 1053 5108 Attertburnsttunde.

135 5120 163 5171 2.
176 5123 263 5183 Ausg.
281 5119 328 5168 ut.
342 5119 375 5169 n.
392 5133 417 5180 p.
436 5122 494 5170 184.
519 5122 547 5168 et
570 5121 614 5172 ΔΙ.
632 5120 733 5170 Adam:
758 5120 904 5170 flandbnctt
931 5125 980 5171 der
1005 5126 1053 5173 rit-

134 5188 478 5322 :tqqtpepqpttertbtimen
511 5188 601 5241 utera
619 5200 674 5240 von
692 5191 719 5241 J.
738 5190 769 5240 b.
788 5191 895 5254 Meyer.
926 5192 1003 5243 11111111
1020 5194 1052 5245 ll.

97 5347 150 5406 81)
167 5343 255 5395 lutto·
273 5344 388 5395 cresce.

1118 488 1385 557 consuetudinis
1403 489 1516 558 lucem
1534 490 1648 557 adfert
1665 491 1760 559 dicto
1783 492 1820 558 in
1844 492 1938 559 libro
1955 489 2102 559 Esdrac.

1117 591 1285 684 Sequitur
1301 616 1386 681 ergo
1402 591 1596 660 conclusio:
1624 591 1713 661 Cum
1730 619 1855 663 usuras
1872 594 2033 684 {accipere
2051 591 2104 660 in·

1116 694 1248 763 iustum
1266 693 1332 777 sit,
1358 694 1640 778 restitutionem,
1674 698 1818 788 qnando
1837 696 2015 788 possibilis
2039 707 2103 776 est,

1115 799 1232 866 facere
1255 821 1396 866 necesse
1419 810 1489 881 est,
1533 797 1616 890 quia
1641 799 1755 867 donec
1779 800 1908 893 aliquis
1932 798 2045 869 sciens
2067 808 2104 864 et

1116 901 1238 970 volens
1267 899 1398 969 retinet
1423 925 1480 969 res
1509 900 1664 983 alienas,
1706 902 1879 992 tantisper
1899 915 2022 985 animet
2043 900 2102 968 fur

1114 1028 1176 1072 seu
1195 1016 1333 1095 raptor.
1385 1002 1567 1093 Scriptunf
1583 1015 1634 1071 est
1649 1017 1766 1072 autem
1784 1029 1802 1072 a
1819 1004 1934 1074 Paulo
1955 998 2102 1097 (Ephes.

1115 1104 1151 1188 4,
1172 1105 1270 1201 28.):
1307 1106 1379 1197 Qui
1399 1107 1537 1175 furatus
1559 1118 1631 1189 est,
1665 1107 1832 1198 deinceps
1857 1132 1932 1175 non
1953 1109 2101 1175 furetur.

1113 1207 1207 1277 Hinc
1220 1209 1341 1299 regula
1360 1220 1502 1299 sumpta
1519 1222 1588 1292 est,
1614 1234 1706 1302 quae
1723 1234 1807 1278 vera
1830 1223 1881 1279 est
1905 1210 2026 1278 ‹lextre
2048 1207 2102 1274 in·

1114 1312 1271 1393 tellecta,
1298 1313 1341 1378 de
1355 1311 1581 1379 restitutione
1600 1311 1760 1380 facienda
1786 1309 2013 1394 hominibus,
2040 1308 2104 1402 qui

1113 1413 1243 1482 iniuria
1260 1413 1376 1481 allecti
1390 1426 1490 1482 sunt:
1510 1414 1700 1484 Peccatum
1718 1440 1792 1483 non
1808 1416 2016 1497 remittitur,
2033 1411 2103 1481 nisi

1113 1516 1272 1585 ablatum
1288 1516 1508 1586 restituatur.

1112 1688 1171 1757 An
1187 1690 1356 1758 usitatus
1376 1692 1614 1772 contractus,
1641 1689 1680 1755 in
1707 1709 1774 1778 quo
1797 1693 1936 1758 emitur
1954 1681 2101 1778 fundus

1113 1800 1183 1861 eut
1204 1786 1374 1876 reditus,
1417 1811 1503 1860 cum
1533 1796 1645 1881 pacto
1677 1786 1724 1858 de
1752 1789 2004 1879 recondendo,
2047 1793 2101 1860 stt

1282 1894 1433 1978 licitas,
1475 1889 1542 1962 ient
1568 1913 1619 1960 an
1642 1893 1694 1960 sit
1718 1897 1929 1964 usurarius.

1211 2026 1319 2096 Anno
1354 2023 1463 2099 1525.
1501 2026 1631 2095 alicubi
1667 2026 1849 2097 classicum
1884 2025 2101 2096 seditionum

1112 2143 1216 2198 erant
1238 2130 1411 2200 clamores
1436 2130 1684 2213 indoctorum,
1725 2130 1789 2224 qni
1812 2129 2102 2198 vociferabantur

1112 2233 1188 2301 sine
1224 2232 1446 2316 discrimine,
1497 2232 1633 2301 reditus
1673 2234 1935 2327 qualescunque
1974 2253 2101 2300 usuras

1113 2334 1254 2429 esse⁸³).
1305 2335 1484 2404 Adversus
1499 2330 1594 2403 huuc
1610 2358 1769 2403 errorem
1786 2360 1926 2404 necesse
1948 2335 2016 2402 fuit
2038 2336 2101 2400 do-

1113 2461 1190 2503 cere
1207 2437 1366 2506 saniores
1388 2439 1430 2505 de
1453 2436 1658 2505 discrimine
1679 2439 1946 2507 mutuationum
1971 2451 2007 2505 et
2028 2460 2101 2504 cm-

1112 2539 1299 2631 ptionum,
1325 2552 1360 2607 et
1383 2539 1542 2620 ostendi,
1569 2562 1660 2630 quae
1685 2539 1757 2607 sint
1778 2564 1926 2621 usurae,
1954 2553 1989 2607 et
2008 2562 2100 2630 quae

1112 2666 1187 2709 non
1212 2641 1303 2724 sint,
1339 2641 1421 2734 quia
1454 2664 1684 2734 nequaquam
1715 2666 1842 2725 usura,
1879 2642 1935 2708 vel
1959 2664 2100 2720 usurae,

1112 2742 1237 2813 similis
1252 2756 1304 2813 est
1318 2767 1422 2835 ager,
1446 2745 1504 2812 vel
1518 2744 1652 2813 reditus
1669 2769 1711 2812 ex
1726 2768 1812 2833 agro
1828 2755 1987 2835 emptus,
2008 2742 2036 2810 si
2055 2741 2101 2811 sit

1112 2872 1195 2914 sera
1214 2847 1366 2939 emptio,
1393 2859 1428 2914 et
1450 2847 1656 2915 discrimina
1678 2858 1761 2916 sunt
1777 2869 1881 2931 vera,
1909 2858 1943 2914 et
1966 2870 2100 2938 nequa·

1113 2975 1221 3043 quarn
1243 2946 1447 3041 sophistica.
1515 2946 1598 3017 ldeo
1622 2963 1662 3017 ut
1687 2951 1855 3019 adversus
1881 2949 2099 3040 periculosos

1112 3076 1271 3133 errores,
1299 3066 1334 3120 ct
1349 3065 1471 3121 contra
1488 3053 1702 3121 seditionum
1726 3053 1866 3123 classica
1890 3052 2100 3121 trutinantur

1111 3155 1280 3237 studiosi,
1307 3155 1443 3251 aliquid
1459 3158 1501 3223 de
1516 3157 1756 3225 contractibus
1775 3155 1964 3224 dice1ultnn
1986 3166 2047 3223 est.

1211 3258 1375 3327 Primum
1391 3271 1509 3328 antem
1526 3254 1583 3327 hic
1598 3258 1779 3327 sciendum
1798 3272 1860 3342 est,
1877 3271 1948 3326 tres
1966 3259 2099 3327 fortnas

1111 3384 1184 3429 csse
1201 3373 1448 3430 contractuum
1466 3361 1739 3452 redemptionis,
1766 3363 1809 3428 ‹lc
1827 3360 1956 3453 ‹pribus
1978 3361 2099 3450 ‹lispu-

1111 3474 1238 3533 tamus.
1289 3463 1413 3531 Prima
1430 3465 1545 3531 forma
1564 3476 1634 3545 est,
1662 3465 1806 3557 quando
1832 3463 1963 3530 emitur
1983 3474 2099 3532 certus

1109 3567 1240 3635 fundus
1254 3592 1334 3635 cum
1352 3578 1456 3658 pacto
1473 3569 1516 3635 de
1531 3567 1772 3636 retundendo.
1805 3566 1966 3636 Secunda
1982 3567 2099 3633 forma

1110 3680 1162 3736 est
1177 3664 1260 3738 huic
1276 3669 1419 3753 similis,
1441 3672 1586 3764 quando
1610 3669 1740 3739 entitur
1764 3682 1879 3738 certus
1904 3668 2039 3738 reditus
2061 3669 2099 3735 in

1108 3773 1221 3840 fttndo
1237 3785 1345 3842 certo.
1375 3773 1451 3841 llae
1467 3775 1558 3842 duae
1575 3774 1713 3841 formae
1729 3787 1812 3841 snut
1827 3797 1932 3840 verae
1948 3771 2099 3861 emptio-

1108 3898 1182 3943 nes.
1246 3875 1366 3966 Quare
1401 3872 1440 3944 hi
1473 3888 1674 3945 contractus
1707 3901 1782 3944 non
1815 3889 1898 3944 sunt
1931 3872 2098 3943 usin-arii.

1109 3977 1200 4047 Nam
1219 4002 1327 4048 usura
1352 3978 1480 4047 accidit
1502 3979 1739 4062 nuttttationi‚
1773 4001 1848 4045 non
1873 3977 1998 4045 accidit
2024 4001 2098 4042 11111-

1109 4079 1236 4172 ptioni.
1287 4080 1370 4150 Non
1387 4094 1439 4151 est
1453 4106 1580 4165 usura,
1607 4107 1687 4150 cnm
1704 4082 1837 4149 fructus
1861 4079 1955 4171 agri,
1990 4102 2098 4172 quem

1108 4182 1239 4251 usitato
1274 4184 1345 4251 emi
1379 4183 1517 4275 pretio,
1554 4194 1726 4273 superant
1766 4182 1872 4271 pretii
1906 4207 2098 4263 summam,

1108 4297 1257 4376 proptor
1280 4286 1552 4357 diuturnitatem
1581 4283 1826 4377 possessionis.
1885 4284 1959 4354 bec
1987 4310 2096 4354 usura

1110 4400 1181 4472 est,
1206 4387 1237 4457 si
1255 4402 1415 4481 emptum
1430 4414 1556 4479 agrum
1572 4412 1695 4458 rursus
1711 4389 1865 4455 vendam
1888 4387 1941 4455 illi
1963 4387 2050 4480 ipsi,
2077 4413 2097 4454 a

1109 4516 1180 4584 quo
1199 4516 1280 4560 enu.

1209 4593 1278 4662 Sed
1303 4587 1361 4658 ltic
1384 4590 1606 4680 disputatur,
1640 4616 1685 4659 an
1718 4592 1798 4662 talis
1827 4606 2030 4662 corttractus
2052 4593 2099 4661 sit

1108 4719 1192 4763 vera
1216 4695 1362 4786 emptio.
1429 4693 1580 4763 Videtur
1603 4695 1698 4763 enim
1722 4695 1881 4765 conditio
1905 4699 1948 4765 de
1973 4720 2099 4764 reveu-

1107 4797 1226 4865 ‹lendo
1249 4796 1443 4888 impedire,
1471 4823 1542 4891 quo
1568 4799 1687 4867 minus
1710 4811 1852 4891 etttptor
1876 4824 1959 4867 vere
1982 4798 2099 4867 ‹lomi-

1107 4924 1173 4968 nus
1189 4901 1270 4983 stat,
1297 4926 1377 4969 curn
1393 4926 1467 4968 non
1482 4901 1587 4969 liceat
1603 4901 1635 4969 ei
1652 4927 1726 4970 rem
1744 4904 1955 4986 transferre,
1983 4905 2042 4971 sed
2061 4901 2098 4970 in

1106 5014 1282 5094 potestate
1294 5003 1491 5075 venditoris
1506 5016 1558 5073 est
1574 5028 1652 5073 cam
1669 5008 1768 5074 adse
1784 5002 1979 5076 retrahere.
2013 5002 2099 5073 Ideo

1106 5105 1217 5199 aliqui
1248 5107 1487 5190 contendunt,
1522 5102 1589 5177 hos
1619 5119 1821 5178 contractus
1852 5121 1991 5178 tantum
2024 5132 2099 5178 csse

1108 5258 1306 5279 ...u-...—

1137 5340 1186 5408 85)
1205 5342 1287 5395 cont.
1306 5358 1334 5406 p.
1349 5345 1408 5396 tat.
1427 5343 1547 5396 11011111.
