4544 5766
731 214 734 219 ’
789 214 911 289 PBH..
939 202 1052 288 MEL'.
1085 210 1285 288 SCRIPTA
1311 202 1652 285 anomdtca:
2146 205 2226 292 860

218 391 363 474 sticum,
389 403 472 460 tunc
487 390 608 458 deberi
623 390 966 483 compensationem,
1000 391 1038 459 id
1062 402 1133 473 est,
1165 388 1194 460 si
1246 386 1343 470 dari,
1370 386 1453 480 quia
1469 386 1527 455 ille
1541 386 1685 456 tenuior
1698 406 1818 456 carere
1833 410 1897 457 suo
1912 412 1987 457 nou
2007 401 2125 481 potest
2148 391 2226 462 sine

219 494 298 587 quis
315 496 488 562 efficacem
507 517 646 562 causam
663 493 785 562 damni
799 495 946 565 dederit.
996 492 1061 563 Est
1077 504 1194 562 autem
1246 490 1493 573 incommodo,
1517 501 1552 559 et
1566 502 1716 559 autnon
1730 491 1955 562 constituitur
1970 505 2108 585 tempos
2131 493 2228 564 solu-

218 596 393 665 mutuatio
422 596 493 663 iam
521 595 769 682 discernenda,
811 598 921 667 altera
945 610 999 669 est
1029 596 1196 680 officiosa,
1246 592 1353 661 tionis
1385 606 1540 676 certum,
1582 592 1775 663 ant-nimis
1796 594 1956 683 longum.
2020 595 2087 666 llic
2111 597 2229 666 mani·

218 701 328 768 altera
345 711 396 768 est
412 700 596 769 damnosa.
1244 697 1371 765 festum
1400 707 1453 765 est
1480 695 1739 766 mutuationem
1774 696 1876 766 alteri
1904 701 2112 769 damnosam
2142 725 2230 771 esse.

318 786 564 883 Mutuatio,
586 822 676 895 quae
700 801 844 892 proprie
865 800 1018 870 officium
1041 814 1110 884 est,
1145 811 1196 869 est
1246 798 1295 867 Ut
1313 810 1431 866 autem
1446 797 1622 867 mutuatio
1637 822 1711 866 non
1725 799 1828 867 debet
1851 824 1923 872 esse
1947 803 2103 892 captatio
2124 802 2229 888 lucri,

219 930 297 973 cum
329 901 498 994 honestus
527 899 637 972 bomo
672 897 821 972 honesto
851 899 991 972 homini
1023 903 1194 994 indigenti
1245 901 1294 970 sic
1314 900 1414 968 danti
1435 912 1559 970 mutuo
1586 925 1661 969 non
1682 902 1785 970 debet
1808 926 1882 971 esse
1901 905 2050 975 damno.
2102 902 2153 974 Et
2174 904 2229 975 in·

217 1009 263 1075 ad
292 1003 459 1076 honestas
490 1030 610 1076 causas
638 1004 701 1072 dat
729 1019 853 1075 mutuo
877 1008 983 1075 talem
1006 1031 1194 1089 summam,
1246 1003 1377 1073 iustum
1402 1015 1453 1073 est
1475 1004 1564 1072 velle
1586 1003 1794 1095 locupletari
1817 1030 1896 1074 cum
1916 1006 2048 1076 iniuria
2071 1007 2229 1082 alterius.

218 1134 287 1202 qua
305 1110 380 1180 sine
395 1108 546 1177 notabili
562 1106 774 1177 detrimento
791 1134 855 1177 suo
869 1133 987 1178 carere
1002 1122 1134 1201 potest,
1162 1121 1195 1177 et
1245 1103 1285 1173 ln
1311 1106 1373 1174 tali
1393 1130 1477 1175 casu
1498 1105 1587 1176 iuste
1612 1106 1747 1196 petitur
1769 1106 1956 1192 interesse,
1981 1109 2018 1178 id
2033 1124 2105 1196 est,
2131 1136 2229 1182 com-

214 210 289 287 679

218 1212 400 1282 constitnit
433 1223 566 1281 certum
595 1210 786 1279 terminum
809 1212 1015 1296 solutionis,
1051 1225 1086 1281 et
1107 1212 1195 1280 acci·
1245 1209 1406 1299 pensatio
1422 1209 1564 1292 damni,
1587 1208 1760 1278 mediocri
1776 1210 2031 1282 aestimatione.

217 1316 337 1406 piens,
357 1316 451 1383 bona
467 1314 535 1382 fide
550 1313 666 1382 reddit
685 1314 890 1382 intermino
913 1316 1122 1399 constituto,
1155 1326 1196 1382 ut

220 1416 353 1486 Tobias
375 1419 437 1485 dat
457 1416 630 1509 indigenti
643 1416 780 1485 Gabelo
802 1429 927 1486 mutuo
945 1419 992 1489 10
1014 1420 1145 1487 talenta
1162 1429 1196 1485 et

216 1519 342 1610 recipit
356 1515 617 1612 syngrapham,
641 1531 675 1587 et
696 1519 724 1589 is
744 1520 954 1588 tantundem
970 1521 1106 1604 reddit,
1131 1543 1196 1587 nec

217 1617 435 1716 ampliusu).

318 1722 372 1793 De
387 1720 453 1793 hac
470 1720 624 1792 officiosa
646 1722 872 1792 mutuatione
893 1724 1100 1816 simpliciter
1124 1747 1196 1792 ser-

217 1828 373 1896 vandum
390 1840 441 1896 est
462 1826 595 1894 dictum
618 1822 719 1916 (Luc.
736 1824 770 1908 6,·
788 1822 881 1919 35.):
915 1827 1080 1896 Mutuum
1104 1826 1196 1906 date,

216 1927 307 1998 nihil
320 1930 402 1997 inde
415 1941 606 2020 sperantes.
658 1925 836 2019 Loquitur
857 1928 951 1997 enim
972 1926 1130 1998 Christus
1153 1928 1196 1995 de

217 2034 333 2102 officio
349 2033 441 2113 inter
462 2030 572 2112 cives,
598 2027 687 2097 sicut
707 2028 763 2096 lex
776 2029 885 2100 Moisi
906 2044 988 2100 ante
1011 2054 1197 2123 praecepe-

216 2148 298 2205 rat·
337 2133 513 2204 Credibile
531 2144 583 2202 est
599 2131 729 2200 multos
743 2127 891 2203 ludaeos
911 2159 976 2203 nec
1000 2134 1080 2226 erga
1105 2133 1196 2203 cives

217 2262 373 2308 servasse
395 2237 498 2327 leges.
555 2224 721 2302 Retrahit
744 2231 851 2325 igitur
866 2232 1027 2308 Christus
1047 2260 1129 2307 suos
1153 2237 1196 2304 ad

217 2366 342 2410 vocem
366 2340 462 2433 legis.
521 2336 568 2406 Et
584 2332 692 2405 babet
709 2335 765 2404 lex
786 2337 963 2409 rationem
985 2340 1197 2409 naturalem.

217 2443 384 2513 Officium
396 2444 498 2538 quod
521 2440 644 2510 volens
668 2437 762 2509 ultro
785 2455 942 2530 praestat
961 2443 1038 2513 siue
1057 2466 1122 2513 suo
1143 2441 1197 2508 in·

218 2548 427 2630 commodo,
453 2567 680 2639 nequaquam
700 2541 804 2610 debet
820 2567 893 2614 esse
911 2547 1063 2637 captatio
1086 2543 1195 2613 lucri:

218 2651 305 2718 dans
321 2662 446 2719 mutuo
464 2648 586 2716 volens
600 2646 676 2714 sine
690 2668 754 2714 suo
771 2644 1020 2733 incommodo,
1046 2672 1087 2716 ac
1109 2647 1197 2715 reci-

214 2752 317 2844 piens
338 2754 384 2820 ad
406 2765 542 2820 certum
565 2761 704 2839 tempus
725 2761 898 2840 quantum
918 2753 1083 2833 dederat,
1121 2749 1198 2818 vult

217 2853 409 2925 existimari
425 2853 618 2932 officiosus,
645 2872 728 2938 ergo
744 2872 818 2918 non
840 2852 944 2920 debet
964 2853 1115 2944 amplius
1137 2875 1196 2942 pe-

215 2970 289 3026 tere
299 2957 361 3051 ¹⁵),
388 2954 522 3047 alioqui
538 2976 669 3021 nomen
687 2950 792 3019 officii
809 2956 1019 3024 transfertur
1044 2955 1089 3023 ad
1112 2953 1196 3023 insi-

216 3061 311 3142 dias,
339 3071 373 3127 'et
388 3059 434 3125 ad
449 3054 620 3124 avaritiae
635 3064 868 3144 praetextum.
918 3056 1004 3128 Vult
1018 3057 1126 3147 igitur
1141 3056 1196 3124 lex

213 3161 323 3231 Moisi
336 3161 430 3228 inter
446 3158 537 3227 cives
553 3152 621 3226 hoc
640 3153 792 3223 officium
807 3159 998 3247 gratuitum
1013 3183 1098 3244 esse,
1113 3159 1194 3254 quia

208 3264 300 3334 ‘civis
322 3264 360 3330 in
385 3259 704 3332 communicatione
729 3281 866 3343 rerum,
893 3287 985 3355 quae
1001 3262 1196 3332 communi-

216 3367 289 3435 cari
305 3377 471 3457 possunt,
496 3365 575 3456 plus
591 3360 764 3454 obligatus
789 3374 840 3431 est
858 3363 946 3448 civi,
972 3390 1079 3461 quam
1095 3389 1195 3457 pere-

215 3469 319 3560 grino
336 3482 371 3538 et
384 3464 497 3552 hosti,
524 3467 613 3538 sicut
635 3465 690 3534 lex
705 3462 900 3538 Deuteron.
918 3466 977 3552 15,
993 3469 1045 3564 (2.
1061 3468 1114 3562 3.)
1138 3492 1195 3536 ve-

214 3574 376 3641 tat‘anno
394 3571 429 3642 7.
445 3570 519 3663 peti
542 3568 699 3639 debitum
718 3592 737 3635 a
757 3568 849 3649 cive;
882 3575 943 3640 sed
964 3598 983 3640 a
1006 3571 1193 3665 peregrino

216 3698 376 3766 expresse
392 3674 561 3742 concedit.
611 3668 699 3740 ltem
715 3671 887 3764 praecipit
900 3675 1101 3745 Hebraeum
1123 3699 1194 3745 ser-

214 3803 297 3846 vum
315 3776 465 3858 dimitti,
490 3787 614 3843 natum
635 3773 672 3841 in
695 3774 761 3841 alia
785 3789 888 3864 gente
909 3802 984 3845 non
1008 3779 1195 3869 oportebat

213 3880 357 3950 dimitti.
408 3875 459 3946 lta
477 3878 588 3946 multa
613 3889 695 3946 sunt
723 3877 858 3960 officia,
892 3903 982 3972 quae
999 3878 1094 3950 Deus
1118 3882 1195 3950 vult

213 3984 305 4053 cives
315 3982 448 4051 civibus
463 3992 654 4070 praestare,
671 4001 762 4073 quae
776 4003 850 4047 non
866 4004 1004 4051 necesse
1021 3996 1073 4052 est
1084 3976 1193 4052 hosti-

211 4087 278 4156 bus
294 4099 356 4156 aut
368 4083 562 4177 peregrinis
577 4095 767 4174 praestare.
819 4082 892 4174 Qui
906 4083 1013 4174 igitur
1026 4085 1193 4180 utrinque

212 4202 294 4262 sunt
308 4190 469 4259 membra
484 4186 676 4269 Ecclesiae,
708 4185 779 4255 sint
793 4185 868 4255 sine
886 4190 1086 4278 captatione
1102 4189 1192 4257 lucri

212 4306 247 4362 et
255 4293 332 4362 sine
346 4314 468 4362 usura:
495 4302 535 4370 ut
550 4289 579 4359 si
594 4289 673 4380 pius
688 4284 797 4357 bomo
817 4312 895 4358 vere
912 4312 1015 4380 egens
1029 4291 1193 4382 petiverit

211 4395 257 4464 ab
274 4395 344 4463 alio
362 4394 440 4464 dari
455 4406 580 4462 mutuo
594 4394 813 4462 frumentum
840 4405 902 4463 aut
923 4394 1130 4484 pecuniam,
1157 4409 1192 4464 et

209 4521 285 4567 non
306 4522 409 4587 egens
433 4496 485 4563 illi
508 4496 645 4565 dederit
668 4508 792 4566 mutuo
808 4495 929 4567 volens
944 4508 979 4564 et
992 4509 1086 4566 certo
1102 4509 1190 4567 tem·-

209 4623 297 4694 pore
311 4598 505 4691 receperit,
528 4592 618 4667 niln‘l
631 4611 729 4690 petat
743 4598 913 4692 amplius,
938 4600 1021 4693 quia
1031 4597 1126 4671 Deus
1141 4602 1189 4672 sic

208 4700 382 4801 praecipit
399 4702 443 4770 de
459 4701 700 4787 mutuatione,
733 4716 898 4796 quaeest
920 4704 1073 4773 officium
1096 4703 1189 4774 iuter

1345 1310 1437 1380 Sunt
1450 1323 1485 1381 et
1499 1311 1739 1382 mutuationes
1758 1313 1971 1399 damnosae,
1997 1340 2077 1385 cum
2095 1315 2229 1407 princi-

1246 1437 1307 1504 pes
1336 1426 1462 1505 petunt
1490 1437 1656 1504 magnam
1688 1414 1875 1505 pecuniam
1898 1441 1919 1485 a
1944 1418 2114 1501 subditis,
2157 1443 2229 1514 qua

1246 1515 1322 1585 sine
1350 1516 1570 1586 detrimentis
1600 1517 1731 1586 subditi
1759 1541 1879 1587 carere
1907 1544 1982 1589 non
2011 1533 2162 1613 possunt
2195 1533 2231 1591 et

1247 1618 1344 1686 nulla
1360 1619 1579 1689 constituunt
1593 1631 1755 1710 tempora
1770 1622 1961 1707 reddendi,
1993 1649 2073 1694 cum
2096 1624 2144 1693 ad
2167 1647 2230 1693 na-

1247 1732 1364 1789 turam
1377 1719 1608 1791 motuationis
1620 1722 1796 1814 pertineat
1810 1724 1976 1796 constitui
1989 1739 2125 1798 certum
2142 1738 2230 1796 tem-

1247 1848 1312 1914 pus
1342 1824 1388 1892 ad
1416 1825 1647 1895 reddendum.
1696 1824 1802 1896 Tales
1830 1829 2069 1900 mutuationes
2096 1829 2228 1902 similes

1246 1937 1329 1995 sunt
1354 1925 1408 1994 illi
1425 1928 1564 2017 generi,
1590 1928 1633 1995 de
1650 1954 1722 2021 quo
1736 1928 1793 1998 lex
1808 1929 1927 1999 divina
1942 1931 2124 2025 loquitur,
2149 1957 2227 2003 cum

1248 2029 1408 2097 concedit
1424 2055 1549 2106 usuras
1571 2030 1644 2120 peti
1666 2055 1687 2098 a
1710 2032 1916 2123 peregrlnis.
1966 2034 2050 2106 Non
2064 2048 2118 2106 est
2133 2035 2228 2105 enim

1248 2130 1297 2199 ibi
1319 2130 1425 2201 officii
1451 2133 1564 2215 ratio,
1605 2132 1687 2226 quia
1719 2158 1785 2204 nec
1816 2136 1903 2206 dans
1930 2150 2055 2208 mutuo
2081 2162 2228 2230 prorsus

1247 2246 1372 2325 sponte
1395 2234 1433 2303 id
1456 2235 1556 2318 facit,
1595 2259 1661 2304 nec
1683 2236 1769 2306 facit
1794 2236 1943 2324 virtute,
1976 2253 2016 2310 ut
2037 2240 2090 2310 illi
2110 2240 2228 2333 egenti

1248 2361 1352 2428 opem
1368 2339 1477 2421 ferat,
1504 2350 1539 2406 et
1552 2337 1726 2430 accipiens
1745 2340 1858 2409 multo
1881 2341 1960 2433 plus
1985 2343 2091 2434 petit,
2117 2367 2227 2438 quam

1248 2453 1421 2533 qnantum
1437 2441 1512 2510 sine
1527 2442 1814 2532 compensatione
1838 2444 1926 2512 alter
1949 2447 2123 2516 sustinere
2145 2470 2226 2538 pos·

1248 2543 1303 2612 sit.
1356 2541 1454 2612 Talis
1469 2556 1668 2614 contractus
1684 2557 1777 2614 certe
1800 2570 1874 2614 non
1898 2559 1950 2616 est
1971 2548 2128 2620 officiosa
2150 2575 2225 2618 mu-

1247 2645 1380 2730 tuatio,
1405 2658 1446 2716 ut
1460 2646 1605 2740 quidam
1622 2648 1847 2738 disputarunt
1867 2674 1939 2720 esse
1963 2651 2225 2721 innominatum

1248 2761 1486 2818 contractum:
1526 2747 1584 2817 Do
1606 2761 1646 2819 ut
1669 2752 1748 2833 des,
1784 2751 1867 2844 quia
1890 2747 1958 2821 boc
1981 2756 2099 2838 deest,
2132 2756 2225 2848 quod

1247 2853 1292 2918 ad
1311 2863 1478 2920 naturam
1499 2852 1731 2923 mutuationis
1753 2853 1924 2944 pertinet,
1959 2869 2000 2926 ut
2022 2858 2069 2926 ad
2092 2869 2224 2928 certum

1247 2964 1386 3045 tempus
1401 2978 1477 3025 sors
1493 2956 1673 3024 reddatur.

1348 3055 1437 3125 Cum
1455 3069 1573 3126 autem
1596 3057 1730 3148 petitur
1752 3059 1993 3150 compensatio
2015 3062 2159 3146 damni,
2183 3060 2224 3132 sit

1247 3157 1445 3228 aestimatio
1476 3159 1665 3229 mediocris
1694 3159 1853 3230 restricta
1881 3163 2035 3254 legibus,
2068 3189 2147 3235 non
2167 3188 2223 3256 pe·

1246 3272 1367 3330 tantur
1381 3261 1589 3332 centesimae
1611 3262 1890 3334 aut'tricesimae
1913 3278 1975 3336 aut
1996 3291 2126 3338 usurae
2147 3291 2224 3338 usu-

1246 3377 1365 3433 raru'm
1383 3376 1448 3435 etc.

1346 3467 1446 3538 Alius
1462 3481 1514 3537 est
1529 3481 1728 3556 contractus
1742 3470 1930 3555 societatis,
1945 3498 2025 3542 cum
2039 3471 2132 3543 alius
2145 3497 2223 3542 con-

1244 3570 1314 3638 fert
1335 3570 1542 3662 pecuniam,
1584 3574 1674 3642 alius
1696 3597 1860 3663 operam,
1900 3587 1935 3644 et
1957 3574 2111 3646 vicissim
2139 3574 2223 3666 petit

1246 3673 1422 3743 collocans
1435 3675 1622 3766 pecuniam
1640 3688 1774 3745 certum
1791 3675 1943 3761 lucrum,
1962 3677 2010 3747 sic
2028 3691 2163 3762 tamen,
2187 3689 2223 3748 ut

1246 3788 1280 3844 et
1304 3776 1515 3846 damnorum
1545 3778 1590 3846 sit
1617 3777 1785 3860 societas,
1817 3803 1861 3848 ne
1884 3780 1929 3849 sit
1948 3780 2092 3849 leonina
2116 3780 2222 3851 socie·

1245 3877 1363 3974 tas¹⁰).
1414 3877 1514 3949 Talis
1534 3880 1683 3951 societas
1705 3893 1775 3961 est,
1803 3906 1882 3951 cum
1906 3883 2093 3975 opulentus
2117 3883 2222 3952 collo·

1244 3993 1300 4050 cat
1314 4005 1414 4051 suam
1435 3981 1642 4073 pecuniam,
1674 3996 1736 4053 aot
1757 3993 1891 4055 tutores
1915 3986 2091 4055 collocant
2108 3983 2221 4077 pupil-

1243 4083 1359 4152 lorum
1375 4083 1559 4175 pecuniam
1577 4087 1623 4155 ad
1639 4096 1751 4156 certas
1773 4088 1969 4178 emptiones
1992 4101 2026 4158 et
2048 4088 2222 4158 venditio

1243 4209 1325 4269 nes,
1349 4211 1427 4255 cum
1446 4201 1550 4278 pacto
1567 4188 1653 4258 certi
1664 4189 1754 4259 lucri
1770 4201 1835 4260 etc.

1341 4287 1514 4380 Expresse
1539 4291 1633 4361 enim
1654 4304 1689 4360 et
1711 4291 1748 4361 in
1763 4289 1892 4361 Codice
1919 4304 1954 4361 et
1973 4290 2012 4360 in
2028 4289 2222 4365 Institutio

1242 4389 1345 4463 nibus
1369 4393 1566 4485 approbata
1590 4408 1641 4466 est
1663 4388 1750 4465 baec
1769 4394 1938 4479 societas,
1979 4394 2017 4464 in
2039 4421 2110 4492 qua
2132 4397 2220 4466 alter

1242 4495 1377 4565 confert
1391 4497 1576 4587 pecuniam
1595 4509 1630 4566 et
1645 4498 1742 4567 salvo
1762 4497 1902 4589 capitali
1917 4497 2006 4589 petit
2026 4499 2118 4569 lucri
2141 4524 2221 4593 par·

1241 4608 1330 4681 tem,
1363 4598 1452 4669 alter
1477 4624 1603 4691 operas
1625 4602 1761 4672 confert
1770 4596 1826 4694 ¹⁷).
1891 4600 2007 4671 Verba
2027 4595 2118 4674 baec
2140 4616 2222 4674 sunt

1240 4699 1277 4768 in
1292 4696 1575 4774 Institutionibus
1585 4701 1647 4797 l⁸):
1681 4701 1774 4775 Nam
1802 4716 1837 4771 et
1857 4702 1906 4773 ita
1930 4702 2019 4772 coiri
2039 4730 2145 4796 posse
2167 4732 2220 4780 so·

209 4808 322 4889 cives,
350 4804 447 4898 quod
462 4804 567 4873 debet
583 4827 655 4873 esse
668 4807 861 4894 gratuitum
879 4818 914 4875 et
926 4805 1005 4876 sine
1017 4805 1164 4879 insidiis.
1239 4801 1400 4872 cietat'em
1422 4829 1498 4876 non
1520 4807 1723 4891 dubitatur,
1750 4817 1791 4878 ut
1813 4806 1902 4876 alter
1922 4807 2113 4897 pecuniam
2138 4833 2221 4880 con·

307 4907 387 4977 Alia
404 4919 455 4977 est
469 4908 640 4976 damnosa
656 4904 885 5003 mutuatio*),
906 4922 947 4978 ut
962 4934 1041 4979 cum
1054 4935 1188 4979 merca·
1236 4907 1345 4991 ferat,
1370 4908 1459 4976 alter
1473 4934 1548 4979 non
1565 4910 1743 4992 conserat,
1775 4906 1948 5004 tamenn)
1967 4911 2107 4982 lucrum
2126 4911 2219 4985 inter

208 5023 265 5080 tor
280 5034 299 5079 a
314 5009 475 5081 tenuiore
491 5009 579 5101 petit
594 5005 759 5100 magnam
774 5011 962 5102 pecuniam
976 5011 1043 5084 sibi
1059 5026 1184 5084 mutuo

209 5169 414 5183 -n—

243 5250 288 5313 11)
307 5252 371 5300 τοι.
387 5251 411 5314 1,
432 5250 472 5302 16.
492 5247 533 5301 17.
557 5251 584 5314 t,
602 5249 644 5301 21.

240 5357 288 5416 fo)
306 5357 416 5418 potore]
435 5353 561 5419 Protegg
580 5357 692 5418 typogr.
709 5365 823 5406 errore:
845 5364 953 5417 perere.

226 5455 262 5513 *J
275 5451 435 5517 mutuatio]
448 5427 598 5524 Prolegg.:
617 5455 742 5510 maudo.

1271 5126 1320 5186 tt}
1336 5126 1414 5178 cont.
1432 5138 1518 5192 snpra
1532 5140 1559 5192 p.
1570 5127 1633 5180 118.
1650 5127 1717 5177 nota
1727 5125 1755 5177 8.

1271 5212 1317 5280 17)
1336 5214 1415 5268 cont.
1435 5224 1520 5279 sopra
1536 5229 1562 5278 p.
1581 5214 1627 5263 141
1643 5226 1703 5277 sqq.
1721 5211 1774 5264 2³8
1787 5224 1848 5279 sqq.

1270 5297 1317 5367 18)
1336 5300 1426 5353 tnsttt.
1439 5301 1486 5352 nr.
1502 5302 1546 5354 tlt.
1557 5301 1600 5353 ὓ.
1619 5301 1653 5350 da
1669 5299 1826 5365 sociante,
1844 5299 1873 5362 ς.
1884 5298 1911 5354 2.
1929 5297 2009 5369 (cod.
2028 5298 2083 5357 fur.
2101 5301 2158 5357 clv.
2177 5303 2217 5355 ed.

1303 5373 1376 5422 neck
1393 5371 1423 5420 d'.
1435 5368 1456 5425 l.
1475 5369 1505 5420 P.
1514 5370 1539 5423 f.
1557 5383 1582 5432 p.
1593 5367 1661 5435 89.)

1268 5454 1315 5524 19)
1333 5455 1441 5516 umen]
1457 5449 1498 5506 sle
1515 5450 1662 5522 Prolegg.;
1686 5451 1715 5505 tn'
1726 5450 1824 5507 'Iusttt
1841 5432 1976 5518 scriptun
1990 5456 2050 5508 oste
2067 5458 2098 5509 et
2116 5458 2216 5510 meu.
