4544 5766
122 186 203 263 ott
454 188 497 266 Π.
546 188 896 267 ARGUMENTUM
925 189 992 267 ΕΤ
1016 188 1218 267 SCllOldA
1247 187 1308 267 ut.
1329 189 1517 267 onmem
1541 190 1800 271 CICERONIS.
2049 197 2127 277 018

250 358 315 421 lite
336 358 498 434 maome,
518 380 596 443 quse
617 365 707 443 ipsius
721 366 847 427 tuentis
866 382 938 429 turn
955 364 1128 444 prodierunt
1145 378 1273 446 eamque
1298 365 1335 427 ob
1352 383 1471 430 mutam
1489 368 1645 448 posumus
1664 372 1750 450 nost,
1766 369 1801 431 itt
1821 375 1907 452 parte
1924 385 2029 434 aversa
2049 370 2123 450 lolii,

126 441 202 524 qnod
220 445 440 545 inscdptionem
462 449 530 511 libri
546 452 694 526 conduct,
714 449 769 511 too
787 448 897 511 habent
918 467 1052 511 mammo
1855 464 1859 473 '

638 560 817 651 Phiiippus
844 562 1058 644 Engontinus
1079 561 1197 645 inopes
1216 560 1347 629 Secerii
1365 569 1402 628 in
1428 563 1611 636 Vandalus.

587 656 693 731 emon
714 670 764 748 qui
783 668 870 728 vuldo
898 670 1064 729 truculenta
1091 669 1220 748 perdere
1243 670 1328 730 cmde

631 754 671 814 Et
690 770 787 833 paene
807 754 837 811 in
859 754 1120 815 sterilemducere
1149 773 1281 834 quaeque
1302 756 1405 836 situm,

587 839 669 918 Heus
689 840 792 915 sinite,
814 850 848 898 ut
869 838 952 898 n'obis
972 840 1074 899 saltem
1094 852 1282 900 monumenta
1302 844 1449 923 supersint

631 925 716 993 Quae
741 942 800 983 non
821 923 937 1004 peiores
968 924 1094 985 reddere
1115 924 1192 984 lecta
1211 925 1318 987 solent.

584 1010 671 1081 Quid.
685 1026 820 1071 meruere
841 1008 907 1069 boni
926 1027 1026 1069 manes
1045 1010 1174 1089 mutique
1196 1008 1349 1091 maguni‘l

627 1091 686 1154 lsta
713 1103 819 1173 parant
845 1093 925 1153 robis
953 1096 1079 1175 turpiter
1098 1095 1243 1156 invidiam.

586 1181 670 1250 Quae
691 1179 776 1238 modo
797 1179 928 1239 certatim
948 1180 1045 1238 studio
1072 1178 1245 1241 damnantur
1272 1181 1370 1260 iniquo

628 1265 703 1324 Sunt
729 1265 797 1323 olim
825 1260 948 1343 pulchre
970 1264 1068 1325 sidere
1089 1277 1157 1324 nata
1177 1285 1240 1326 suo.

591 1349 651 1408 Cur
672 1367 747 1428 quae
769 1350 909 1409 durarunt
930 1349 1031 1429 longos
1051 1360 1166 1409 servata
1187 1367 1242 1429 per
1262 1367 1352 1410 annos

630 1433 721 1495 Nune
739 1435 859 1495 veniunt
878 1432 938 1493 fato
959 1434 1175 1514 praecipitanda
1196 1434 1293 1497 uoro'i

496 1578 501 1587 ,
588 1517 708 1578 Scilicet
735 1518 860 1579 infandis
889 1521 1000 1597 urgetis
1021 1520 1132 1578 casibus
1154 1522 1270 1595 orbem,

631 1604 707 1662 Dum
731 1605 851 1683 quisque
879 1623 919 1664 ex
945 1605 1040 1663 animo
1069 1605 1162 1665 saevit
1190 1606 1222 1665 iu
1244 1604 1372 1681 ingenia.

585 1686 707 1747 Cessare
728 1698 759 1748 et
779 1690 880 1749 studiis
907 1699 1041 1767 ereptum
1063 1688 1178 1749 reddite
1198 1690 1340 1749 honorem

548 1805 554 1817 ·
627 1773 757 1834 Ultrices
780 1772 913 1833 Nemesis
941 1792 981 1833 ne
1009 1773 1085 1834 lerat
1106 1774 1169 1853 ipsa
1189 1794 1303 1833 manus.

586 1860 630 1917 sn
654 1878 711 1917 nou
738 1858 790 1918 ille
812 1858 893 1918 dedit
914 1859 1027 1917 cirilem
1054 1859 1163 1918 ducere
1184 1860 1272 1918 vitam

628 1942 735 2002 Omnia
757 1941 806 2022 qui
825 1945 913 2021 pleno
934 1945 1053 2003 numine
1073 1945 1159 2002 corda
1187 1941 1303 2003 traltitl

585 2028 681 2087 Nemo
702 2029 790 2109 igitur
811 2030 930 2088 damnet
951 2041 1064 2088 cantata
1092 2029 1240 2089 volumina
1259 2024 1359 2108 Tulli,

630 2112 714 2180 Quae
736 2133 824 2192 porro
844 2114 961 2173 laudem
983 2132 1292 2174 commerueresuam.

585 2195 687 2275 thue
707 2198 834 2276 petenda
855 2198 948 2258 fluunt
969 2200 1058 2258 sacris
1077 2217 1095 2258 e
1116 2198 1260 2277 lontibus,
1292 2196 1371 2258 unde

630 2278 764 2341 lustituas
785 2282 870 2343 firma
891 2282 1045 2363 relligione
1071 2284 1170 2343 iidem.

522 2392 528 2401 ·
587 2366 730 2445 Dogmata
750 2369 791 2428 sie
812 2381 926 2428 nostros
946 2368 1073 2428 formant
1102 2369 1196 2428 cirilla
1217 2385 1330 2446 mores,

626 2451 667 2511 Et
687 2470 769 2512 sacer
791 2470 809 2512 e
830 2455 942 2531 superis
963 2454 1080 2531 spiritus
1098 2450 1155 2517 ista
1175 2453 1265 2512 dedit.

251 2552 459 2629 Argumentum
481 2560 513 2609 et
532 2549 641 2610 scholia
648 2554 785 2632 ,·quibus
805 2552 878 2612 illel.
899 2553 929 2609 in
959 2550 1004 2612 his
1032 2552 1204 2614 editionibus
1232 2552 1381 2613 Ciceronis
1409 2551 1448 2612 de
1475 2550 1576 2613 ciliciis
1597 2552 1684 2612 libros
1706 2550 1867 2627 enarravit,
1887 2568 1977 2629 saepe
2000 2552 2125 2631 repetita

119 2651 192 2699 sunt
215 2638 253 2696 ab
274 2636 357 2709 aliis,
378 2634 497 2713 quihus
520 2634 607 2693 libros
628 2650 677 2697 out
699 2637 773 2697 solos
793 2650 844 2696 aut
866 2656 932 2697 cum
953 2638 1101 2697 Ciceronis
1121 2639 1160 2697 de
1180 2638 1302 2697 amicitia
1322 2650 1352 2697 et
1373 2637 1411 2697 de
1432 2648 1584 2697 senectute
1604 2637 1683 2697 libris
1704 2651 1735 2697 et
1753 2636 1927 2715 paradoxis,
1949 2637 2124 2715 plerumque

121 2727 214 2785 etiarn
234 2740 301 2783 eum
327 2721 436 2781 somnio
458 2719 599 2799 Scipionis
621 2723 787 2781 coniunctos
807 2735 896 2799 atque
917 2724 1128 2783 commentariis
1140 2722 1298 2783 illustratos
1319 2718 1527 2804 ediderunt*).
1567 2721 1675 2805 Brioris
1688 2722 1805 2801 generis
1819 2719 1959 2780 editiones
1973 2720 2029 2780 hae
2042 2733 2124 2780 sunt:

254 2798 323 2869 Ἢ.
348 2800 385 2867 Τ.
408 2802 574 2866 Ciceronis
595 2800 721 2889 officia
750 2825 823 2867 cunr
850 2801 1120 2869 annotationibus
1149 2803 1286 2867 Erasni
1304 2816 1336 2868 et
1358 2802 1448 2867 Ptin.
1469 2801 1748 2885 miuncbtbonio.
1791 2801 1917 2882 Para,
1938 2800 2135 2866 excudetur·

294 2886 424 2952 Simoni
447 2884 597 2952 Coiinaeu
617 2888 808 2954 Luciooicuu
838 2888 993 2974 Cpnniua.
1016 2889 1109 2955 1530.
1131 2889 1277 2953 natur.
1318 2891 1350 2954 8.
1491 2950 1497 2961 ,

253 2978 318 3021 *-
359 2994 377 3035 0
394 2968 557 3053 siciornm
589 2973 645 3038 lib.
680 2972 753 3039 ΠΙ.
803 2973 920 3054 Opera
948 2987 982 3036 et
1008 2976 1187 3056 diligentia
1220 2934 1443 3061 ibcoiffgnngi
1477 2972 1671 3057 Anentoecij
1687 2995 1735 3035 en
1756 2975 1981 3039 uetustissimo
2002 2972 2125 3048 codice,

295 3063 364 3143 qui
376 3061 496 3121 nouitas
516 3080 630 3123 annos·
642 3066 678 3123 in
700 3057 857 3125 Caecubis
877 3062 924 3127 11.
944 3059 1131 3127 Huldriclti
1151 3062 1325 3143 Augustae
1346 3061 1488 3137 delituit,
1508 3063 1701 3145 piusquam,
1720 3065 1758 3121 in
1779 3072 1908 3123 oemunt
1928 3060 2007 3123 loeis
2022 3060 2125 3119 casti·

293 3148 372 3225 goti
391 3154 462 3225 aton·
484 3150 643 3209 restituti.
684 3146 860 3213 Adiuncta
882 3158 960 3209 snut
982 3144 1106 3211 scboiia
1128 3145 1173 3209 D.
1194 3148 1331 3211 Ernesti
1349 3144 1583 3222 accersiant,
1611 3157 1643 3208 et
1669 3144 1825 3229 Pbilippi
1849 3142 2125 3215 Melanclrtlronis,

297 3250 374 3297 cunr
393 3227 542 3311 Dratogo
563 3229 775 3313 Anemoecipss
800 3236 836 3292 in
857 3252 920 3312 qno
939 3233 1049 3295 reddit
1063 3237 1226 3295 rationem
1240 3253 1300 3295 cnr
1316 3233 1390 3294 iilos
1404 3228 1490 3295 iocos
1510 3237 1707 3295 certauerit.
1728 3229 1827 3295 Anno
1837 3229 1885 3295 M.
1896 3228 1942 3292 D.
1956 3229 2001 3294 X
2000 3227 2082 3293 XX
2086 3224 2125 3290 V·

294 3313 745 3395 ·-(lufine=)1ntpressnns
765 3314 943 3395 Augustae
973 3316 1218 3382 Vindelicorutn
1241 3339 1304 3400 per
1326 3314 1563 3381 Menandrum
1590 3313 1837 3391 Weissenborn,
1869 3336 1959 3378 anno
1987 3315 2126 3377 Domini

296 3398 403 3465 MD.
418 3398 586 3465 XXXV.
627 3406 658 3467 8.
709 3400 745 3485 (8
772 3403 837 3464 1011.
857 3424 914 3463 nou
937 3424 1017 3465 num.
1044 3406 1140 3468 Praei.
1168 3404 1191 3481 l'.
1215 3402 1363 3469 1—81⁸.
1393 3425 1472 3464 num.
1494 3404 1610 3471 Ollinia.
1632 3404 1654 3465 1.
1675 3400 1850 3467 eat-90.
1887 3405 2025 3481 Dialogus
2046 3407 2125 3460 Aoe-

297 3488 409 3549 moecii.
438 3488 460 3547 1.
482 3487 657 3551 tit-99³.
680 3484 792 3547 Erasini
808 3501 949 3548 annotatt.
982 3489 1005 3549 1.
1027 3485 1254 3551 aet-¹06².
1276 3489 1508 3551 Melanchthouis
1529 3488 1648 3551 scholia.
1681 3488 1734 3550 sol.
1758 3485 1965 3554 1061-108
1978 3483 2000 3548 l.
2022 3489 2063 3546 M.
2085 3487 2123 3544 T.

297 3574 445 3634 Ciceronis
466 3575 525 3633 vito
546 3592 585 3633 ex
607 3574 731 3633 Historia
752 3574 947 3635 Volaterrani.
970 3572 986 3639 1
1010 3570 1033 3635 1.
1056 3574 1220 3654 clausula).
1859 3585 1863 3591 '

123 3680 258 3743 Alterius
280 3677 398 3755 generis
420 3676 563 3733 editiones
585 3675 636 3733 lias
666 3692 936 3733 commemoramus:
996 3707 1001 3718 ·

256 3774 327 3843 opp,
350 3770 388 3836 Τ.
411 3771 577 3836 Ciceronis
600 3769 751 3853 Officio,
773 3773 816 3834 de
834 3777 1003 3848 anteitis,
1025 3776 1066 3837 de
1085 3785 1262 3853 snectute,
1282 3775 1482 3839 Peredoac.
1526 3776 1648 3839 Onnto
1677 3777 1782 3839 denno
1802 3774 1975 3858 recognita
1995 3795 2058 3855 per
2077 3774 2125 3838 D.

300 3861 478 3925 Ernsmrnn
499 3858 756 3922 Roterodcrnnm
775 3869 809 3919 ct
830 3856 1016 3922 asaroton
1043 3859 1243 3925 Gocieniun.
1284 3863 1419 3925 Additis
1446 3866 1549 3925 etiam
1575 3861 1708 3927 ecboliis
1742 3860 1829 3926 t’ttn
1850 3859 2124 3928 Melancbtbonis.

303 3944 469 4018 Coloniae,
497 3944 547 4009 Io.
579 3942 885 4027 dyastemate.
925 3946 957 4009 8.

255 4039 319 4083 ²-
338 4062 380 4079 -
402 4030 523 4104 (ludex,
545 4044 576 4091 ut
595 4035 625 4090 in
645 4032 702 4091 Ed.
723 4032 825 4092 Coton.
845 4032 982 4093 anteced.
1003 4030 1113 4108 1500.)
1136 4030 1306 4106 Coloniae,
1334 4030 1385 4095 Io.
1414 4028 1602 4115 Gymnicus.
1624 4031 1718 4097 toas.
1760 4034 1791 4097 8.

252 4124 317 4169 ¹-
339 4113 490 4197 Ossicia,
522 4116 562 4178 dc
588 4113 770 4189 Amicitia,
797 4113 838 4175 de
866 4112 1061 4189 Senectute,
1091 4118 1279 4179 i'aradona
1306 4130 1338 4179 et
1366 4117 1536 4180 Somnium
1562 4117 1734 4199 Scipionis
1763 4137 1837 4180 cunr
1852 4111 2122 4179 annotationibus

301 4202 438 4265 Erasini
456 4198 674 4263 Roterodurni
693 4211 726 4260 et
749 4196 837 4262 itit.
858 4198 1132 4266 Motnnotttonn.
1173 4203 1334 4277 Parisiis,
1363 4204 1455 4285 apud
1474 4202 1639 4267 Simonem
1661 4205 1849 4267 wisoram
1873 4196 1966 4263 1503.
2007 4202 2038 4265 8.

255 4293 314 4337 *-
345 4283 500 4369 Officia,
533 4287 574 4347 rie
600 4289 750 4347 amicitia
756 4327 768 4358 ,
801 4296 982 4364 senectute,
1014 4285 1435 4362 tornamentorum
1467 4287 1634 4368 Scipionis
1660 4308 1734 4348 curn
1759 4286 1806 4349 D.
1842 4287 1998 4360 Ernesti,
2037 4283 2123 4349 Patr.

297 4369 561 4451 Meiaurbtitonis
581 4392 623 4432 ac
644 4367 765 4432 Barth.
785 4369 922 4431 latomi
941 4383 1106 4434 annotatt.
1148 4370 1276 4451 Quibus
1302 4379 1442 4437 accessit
1474 4370 1603 4436 Graeca
1632 4371 1695 4434 To.
1724 4370 1839 4436 Gazae
1859 4375 1896 4432 in
1917 4367 1993 4434 libr.
2015 4370 2055 4431 de
2076 4392 2124 4431 se-

300 4468 386 4521 nect.
406 4468 439 4519 ct
461 4477 561 4521 somn.
583 4455 674 4537 Scip.
699 4454 878 4518 traductio.
918 4455 1097 4537 Lugduni,
1125 4456 1298 4543 Gryphius
1326 4460 1420 4524 1585.
1460 4460 1493 4522 8.
1536 4458 1687 4542 (881011.
1713 4480 1773 4521 non
1803 4479 1903 4538 num,
1930 4478 2018 4539 pagg.
2037 4456 2125 4534 264,

297 4544 505 4611 8010111100
527 4564 607 4603 num.
628 4545 730 4602 Gazae
755 4544 986 4622 interpretatio.)

257 4665 299 4682 -
322 4625 406 4692 iibri
426 4640 493 4691 tres
515 4627 555 4688 dc
576 4621 729 4707 Officiis.
772 4622 875 4705 Item,
896 4626 950 4691 De
969 4625 1153 4689 Amicitiae
1173 4628 1228 4691 De
1248 4626 1439 4692 Senectute:
1460 4625 1664 4692 Paradocar
1677 4638 1740 4707 et,
1760 4626 1815 4689 Dc
1835 4625 1970 4692 Sontnio
1991 4625 2123 4706 Scipio-

299 4719 463 4778 ciascun
484 4710 703 4783 D.'Erusnti,
725 4709 881 4803 Pttttppt
899 4710 978 4775 Met.
1006 4732 1049 4774 ac
1077 4714 1328 4797 Barptoimaci
1352 4714 1489 4776 Laianci
1517 4710 1799 4777 mundationibus.
1839 4709 1967 4795 Quibus
1987 4716 2124 4775 accessit

301 4799 433 4868 Graeca
456 4797 621 4863 Tteooon
642 4796 757 4861 Gazae
777 4800 814 4857 in
833 4792 891 4859 lib.
913 4798 955 4859 de
971 4793 1163 4874 Senectute,
1183 4812 1217 4862 ct
1237 4799 1405 4863 Sonniun
1426 4797 1595 4880 Scipionis
1625 4799 1804 4863 anantio.
1844 4798 2009 4880 Lugduni
2029 4796 2125 4878 apud

301 4882 503 4973 Gryphium,
526 4882 620 4947 1500.
660 4883 693 4946 8.
733 4880 822 4964 ²⁰¹is
842 4886 941 4963 plagg.
983 4884 1204 4966 (1710111100
1230 4907 1309 4948 uun.
1329 4885 1587 4965 Erosmipraelst.
1610 4898 1642 4947 et
1662 4899 1803 4950 annotatt.
1828 4887 1859 4945 in
1880 4889 1946 4946 libr.
1975 4887 2013 4946 de
2034 4885 2123 4959 ostio,

195 4974 203 4989 ’
301 4975 342 5034 de
359 4974 498 5046 amicitis,
519 4972 559 5031 de
579 4978 746 5044 mnectutc,
766 4972 914 5046 paradoxa
939 4980 971 5029 et
997 4972 1139 5030 somnium
1164 4971 1241 5050 Scip.
1270 4987 1302 5031 et
1328 4972 1494 5032 Plurissemii
1519 4980 1598 5033 notu.
1641 4970 1683 5033 ld
1702 4971 1768 5037 1011.
1803 4991 1861 5031 nou
1893 4990 1973 5031 num.
2008 4969 2124 5030 Melan·

154 5060 159 5067 '
181 5054 189 5078 ¹
288 5058 435 5145 ‘sithonio
455 5056 550 5136 prael.
564 5067 595 5117 et
609 5066 752 5115 annomtt.
766 5053 890 5117 100180.
916 5055 1020 5118 tant
1041 5075 1100 5115 non
1120 5074 1200 5117 num.
1219 5057 1333 5116 Latomi
1352 5059 1384 5118 in
1403 5057 1552 5138 pmsdoaa
1570 5058 1633 5120 Cic.
1660 5068 1805 5123 annotatt.
1831 5077 1863 5137 p.
1887 5053 1988 5119 1-8.
2010 5056 2123 5116 Etmmi

131 5202 338 5225 Μ

125 5362 128 5367 ¹
160 5301 197 5369 a)
207 5252 273 5355 ‘tu
290 5295 440 5357 01010000,
457 5303 525 5356 quse
542 5289 679 5347 asterisco
695 5288 861 5355 nonninus,
878 5303 895 5343 o
910 5268 1081 5356 amnntgert
1101 5293 1172 5347 libro
1188 5294 1299 5347 motato
1321 5297 1350 5351 ot
1365 5293 1463 5351 uruttt
1485 5293 1573 5363 indice
1588 5294 1746 5363 adalanum,
1763 5308 1841 5358 queas
1857 5292 2122 5356 1000010010ομ-

196 5360 551 5495 nataaan
560 5358 973 5494 ‘annutante
989 5378 1618 5501 ...nn
1670 5378 1732 5419 ..
1753 5362 1890 5419 ...n
