4544 5766
183 206 258 280 227

186 403 269 447 nem
292 376 415 446 scribit
427 376 532 444 Plato
557 373 595 441 in
615 375 649 442 1.
669 374 712 439 de
729 372 922 462 Republica
940 371 987 466 2⁹)
1003 370 1171 439 traditam

188 504 261 549 esse
284 504 303 547 a
320 477 521 558 Simonide,
548 500 697 568 eamque
721 478 872 543 antefert
887 474 1034 544 caeteris
1049 472 1173 540 defini-

187 582 363 664 tionibus,
391 606 470 648 cum
494 578 642 671 quidem.
663 579 791 647 multas
805 578 946 659 recitet,
970 580 1031 646 sed
1051 578 1173 644 dextre

83 769 88 780 Ι
188 685 363 753 intellecta
386 684 580 750 admodum
603 680 774 749 concinna
798 694 868 762 est,
895 692 929 748 et
952 680 1099 771 propria
1121 679 1174 746 iu-

134 830 140 838 .
189 788 304 857 stitiae
334 784 563 876 particulari,
609 782 822 852 conveniens
857 782 1000 874 utrique
1034 780 1175 872 speciei,

190 888 464 957 commutativae
490 899 525 955 et
548 882 804 955 distributivae.

293 991 363 1059 Sed
378 986 526 1080 phrasin
542 1002 576 1056 et
592 1013 701 1076 genus
719 987 893 1057 sermonis
911 986 1106 1075 intelligere
1123 985 1176 1053 iu·

190 1093 310 1162 niores
324 1117 465 1161 necesse
480 1105 543 1161 θεῖ.
583 1091 757 1160 Constans
774 1103 809 1158 et
824 1103 994 1181 perpetua
1010 1089 1175 1156 voluntas

191 1195 364 1285 siguificat
389 1197 531 1263 firmum
561 1193 805 1284 propositum,
838 1217 901 1260 scu
925 1192 962 1259 in
992 1192 1175 1259 uoluntate

191 1300 333 1366 firmam
348 1292 581 1391 προαίρεσιν,
607 1321 670 1364 seu
685 1298 864 1364 decretum
879 1297 1035 1377 firmutn,
1061 1293 1097 1360 id
1114 1305 1176 1374 est,

193 1413 395 1469 constanter
412 1400 500 1467 velle
514 1425 616 1468 suurn
636 1398 761 1491 cuique
778 1397 945 1468 tribuere.
969 1397 1062 1468 Nam
1081 1397 1178 1488 quod

192 1502 320 1590 usitate
336 1499 496 1571 habitum
514 1500 680 1584 dicimus,
707 1501 870 1569 videlicet
885 1502 1025 1568 firmam
1043 1512 1078 1568 θῖ
1094 1523 1176 1565 con-

193 1619 344 1675 stantem
362 1604 650 1685 inclinationem,
676 1629 738 1672 scu
751 1599 987 1698 προαίρεσιν,
1014 1595 1082 1669 hoc
1100 1600 1178 1668 lati-

193 1733 260 1779 nus
282 1707 434 1800 scriptor
458 1708 496 1774 in
512 1732 552 1775 eo
569 1705 707 1801 tocoffl)
726 1706 889 1773 nominat
906 1716 1126 1773 constantem
1144 1716 1178 1770 et

193 1825 401 1903 perpetuam
426 1810 659 1878 voluntatem.
710 1809 784 1880 llec
808 1807 955 1876 dubium
979 1820 1048 1891 cst,
1086 1802 1178 1874 hanc

193 1912 493 2004 simplicissimam
526 1912 788 1979 enarrationem
817 1936 901 1980 esse.
973 1908 1176 2000 Quaerendi

194 2028 276 2087 sunt
291 2028 409 2083 autem
422 2015 537 2083 fontes
549 2039 629 2082 cum
644 2015 795 2082 aliarum
806 2013 990 2095 virtutum,
1009 2023 1083 2081 tum
1094 2036 1178 2079 vero

195 2130 229 2185 θῖ
243 2117 416 2199 iustitiae,
444 2129 479 2184 et
494 2117 790 2186 considerandum
807 2129 877 2198 est,
904 2116 998 2182 unde
1015 2128 1049 2182 ct
1066 2113 1179 2182 curin

193 2220 372 2289 mentibus
386 2215 552 2288 humanis
567 2219 638 2288 siut
654 2244 778 2287 causae
793 2219 984 2300 virtutum,
1010 2217 1092 2310 quia
1116 2215 1179 2284 sci-

194 2322 277 2391 licet
294 2319 391 2391 Deus
413 2322 461 2390 sic
486 2321 644 2390 condidit
667 2317 869 2402 hominem,
896 2334 936 2388 ut
960 2333 1049 2389 esset
1070 2319 1180 2412 ipsius

194 2426 327 2515 imago.
379 2422 503 2493 Voluit
521 2425 616 2493 enim
633 2425 775 2514 agnosci
790 2425 834 2491 ab
851 2418 1007 2491 homine.

297 2528 418 2618 Quare
434 2538 474 2594 ut
492 2528 612 2621 aliquo
628 2528 736 2594 modo
752 2526 900 2616 cogitari
915 2536 1045 2616 posset,
1067 2523 1181 2616 qualis

183 2630 240 2700 <sit
257 2629 370 2711 Deus,
398 2623 490 2697 barn
506 2629 696 2721 imaginem
716 2644 751 2698 et
775 2629 877 2723 quasi
896 2628 1074 2721 picturam
1098 2651 1181 2720 conf

195 2733 291 2800 ditor
303 2731 511 2825 proposuit,
537 2746 576 2801 ut
600 2734 638 2800 in
661 2731 759 2817 Deo,
785 2732 887 2802 sicin
904 2731 1006 2799 nobis
1021 2742 1104 2799 sunt
1117 2754 1181 2819 po-

195 2836 306 2904 tentia
330 2859 564 2925 cognoscens,
598 2849 632 2904 et
654 2834 812 2927 potentia
838 2833 947 2902 libere
971 2833 1112 2913 volens,
1148 2844 1182 2898 et

195 2937 332 3007 suntin
351 2949 581 3027 cognoscente
598 2937 757 3028 potentia
778 2936 926 3003 notitiae
951 2933 1121 3002 divinitus
1144 2934 1181 2999 in

194 3065 261 3109 nos
280 3041 495 3121 transfusae,
522 3040 619 3108 velut
635 3039 726 3106 radii
743 3039 886 3106 divinae
902 3035 1116 3128 sapientiae,
1143 3047 1182 3103 ut

195 3142 337 3213 numeri
354 3155 389 3210 et
402 3142 514 3209 multa
539 3142 607 3210 alia
626 3141 821 3234 principia,
849 3153 884 3208 et
903 3141 997 3230 leges
1019 3150 1181 3221 naturae,

197 3270 288 3338 quae
305 3259 388 3315 sunt
402 3266 550 3312 normae
568 3256 802 3335 congruentes
819 3268 899 3311 cum
915 3253 1034 3310 mente
1049 3241 1182 3325 divina,

197 3373 289 3440 quae
312 3348 361 3416 sic
382 3346 550 3416 discernit
580 3344 728 3417 honesta
758 3360 792 3415 et
815 3346 944 3436 turpia.
1023 3343 1182 3437 Cumque

197 3450 283 3519 velit
290 3450 385 3520 lleus
394 3444 458 3519 has
472 3450 617 3520 notitias
632 3451 794 3519 rectrices
810 3473 882 3520 θεεθ
898 3447 1059 3516 omnium
1075 3447 1182 3516 actio·

196 3578 304 3634 nram,
338 3576 445 3643 supra
462 3553 608 3625 dictum
639 3567 708 3635 est,
742 3576 864 3622 causas
896 3551 1069 3619 virtutum
1097 3575 1183 3631 esse,

197 3667 353 3722 mentem
385 3667 478 3722 recte
511 3655 747 3738 iudicantem,
782 3668 817 3723 et
840 3655 1062 3721 voluntatem
1084 3665 1183 3721 recto

199 3755 331 3825 iudicio
359 3757 677 3846 obtemperantem.

300 3855 384 3926 Ideo
400 3883 479 3926 cum
499 3859 541 3925 de
560 3859 692 3929 iustitia
708 3859 850 3940 dicitur,
875 3881 1015 3926 necesse
1032 3869 1095 3940 est,
1119 3881 1184 3924 no-

199 3961 295 4031 titias
313 3961 389 4029 illas
403 3959 531 4051 aspici,
556 3987 647 4055 quae
661 3975 744 4030 sunt
758 3986 907 4031 normae
924 3959 1091 4043 iustitiae,
1117 3955 1184 4028 hae

198 4064 434 4133 nominantur
449 4065 553 4154 leges.
581 4065 691 4154 Saepe
708 4077 826 4133 autem
841 4063 1079 4154 appellatione
1098 4062 1184 4132 iuris

199 4193 266 4258 pro
280 4168 415 4258 legibus
434 4166 579 4237 utimur.
633 4168 686 4236 Sit
700 4167 807 4258 igitur
823 4163 910 4234 baec
925 4165 1040 4257 prima
1057 4165 1185 4234 divisio

200 4270 287 4339 iuris
302 4295 364 4340 seu
381 4271 509 4359 legum.

302 4370 358 4440 Ius
375 4385 437 4440 aut
452 4385 503 4441 θεῖ
515 4374 695 4455 naturale,
721 4385 782 4441 aut
799 4372 1003 4463 positivum.
1036 4369 1185 4438 Erudita

203 4485 238 4539 et
251 4497 336 4540 vcra
352 4474 510 4542 definitio
526 4477 614 4546 iuris
628 4475 820 4557 naturalis,
846 4475 882 4543 id
897 4487 965 4556 θεῖ,
992 4475 1107 4562 legum
1123 4498 1186 4540 na-

203 4575 373 4644 turalium
401 4601 420 4642 a
442 4577 579 4646 notitiis
601 4577 758 4647 immotis
785 4579 938 4646 sumitur
963 4602 1005 4644 ex
1023 4577 1184 4643 doctrina

204 4680 247 4747 de
269 4677 452 4770 priucipiis
472 4679 645 4769 practicis.
698 4680 750 4748 Sit
772 4681 880 4770 igitur
901 4676 988 4748 haec
1008 4678 1185 4746 definitio:

203 4778 316 4872 Leges
336 4793 486 4848 naturae
507 4794 589 4850 sunt
608 4782 756 4850 notitiae
777 4783 1033 4874 principiorum
1058 4781 1187 4871 practi-

205 4908 349 4967 corum,
377 4895 412 4951 et
426 4883 693 4954 conclusionum
718 4908 760 4952 cx
780 4879 835 4953 his
860 4895 1117 4965 extructurum,
1144 4885 1186 4951 dc

223 5129 289 5198 ιἵθ)
306 5132 336 5182 ln
355 5135 378 5184 t.
396 5133 430 5184 de
441 5134 604 5197 Republica]
616 5134 701 5185 natet.
715 5133 803 5184 Ettdc.
821 5133 909 5183 fatre:
928 5132 954 5181 ln
973 5133 999 5184 2.
1019 5134 1053 5183 de
1065 5134 1189 5197 nepum,

273 5204 398 5265 spectant
422 5205 494 5253 enim
518 5205 586 5255 haec
608 5206 693 5254 verta
718 5204 753 5254 ed
777 5204 866 5253 locum
889 5201 952 5250 libri
976 5202 1013 5262 1.‚
1041 5202 1085 5265 qut
1102 5204 1129 5252 tu
1148 5204 1190 5254 ed.

278 5273 315 5323 ll·
339 5273 431 5334 stem.
456 5273 486 5324 T.
504 5272 538 5323 ll.
561 5287 586 5335 p.
610 5273 722 5336 bate,
755 5300 790 5314 -
814 5271 843 5321 lu
867 5271 908 5321 cd.
925 5271 1031 5334 Btpont.
1057 5272 1121 5324 Vol.
1142 5272 1189 5324 Vl.

275 5355 301 5404 p.
321 5339 372 5391 ibt
388 5353 429 5403 sq.
448 5343 594 5404 reperitur.

239 5422 291 5482 so
306 5425 364 5478 ore.
381 5424 496 5492 raupa.
515 5428 588 5483 xur.
603 5438 628 5481 ο.
644 5428 671 5481 s.
692 5428 718 5491 s.
738 5429 779 5482 ra.

429 199 552 273 erun.
579 198 692 269 nen.
719 195 922 269 sermm
946 196 1012 266 au
1037 193 1258 269 rameru
1272 196 1338 270 rr
1354 195 1622 272 rorrrrccn
1646 164 1959 271 senesanna.

1224 373 1386 463 regendis
1408 373 1585 457 moribus,
1627 385 1873 464 congruentes·
1890 394 1972 439 cum
2000 379 2142 437 aeterua
2162 375 2214 430 et

1225 476 1373 544 immota
1390 499 1517 543 norma
1534 477 1663 546 mentis
1679 475 1832 558 divinae,
1849 473 1986 542 insitae
2002 469 2105 538 nobis
2121 465 2212 535 divi-

1225 579 1332 660 nitus,
1357 591 1398 647 ut
1412 578 1486 645 sint
1499 578 1714 660 testimonia,
1741 579 1837 672 quod
1855 575 2018 655 sitDeus,
2046 584 2080 640 θῖ
2096 568 2211 662 qualis

1226 681 1291 763 sit,
1318 692 1352 748 et
1366 694 1492 770 regant
1503 706 1589 764 nos,
1621 694 1663 751 ut
1675 691 1849 770 congruat
1865 676 2070 746 obedientie
2085 684 2209 741 nostra

1227 810 1307 852 cum
1329 784 1513 852 voluntate
1536 785 1615 854 Dei.
1677 784 1814 852 Harum
1834 781 2046 851 notitiarum
2070 775 2211 843 conclu-

1227 887 1343 954 siones
1363 887 1560 955 recitantur
1581 888 1620 954 in
1645 887 1834 976 decalogo,
1860 897 1895 952 et
1918 883 2001 951 inde
2024 876 2213 970 expeditis-

1227 989 1355 1058 simum
1380 1001 1449 1070 θεῖ,
1482 1014 1658 1058 summam
1681 990 1798 1079 legum
1822 986 2040 1056 naturalium
2061 1002 2213 1052 sumere.

1328 1090 1482 1160 Possunt
1496 1105 1615 1160 autem
1631 1107 1665 1161 et
1676 1088 1881 1183 splendidae
1892 1084 2215 1157 demonstrationes

1229 1207 1502 1286 praeceptorum
1519 1195 1678 1285 decalogi
1701 1194 1816 1276 tradi,
1840 1206 2008 1282 utsupra
2032 1189 2071 1256 in
2095 1184 2216 1254 distri-

1228 1295 1374 1364 butione
1390 1296 1560 1367 virtutuin
1576 1322 1633 1367 eas
1649 1295 1819 1365 recensui.
1861 1290 2105 1364 Iurisconsulti
2118 1312 2221 1358 sum-.

1228 1412 1376 1489 pserunt
1392 1398 1633 1468 definitionem
1650 1402 1695 1468 ab
1710 1397 2010 1467 inclinationibus.
2037 1392 2095 1463 lus
2111 1402 2216 1459 natu·

1229 1501 1301 1569 ralc
1319 1515 1382 1583 θεῖ,
1397 1503 1492 1595 quod
1508 1514 1559 1571 θεῖ
1574 1527 1761 1571 commune
1775 1497 1980 1569 bominibus
1993 1521 2072 1566 cum
2081 1492 2217 1565 bestiis.

1229 1604 1297 1672 Sed
1322 1605 1593 1673 inclinationum
1619 1629 1746 1694 magna
1780 1603 1941 1671 conlusio
1973 1612 2043 1680 est,
2084 1594 2217 1665 rectius

1230 1720 1281 1775 θεῖ
1296 1707 1537 1776 definitionem
1555 1733 1574 1775 a
1591 1708 1746 1789 notitiis,
1774 1718 1949 1798 tanquam·
1970 1729 1988 1772 a
2006 1725 2134 1770 norma
2152 1697 2218 1765 im-

1231 1823 1326 1877 mota
1343 1835 1492 1879 sumere.
1531 1809 1754 1879 Assentimur
1770 1809 1863 1877 cuim
1881 1804 1936 1877 his
1952 1803 2101 1887 notitiis,
2126 1801 2219 1871 sicut

1231 1937 1397 1981 numeros
1420 1926 1580 1981 tenemus
1590 1913 1655 2007 ³¹),
1691 1913 1773 2005 quia
1799 1912 1969 1980 divinitus
1988 1907 2070 1976 talis
2091 1908 2153 1975 lux
2178 1903 2219 1969 in

1231 2017 1408 2084 mentibus
1437 2016 1566 2084 nostris
1590 2016 1828 2108 conditacst,
1855 2015 1986 2103 etipsa
2013 2008 2218 2078 assensione

1232 2121 1459 2188 ostendamus
1475 2143 1540 2187 nos
1556 2116 1634 2186 Deo
1649 2118 1804 2187 tribucre
1820 2118 1961 2185 laudem
1976 2111 2157 2191 veritatis,
2182 2123 2220 2176 et

1233 2222 1434 2289 obedientia
1456 2223 1674 2290 declaremus
1703 2245 1768 2288 nos
1789 2218 1967 2288 voluntati
1987 2215 2054 2283 Dei
2077 2237 2219 2306 parere,

1232 2349 1296 2392 nec
1325 2324 1409 2391 alibi
1440 2347 1653 2417 quaeramus
1682 2322 1887 2414 peregrinas
1916 2318 2221 2396 confirmationes,

1231 2451 1306 2495 non
1322 2451 1534 2520 quaeramus
1544 2426 1831 2495 conturbationes
1841 2423 2112 2515 principiorum,
2129 2420 2222 2490 sicut

1233 2529 1455 2611 Academici,
1480 2529 1646 2620 Epicurei
1662 2541 1696 2597 ct
1713 2527 1836 2621 Cynici
1851 2530 2022 2596 lecerunt.

1336 2633 1432 2701 Haec
1449 2633 1635 2723 perspicua
1651 2644 1734 2701 sunt
1749 2644 1843 2698 recte
1859 2628 2041 2711 institutis,
2057 2626 2119 2720 qui
2133 2649 2221 2716 pue-

1232 2736 1335 2803 rilem
1350 2735 1570 2818 doctrinam,
1598 2760 1689 2827 quae
1704 2735 1742 2801 iu
1757 2733 1958 2802 Dialecticis
1975 2727 2148 2811 traditur,
2176 2731 2221 2797 de

1232 2837 1417 2930 principiis
1460 2837 1732 2929 speculabilibus
1774 2849 1809 2904 et
1848 2834 2030 2926 practicis,
2071 2845 2220 2902 norunt.

1232 2941 1342 3008 Recte
1366 2954 1483 3009 autem
1505 2940 1655 3022 dicitur,
1694 2940 1748 3008 ius
1768 2940 1932 3007 naturale
1957 2961 2030 3007 esse
2051 2935 2221 3004 immuta-

1233 3044 1323 3126 bile,
1357 3043 1440 3137 quia
1464 3068 1538 3110 non
1561 3043 1676 3112 solum
1698 3055 1737 3110 ut
1759 3043 1881 3110 lumen
1903 3042 1939 3108 in
1965 3038 2075 3108 oculis
2096 3052 2222 3106 manet

1234 3147 1347 3226 idem,
1381 3148 1495 3213 donee
1518 3158 1646 3213 natura
1669 3139 1825 3213 hominis
1849 3156 1901 3212 est
1924 3141 2130 3213 incolumis:
2171 3142 2221 3209 ita

1234 3247 1360 3318 notitia
1390 3249 1563 3317 naturalis
1594 3248 1632 3315 in
1660 3261 1779 3316 mente
1808 3259 1931 3314 manet
1961 3246 2097 3315 eadem.
2143 3244 2224 3314 Sed

1234 3353 1350 3420 maior
1364 3350 1471 3418 etiam
1486 3351 1635 3419 firmitas
1651 3363 1702 3419 θεῖ
1718 3350 1886 3431 notitiae,
1913 3349 1995 3442 quia
2021 3360 2073 3418 est
2097 3349 2223 3418 radius

1235 3455 1376 3524 dirinae
1390 3453 1489 3535 lucis,
1511 3478 1709 3544 congruens
1724 3478 1803 3522 cum
1820 3476 1946 3520 norma
1963 3451 2105 3520 divinae
2121 3475 2224 3519 men-

1234 3559 1279 3627 tis
1295 3568 1437 3626 aeterna
1456 3570 1490 3625 et
1502 3557 1669 3640 immota,
1697 3581 1803 3650 quarm
1815 3552 1862 3649 39)
1878 3556 1975 3625 Deus
1990 3578 2223 3648 nequaquam

1235 3662 1312 3730 vult
1334 3659 1478 3729 mutari.

1335 3760 1400 3831 Est
1415 3763 1523 3852 igitur
1539 3762 1592 3830 ius
1608 3775 1757 3830 naturae
1774 3760 1879 3845 idem,
1897 3761 2085 3828 immotum
2105 3776 2141 3831 ct
2157 3763 2224 3830 irn-

1235 3865 1424 3947 mutabile,
1447 3866 1543 3958 quod
1559 3867 1603 3932 ad
1620 3865 1882 3956 propositiones
1897 3864 1935 3931 in
1951 3876 2069 3930 mente
2084 3866 2227 3934 attinet.

1236 3969 1305 4038 Sed
1330 3969 1484 4058 assensio
1510 3968 1625 4036 cordis
1648 3982 1795 4059 propter
1821 3991 1950 4059 pravas
1971 3966 2225 4038 inclinationes

1235 4070 1440 4159 languidior
1453 4083 1516 4151 θεῖ,
1532 4083 1566 4138 θῖ
1581 4094 1704 4138 coccae
1722 4071 1930 4162 cupiditates
1944 4069 2090 4139 turbant
2104 4094 2224 4141 assen-

1237 4174 1394 4256 sionem,
1420 4186 1567 4266 propter
1590 4197 1677 4266 quas
1703 4175 1888 4243 discedunt
1911 4169 2074 4242 homines
2101 4198 2120 4241 a
2146 4175 2222 4243 luce

1238 4275 1386 4357 mentis,
1412 4288 1446 4343 et
1460 4275 1637 4365 recipiunt
1649 4301 1783 4365 pravas
1799 4275 2071 4345 consuetudines
2096 4291 2219 4345 contra

1238 4380 1292 4448 ius
1306 4390 1467 4447 naturae.
1508 4378 1605 4446 Sicut
1621 4393 1742 4448 contra
1758 4394 1869 4448 artem
1886 4378 2057 4446 medicam
2072 4392 2220 4471 propter

1237 4481 1570 4572 intemperantiam,
1611 4483 1742 4552 multas
1773 4483 1918 4552 vitiosas
1948 4483 2219 4552 consuetudines

1237 4585 1437 4676 recipimus.

1341 4687 1406 4754 llic
1422 4700 1538 4756 autem
1555 4685 1734 4755 sciendum
1751 4700 1821 4770 est,
1854 4689 1983 4777 gradus
1998 4712 2071 4755 esse
2090 4688 2220 4779 princi·
2260 4682 2264 4691 ’

1238 4790 1381 4882 piorum
1405 4802 1439 4856 et
1461 4788 1728 4858 conclusionum
1753 4790 1963 4873 moralium,
1994 4791 2085 4860 sicut
2114 4793 2222 4862 etiam

1240 4894 1275 4961 iu
1289 4889 1443 4985 physicis
1459 4895 1589 4982 gradus
1603 4905 1703 4974 sunt,
1729 4906 1764 4960 et
1785 4894 2012 4984 corriguntur
2035 4894 2221 4988 inferiores

1240 4997 1370 5086 gradus
1395 5017 1414 5061 a
1439 4995 1700 5086 superioribus,
1736 5007 1777 5064 ut
1799 4997 1960 5086 regulare
1981 5010 2051 5081 est,
2090 5022 2221 5091 aquam

1239 5172 1443 5185 *1-

1274 5263 1321 5327 ³1)
1338 5267 1478 5384 ἔθηθιπιιε]
1505 5265 1544 5315 sic
1566 5263 1635 5314 Edd.
1661 5263 1753 5328 ΙΝ,
1787 5264 1860 5316 1567.
1888 5268 1915 5314 et
1940 5265 2030 5330 1560.;
2067 5268 2116 5322 Ed.
2147 5271 2223 5328 155⁰.

1307 5348 1466 5389 cernemus.

1273 5420 1321 5487 ³2)
1340 5425 1433 5486 quam]
1450 5420 1492 5472 sic
1508 5420 1575 5471 uad.
1597 5419 1690 5485 155⁴„
1715 5419 1791 5472 ¹55⁷.
1809 5425 1837 5471 et
1856 5421 1948 5487 1660.)
1968 5421 2020 5473 M.
2040 5422 2116 5476 1510.
2134 5440 2223 5491 quen,
