4544 5766
193 219 264 290 att

195 392 273 482 piat
284 395 482 483 praesentia
499 396 613 478 dona,
645 390 809 463 habenda
825 408 876 466 θεῖ
893 407 927 464 θῖ
943 396 1101 466 scandali
1121 394 1178 461 ra-

196 495 266 575 tio,
294 499 508 585 parcendum
524 496 608 564 item
623 494 804 592 alienae*)
822 498 1070 567 conscientiae.
1113 495 1177 566 ttis

197 599 413 685 argumentis
436 611 600 666 moretur
619 600 783 668 voluntas
807 612 841 669 et
868 602 1054 671 confirmat
1080 623 1178 691 spem

197 699 348 789 Spiritus
362 713 521 783 sauctus,
547 714 588 769 ut
610 703 832 793 obtemperet
855 704 937 794 legi.
986 703 1037 772 Ac
1053 705 1179 772 volun·

197 813 251 869 tas
271 804 477 870 confirmata
501 828 520 870 a
543 804 677 894 Spiritu
698 818 841 887 sancto,
875 819 909 874 ct
932 807 1095 888 incitata,
1122 829 1179 872 co-

196 899 318 970 bcrcet
346 918 486 973 externa
513 907 691 990 membra,
731 907 875 976 iuterim
900 920 934 977 et
955 908 1179 1000 disciplinam

195 1000 321 1103 loseph
346 1008 462 1090 addit,
490 1008 578 1077 vitat
603 1034 828 1099 congressus,
856 1011 1038 1095 convivia,
1065 1008 1180 1103 acrius

197 1106 351 1177 intendit
383 1111 542 1180 animum
576 1111 613 1179 in
647 1114 895 1206 occupationes
923 1114 977 1184 sui
1009 1113 1180 1195 muueris,

197 1211 332 1292 studia,
368 1216 608 1304 precationes,
641 1216 730 1283 sicut
751 1228 786 1285 et
800 1215 932 1286 Paulus
955 1216 1179 1310 disciplinam

198 1337 262 1382 suo
292 1316 451 1406 exemplo
484 1319 728 1401 commendat,
773 1321 805 1388 1.
824 1315 985 1389 Corinth.
1006 1319 1041 1403 9,
1066 1316 1179 1413 (27.):

197 1412 332 1503 Sugillo
363 1443 490 1511 corpus
521 1447 659 1502 mcum,
700 1433 735 1488 ct
757 1421 794 1487 iu
813 1423 1018 1491 servitutem
1045 1422 1181 1511 redigo.

198 1516 293 1584 Haec
310 1521 438 1609 partim
455 1523 544 1590 fiunt
559 1522 761 1613 impellente
778 1524 913 1616 Spiritu
930 1540 1072 1608 sancto,
1101 1548 1182 1616 par-

198 1619 262 1689 tim
279 1617 434 1691 bumana
450 1625 644 1715 diligentia.
705 1625 891 1696 Caeterum
909 1630 951 1696 dc
968 1627 1119 1710 iustitia,
1145 1626 1181 1694 id

198 1735 266 1806 est,
305 1725 347 1791 de
372 1725 626 1816 imputatione,
661 1727 729 1796 alia
752 1753 899 1820 prorsus
926 1730 1086 1823 quaestio
1119 1740 1182 1811 est,

199 1849 307 1918 quam
324 1822 380 1895 bic
396 1842 593 1918 praetereo.
673 1885 677 1893 .

591 2035 728 2147 Caput
742 2041 794 2123 ll.

300 2198 340 2268 ln
371 2201 488 2291 primo
518 2205 631 2294 capite
658 2208 802 2276 secundi
826 2207 908 2275 libri
929 2203 1020 2276 banc
1044 2222 1183 2277 sentcn-

199 2302 287 2371 tiam
303 2304 467 2386 tradidit,
495 2308 592 2399 quod
608 2308 719 2379 virtus
739 2324 965 2402 comparetur
986 2311 1183 2402 disciplina.

199 2404 303 2477 Nunc
320 2405 525 2475 insecundo
543 2410 655 2502 capite
676 2414 840 2482 nominat
864 2439 1026 2496 causam,
1050 2414 1183 2483 scilicet

199 2521 333 2576 rectam
354 2510 549 2594 rationem,
584 2539 653 2607 qua
677 2516 914 2606 appellatione
937 2517 1184 2607 complectitur

198 2624 354 2679 mentem
370 2624 462 2682 recte
480 2613 713 2700 iudicantem,
746 2630 781 2686 et
804 2619 1022 2688 voluntatem
1048 2619 1184 2687 obtem-

199 2726 395 2804 perantem.
458 2714 505 2784 Et
533 2718 705 2807 significat
723 2735 846 2810 postea
867 2746 903 2791 se
925 2722 969 2789 dc
993 2717 1047 2791 bis
1070 2723 1183 2791 causis

199 2840 321 2886 rursus
336 2819 513 2887 dicturum
532 2846 615 2890 esse.
668 2821 811 2912 llepetit
827 2837 944 2892 autem
962 2824 998 2892 id
1015 2827 1113 2918 quod
1127 2851 1183 2894 su-

199 2942 265 3009 pra
282 2921 440 3001 monuit,
466 2946 542 2989 non
566 2925 806 3015 quaerendam
828 2921 885 2994 bic
910 2950 982 2994 esse
1004 2927 1183 2995 certitudi-

199 3044 282 3088 nem
315 3021 441 3103 talcm,
480 3036 519 3091 ut
547 3025 584 3091 in
617 3027 821 3112 geometria.
890 3024 1036 3121 Semper
1063 3043 1183 3099 manet

200 3122 349 3191 immota
374 3118 461 3191 baec
487 3128 677 3194 sententia:
720 3128 854 3200 Omnes
875 3131 989 3199 liucae
1013 3156 1032 3199 a
1060 3145 1181 3201 centro

200 3226 246 3291 ad
264 3227 581 3296 circumferentiam
598 3229 719 3298 circuli
734 3234 879 3315 ductae,
906 3247 989 3302 suut
1008 3237 1181 3328 aequales.

200 3328 248 3393 At
284 3328 319 3394 in
353 3329 548 3400 moralibus
585 3357 659 3401 non
694 3350 815 3405 manet
848 3361 987 3427 semper
1013 3337 1180 3408 immota:

201 3428 324 3498 Redde
343 3433 563 3523 depositum,
593 3447 633 3503 ut
647 3435 675 3506 si
693 3438 848 3526 gladium
866 3441 985 3509 furens
1008 3455 1181 3532 reposcat.

199 3531 394 3603 Variantur
409 3536 502 3604 enim
519 3552 705 3630 praecepta
722 3545 914 3619 secundum
935 3543 1092 3613 diversas
1116 3544 1181 3613 cir-

200 3638 429 3707 cumstantias
446 3639 481 3706 iu
499 3639 664 3722 obiectis,
691 3645 783 3712 utin
798 3647 986 3716 medendo.
1039 3647 1108 3716 Sed
1128 3659 1181 3715 ta-

199 3763 283 3806 men
317 3740 491 3830 principia
527 3746 700 3835 quaedam
737 3760 878 3839 oportet
913 3774 985 3817 esse
1020 3747 1181 3835 immota,

201 3866 292 3934 quae
308 3856 390 3910 sunt
404 3844 545 3931 regulae
561 3844 769 3916 inferiorum
784 3851 1096 3942 praeceptionum,
1130 3864 1181 3936 ut,

198 3942 277 4013 Deo
294 3958 345 4013 est
359 3945 608 4017 obediendum.
658 3948 773 4018 Nemo
790 3952 865 4022 sine
883 3953 973 4022 iusta
990 3976 1091 4023 causa
1110 3956 1181 4022 lae-

199 4049 336 4116 dendus
354 4062 415 4120 est.
456 4049 575 4141 Vagae
590 4050 755 4122 libidines
769 4069 851 4123 sunt
866 4055 1044 4127 vitandae.
1085 4057 1181 4125 Haec

198 4165 281 4220 sunt
304 4166 494 4243 perpetua,
524 4166 563 4221 ut
587 4155 811 4244 geometrica.
864 4158 932 4227 Sed
957 4183 1019 4227 cur
1040 4185 1114 4227 non
1132 4160 1181 4229 sic

199 4255 436 4323 assentiantur
457 4252 621 4327 homines
637 4253 691 4328 bis
707 4259 861 4344 notitiis,
888 4272 928 4330 ut
947 4262 1180 4352 geometricis,

200 4378 305 4446 supra
323 4358 455 4426 dictum
474 4373 535 4429 est.

303 4460 410 4550 Quod
431 4476 546 4530 autem
571 4463 620 4530 ait
635 4462 858 4550 Aristoteles,
884 4461 972 4534 baec
992 4479 1180 4558 praecepta

199 4560 379 4629 actionum
398 4561 488 4632 nibil
505 4561 635 4634 babere
652 4569 756 4652 firrui,
779 4594 853 4637 nnn
868 4568 1084 4660 intelligatur
1102 4567 1181 4637 uni-

196 4664 382 4732 versaliter
396 4668 439 4732 de
454 4666 621 4750 summis,
655 4673 715 4738 sed
736 4674 779 4740 de
802 4674 979 4767 plerisque
1002 4671 1181 4741 inferiori·

196 4767 273 4835 bus.
324 4767 461 4836 Deinde
478 4769 675 4862 ingreditur
688 4773 725 4840 in
740 4776 858 4844 locum
877 4775 1180 4858 amoenissimum,

196 4869 259 4937 ubi
273 4894 314 4936 ex
329 4871 496 4961 gradibus
513 4873 694 4943 actionum
720 4878 879 4969 quaerit,
906 4904 996 4973 quae
1019 4879 1065 4948 sit
1088 4876 1180 4969 opti·

196 4996 255 5039 ma
273 4974 383 5058 actio,
409 4975 539 5044 scilicet
563 4977 771 5060 mediocris,
798 4993 832 5048 et
851 4984 1035 5073 praefatur
1056 5004 1179 5049 omnes

196 5075 348 5147 artifices
369 5079 651 5148 mediocritatem
675 5083 855 5173 quandam
878 5109 1058 5177 quaerere.
1117 5082 1179 5164 Ut,

194 5178 346 5248 intentio
365 5181 462 5252 vocis
480 5180 591 5250 nimia
618 5182 727 5252 laedit
750 5209 883 5276 organa
908 5188 1015 5256 recia.
1063 5182 1179 5255 Nimis

194 5283 365 5354 sulunissa
388 5297 439 5353 est
461 5286 624 5356 absurda.
684 5286 836 5357 Amatur
860 5287 968 5378 igitur
991 5286 1179 5358 mediocri·

217 5449 254 5506 »o
269 5453 404 5513 urenae]
419 5452 466 5505 aa
479 5453 529 5507 ra
547 5455 642 5523 ram,
667 5456 717 5509 rc
734 5458 808 5511 raas.
826 5457 927 5510 ruem

468 216 668 293 SCRIPTA
691 214 768 294 PH.
792 208 906 295 MEL.
927 218 997 291 ΑΙ)
1022 214 1232 292 E'l'lllCEN
1257 212 1323 291 ΕΤ
1348 210 1605 294 rottrtctar
1629 204 1937 292 SPEGTANTIA.

2137 206 2215 292 812

1231 402 1302 476 tas,
1330 417 1422 487 quae
1438 392 1604 461 convenit
1616 405 1778 476 naturae,
1806 404 1841 460 et
1855 389 2218 460 musicus'mediocri·

1230 504 1339 563 tatem
1356 491 1448 563 banc
1463 495 1613 590 quaerit.
1665 496 1716 564 Αθ
1731 514 1866 584 magna·
1880 495 2053 585 profecto·
2063 493 2143 562 laus
2165 505 2217 562 est

1229 596 1441 681 Aristotelis,
1464 601 1561 690 quod
1578 597 1671 665 videt
1687 598 1835 666 virtutes
1852 622 1924 667 esse
1940 595 2218 689 mediocritates,

1232 712 1265 768 θῖ
1278 699 1375 771 utilis
1391 712 1443 771 θεῖ
1459 699 1659 768 admonitio
1675 700 1712 766 in
1729 700 1815 769 ¹rita.

1508 834 1934 932 Detmediocritatc.

1333 954 1470 1027 Ordine
1485 955 1675 1046 investigat
1694 953 1900 1026 Aristotcles
1917 953 2161 1045 definitionem
2185 967 2219 1023 ct

1231 1070 1398 1128 naturam
1412 1059 1572 1143 virtutis,
1598 1059 1636 1127 in
1651 1083 1721 1152 qua
1738 1058 1894 1149 primum
1909 1058 1998 1126 facta
2016 1071 2068 1127 est
2081 1057 2218 1139 mentio

1232 1161 1442 1253 praecipuae
1467 1185 1612 1245 causae,
1654 1161 1835 1245 videlicet,
1875 1161 1971 1254 quod
1999 1185 2140 1230 necesse
2174 1159 2220 1229 sit

1233 1287 1311 1330 eam
1337 1289 1530 1354 congruere
1553 1265 1597 1331 ad
1624 1277 1756 1333 rectam
1789 1265 1977 1333 rationem.
2042 1263 2139 1332 Haec
2167 1274 2220 1332 est

1234 1366 1327 1434 eninr
1353 1368 1469 1457 prima
1495 1380 1530 1435 et
1555 1391 1657 1435 causa
1685 1378 1718 1434 et
1733 1368 1854 1457 regula
1871 1363 2021 1434 virtutis.
2073 1366 2125 1435 Λθ
2141 1390 2218 1433 cae-

1233 1469 1300 1536 teri
1317 1470 1506 1560 scriptores
1522 1469 1684 1559 plurimi,
1712 1470 1869 1538 contenti
1884 1471 2030 1538 fuerunt
2051 1464 2119 1538 hac
2140 1468 2217 1559 ipsa

1234 1571 1482 1662 descriptione.
1546 1570 1667 1640 Virtus
1692 1584 1743 1640 est
1765 1572 1908 1641 obedire
1929 1583 2046 1639 rectae
2072 1570 2219 1642 rationi.

1234 1674 1301 1745 Sed
1312 1674 1518 1744 Aristotcles
1534 1674 1670 1753 addidit
1688 1673 1857 1745 illustrem
1874 1674 2098 1764 particulam,
2125 1699 2219 1767 quae

1236 1777 1409 1860 ostendit,
1437 1776 1551 1869 qualis
1568 1776 1614 1845 sit
1630 1773 1717 1844 baec
1732 1776 1805 1866 ipsa
1821 1774 2021 1847 obedientia
2047 1776 2083 1844 in
2107 1778 2219 1846 mori-

1235 1880 1319 1962 bus,
1360 1904 1421 1948 seu
1447 1879 1668 1965 actionibus,
1696 1879 1870 1968 ,videlicet
1899 1877 2106 1962 mediocris,
2157 1906 2221 1949 seu

1236 1994 1327 2050 certa
1347 1985 1500 2074 quadam
1517 1980 1764 2050 moderatione
1780 1984 1824 2050 ab
1849 1980 2014 2052 extremis
2037 1984 2220 2065 recedens,

1235 2097 1468 2177 moveturque
1503 2084 1663 2176 exemplo
1693 2085 1853 2154 omnium
1875 2086 2056 2152 actionum
2080 2085 2117 2152 iu
2142 2086 2220 2154 ani·

1236 2187 1433 2268 mantibus,
1458 2199 1498 2254 ut
1518 2189 1684 2256 virtutem
1701 2187 1806 2256 etiam
1823 2189 1860 2257 in
1875 2186 2118 2255 mediocritate
2136 2214 2221 2258 con·

1235 2290 1376 2372 stituat,
1428 2289 1511 2383 quia
1543 2314 1666 2358 omnes
1693 2288 1950 2359 immoderatae
1988 2291 2147 2362 actiones
2182 2292 2220 2358 in

1234 2405 1422 2484 utramque
1446 2406 1583 2482 partem
1606 2406 1736 2460 nocent
1757 2395 1906 2463 naturis.
1971 2388 2046 2460 Iam
2067 2393 2222 2464 studiosi

1236 2496 1449 2563 transferant
1464 2490 1550 2563 baec
1569 2497 1614 2563 ad
1636 2494 1766 2579 vitatur,
1801 2509 1834 2564 et
1858 2495 2082 2566 considerent
2104 2522 2221 2590 quan·

1236 2610 1310 2666 tum
1328 2600 1435 2666 decus
1455 2597 1500 2665 sit
1522 2597 1764 2681 mediocritas,
1798 2624 1872 2667 uon
1891 2597 2043 2667 nimium
2065 2595 2221 2689 provehi

1235 2700 1440 2782 iracundia,
1466 2700 1556 2770 odiis
1577 2714 1611 2769 et
1627 2701 1705 2770 aliis
1725 2701 1893 2771 motibus.
1949 2698 2036 2770 Late
2060 2701 2157 2770 enim
2182 2702 2222 2771 in

1236 2804 1334 2871 omni
1350 2804 1421 2870 rita
1438 2817 1665 2895 praeceptum
1681 2804 1724 2871 de
1740 2804 1984 2873 mediocritate
2007 2815 2122 2895 patet:
2164 2803 2220 2875 Ne

1235 2904 1323 2998 quid
1346 2905 1463 2975 nimis.
1522 2906 1711 2999 Sciantque
1733 2907 1881 2977 studiosi
1903 2908 1948 2974 ad
1973 2907 2221 2977 definitionem

1235 3008 1375 3079 virtutis
1397 3004 1466 3076 buc
1489 3034 1561 3078 esse
1584 3010 1786 3078 referendas
1807 3011 1893 3080 tales
1910 3010 2115 3081 sententias.
2167 3008 2222 3080 Ac

1234 3110 1422 3203 prudentia
1443 3110 1663 3194 Aristotelis,
1698 3113 1802 3180 laude
1825 3113 1931 3203 digua
1953 3126 2022 3197 cst,
2057 3113 2156 3207 quod
2180 3126 2221 3184 ut

1234 3214 1346 3304 magis
1375 3213 1531 3283 studium
1562 3215 1817 3284 mediocritatis
1842 3216 1966 3284 lectori
1990 3217 2219 3285 commcnda-

1235 3330 1307 3400 ret,
1332 3317 1530 3385 definitioni
1547 3317 1687 3387 virtutis
1705 3342 1782 3386 eam
1798 3318 1956 3401 inclusit,
1982 3319 2141 3389 fortassis
2164 3319 2220 3387 in-

1234 3433 1336 3489 tuens
1349 3415 1574 3489 vehementes
1591 3419 1742 3512 impetus
1760 3420 1798 3488 iu
1811 3421 1908 3511 regio
1924 3420 2051 3489 iuvene
2065 3419 2219 3491 Alexan-

1233 3525 1320 3607 dro,
1346 3548 1451 3617 quem
1466 3525 1511 3591 ad
1525 3523 1810 3592 moderationem
1825 3524 1965 3592 flectcre
1981 3525 2192 3596 conabatur.

1610 3725 1746 3835 Caput
1769 3727 1843 3813 ΠΙ.

1333 3879 1384 3947 Ut
1406 3889 1626 3944 caeterarum
1648 3875 1829 3944 actionum
1858 3888 1965 3970 atque
1992 3877 2125 3946 artium
2156 3880 2220 3949 ob·

1233 3982 1321 4050 iecta
1339 3980 1441 4049 initio
1460 3990 1700 4071 qrmeruntur,
1726 3991 1766 4047 ut
1785 3978 1940 4048 musicae
1962 3978 2141 4050 obiectum
2167 3992 2220 4054 est

1232 4110 1361 4166 sonus,
1388 4084 1431 4151 ad
1450 4105 1555 4174 (prem
1576 4094 1670 4148 certa
1692 4082 1831 4150 ratione
1854 4084 2136 4168 moderandum,
2161 4084 2219 4157 ait

1233 4190 1377 4256 inventa
1394 4197 1461 4253 est:
1498 4184 1544 4251 ita
1571 4178 1627 4250 bic
1649 4181 1783 4250 obiecta
1810 4183 2013 4253 comnmnia
2038 4201 2123 4257 sunt
2146 4182 2219 4259 viri

1233 4303 1367 4372 tutum,
1400 4287 1600 4376 voluptates
1621 4297 1655 4354 et
1676 4286 1828 4356 dolores.
1893 4286 1986 4357 Nam
2010 4288 2105 4357 circa
2128 4278 2219 4361 baed

1232 4392 1451 4462 moderanda
1473 4400 1634 4459 versatur
1656 4389 1780 4459 virtus.
1838 4387 2027 4459 Fortitudo
2049 4382 2222 4483 prohibei

1231 4496 1349 4586 frangi
1376 4494 1537 4562 animum
1559 4503 1675 4574 metu,
1714 4490 1905 4561 moestitia.
1959 4490 2219 4586 Temperautid

1233 4600 1338 4670 efficit
1353 4593 1616 4667 moderationes
1633 4594 1669 4662 in
1685 4593 1926 4687 voluptatibus
1949 4595 2018 4664 cibi
2042 4610 2078 4666 θῖ
2099 4604 2219 4690 potus.¹

1231 4704 1464 4795 Agnoscenda
1491 4711 1542 4767 est
1567 4696 1673 4785 igitur
1695 4697 1916 4766 obiectorum
1939 4710 2089 4784 natura,
2129 4700 2222 4797 quid

1231 4808 1276 4877 sit
1295 4806 1477 4895 voluptas,
1505 4801 1590 4894 quid
1605 4800 1727 4882 dolor,
1755 4812 1790 4868 et
1806 4823 1870 4868 cur
1893 4799 1961 4868 alia
1981 4794 2220 4896 voluptatem,J

1232 4910 1300 4979 alia
1316 4907 1457 4976 dolores
1473 4903 1637 4974 efficiant.

1331 5008 1507 5100 Voluptas
1540 5020 1591 5076 est
1624 5003 1770 5096 proprie
1800 5004 2032 5095 congruentia
2065 5006 2220 5085 actionin'

1231 5137 1312 5182 cum
1334 5111 1453 5205 aliqua
1478 5121 1579 5202 parte
1600 5102 1777 5189 bominis,
1820 5131 1899 5176 cum
1922 5106 2061 5193 nervis,
2095 5112 2221 5211 corde,=

1231 5227 1292 5285 aut
1314 5215 1516 5295 voluntate,
1554 5224 1614 5291 ut,
1654 5209 1784 5300 frigido
1811 5211 1956 5302 corpori
1976 5211 2144 5304 voluptas
2212 5218 2218 5227 ’

1230 5318 1401 5401 calefieri,
1429 5315 1511 5412 quia
1531 5314 1628 5382 calor
1645 5312 1812 5382 convenit
1826 5312 1946 5384 nervis
1963 5226 2223 5417 male'atteciii

1231 5446 1272 5491 ex
1302 5420 1456 5513 frigore,
1495 5430 1617 5512 estque
1648 5416 1705 5486 rel
1733 5415 1941 5500 delectatio,
1979 5416 2037 5487 vel
2065 5416 2216 5497 laetitio.
