4544 5766
186 190 262 271 067
454 184 662 263 SCRIPTA
682 182 761 261 att.
786 183 995 261 statuat>
1018 182 1240 269 urbicam
1252 188 1326 265 ET·-
1342 180 1936 269 rosit-'mormanus
2131 174 2212 261 010

191 369 236 440 tis
253 378 288 436 et
299 362 478 447 Platonis,
505 359 568 455 qui
582 354 850 451 reprehendunt
863 363 1036 453 populum
1055 356 1178 432 rolen-
1230 356 1426 448 tateseibci,
1452 368 1511 435 sed
1527 364 1612 461 quie
1626 353 1703 435 nob
1717 377 1776 436 est
1785 351 2034 456 perspicuum,
2055 382 2150 454 qaae
2170 359 2218 432 sit

192 486 265 542 tem
275 469 305 565 ¹)
329 469 464 536 efficere
481 462 732 556 aequalitatem
756 463 796 531 in
815 466 1071 554 gubernatione
1095 464 1179 534 ci'vi·
1229 469 1291 537 illa
1313 469 1525 563 aequalitas,
1557 469 1658 537 valde
1680 469 1945 560 perturbamur.
1998 464 2097 533 ¹Cum
2117 463 2218 531 enirn

194 586 307 644 tatum
322 567 578 661 perniciosam,
603 577 643 634 ut
657 566 736 656 pari
756 566 836 635 loeo
856 568 947 651 sint,
973 568 1111 660 Scipio,
1146 578 1181 635 et
1228 573 1321 641 duae
1338 573 1411 641 sint
1420 571 1668 666 aequalitates,
1686 593 1786 664 quae
1803 568 1940 639 etiarnsi
1962 589 2103 635 nomem
2120 566 2218 633 idem

195 676 256 746 alii
272 671 441 765 plebeiit)
457 667 688 760 ignavissimi,
713 693 789 752 seu,
813 682 852 739 ut
868 671 905 737 in
922 672 1067 764 Synodo
1087 668 1181 760 pari-
1231 671 1384 759 babent,
1422 686 1541 745 tamen
1564 674 1657 745 inter
1678 698 1716 743 se
1738 674 1898 741 diversae
1922 682 2025 753 sunt,
2067 668 2220 736 alteram

194 792 248 848 ter
264 775 385 844 dicant
398 771 609 852 sententias,
641 772 737 839 docti
752 785 788 841 et
801 772 1007 843 alienissimi
1028 799 1047 843 a
1071 772 1181 843 literis
1233 777 1376 870 quidem
1391 776 1595 867 intelligunt
1609 800 1750 856 omnes,
1777 798 1869 867 quae
1886 771 2026 865 alequali
2039 793 2223 853 mensura,

195 893 231 950 et
254 876 419 948 omnibus
444 873 569 944 studiis
592 871 746 962 pietatis.
811 874 912 944 Hanc
937 876 1180 946 confusionem
1232 880 1391 971 pondere
1407 892 1607 949 etnmnero
1624 878 1763 971 ubique·
1772 875 1965 946 distribuit.
2022 864 2221 943 Sedueris-¹

195 995 236 1055 ut
250 977 532 1072 reprehendant,
560 976 764 1045 discernunt
782 979 1044 1071 aequalitatem.
1094 977 1182 1047 Ver·
1233 983 1360 1052 simam
1392 993 1427 1050 et
1455 981 1628 1072 optimam
1660 980 1910 1074 aequalitatem
1939 999 2014 1045 non
2041 975 2145 1045 iaeile
2168 985 2222 1044 est

195 1088 241 1156 ba
256 1081 421 1153 isocratis
442 1075 531 1148 haec
553 1091 636 1147 sunt
661 1077 1014 1175 irrrlreopagitico³).
1066 1080 1183 1150 Pluri-
1234 1085 1379 1157 cuilibet
1399 1079 1677 1176 deprehendere.
1733 1083 1801 1151 Dei
1830 1079 1923 1149 enim
1955 1078 2126 1147 iudicium
2158 1087 2223 1158 est,

197 1212 297 1257 mum
324 1197 443 1253 autem
467 1180 617 1249 contulit
640 1180 689 1250 eis
714 1183 758 1250 ad
782 1183 933 1253 civitatis
956 1183 1184 1275 gubernatio·
1236 1212 1276 1255 ac
1301 1183 1507 1257 hominibus
1532 1186 1686 1255 tenuiter
1719 1186 1778 1253 illa
1810 1180 2005 1277 aequalitas
2038 1179 2224 1270 contingit.

197 1316 301 1369 nem,
329 1288 528 1380 quodcum
552 1284 643 1351 duae
665 1283 736 1352 sint
759 1287 1007 1378 aequalitates,
1032 1310 1183 1379 qrmrum
1237 1292 1422 1381 Quatenus
1438 1301 1555 1359 autem
1573 1289 1774 1359 civitatibus
1789 1300 1823 1354 et
1836 1285 1983 1377 privatis
1998 1283 2224 1375 continget),

199 1394 310 1463 alteru
326 1388 535 1458 tantundem
550 1385 695 1474 singulis
712 1387 853 1473 tribuit,
880 1389 990 1457 altera
1011 1414 1096 1458 vero
1115 1389 1186 1457 sin·
1237 1392 1358 1463 omnia
1376 1394 1471 1462 bona
1490 1391 1607 1463 efficit.
1667 1391 1811 1460 Tribuit
1827 1389 1921 1457 enim
1938 1387 2093 1456 rumores
2109 1383 2225 1454 liono-

199 1495 290 1587 gulis
305 1516 345 1560 ea
363 1515 453 1584 quae
469 1500 681 1576 congruunt.
731 1489 814 1560 Non
836 1491 1093 1582 ignoraverunt
1105 1504 1185 1560 utra
1236 1519 1293 1564 res
1309 1490 1386 1576 his,
1411 1496 1473 1588 qui
1488 1495 1618 1564 virtute
1635 1495 1824 1573 excellunt,
1852 1502 1995 1561 econtra
2013 1490 2130 1558 minus
2146 1489 2225 1557 ido·

200 1599 246 1669 sit
262 1594 395 1665 utilior.
448 1590 742 1681 Repudiaverunt
765 1595 859 1661 enim
880 1620 976 1677 eam,
1001 1618 1092 1689 quae
1110 1607 1187 1662 tan·
1237 1597 1314 1666 neis
1328 1597 1504 1678 minores,
1530 1597 1736 1686 ac-singulis
1756 1619 1821 1686 pro
1844 1591 2078 1684 proportione
2095 1614 2224 1660 conre-

201 1695 467 1771 tuudembonis
485 1707 520 1761 et
539 1694 642 1761 malis
665 1695 790 1764 tribuit
813 1709 984 1789 tanquam
1008 1697 1187 1766 iniustam.
1238 1700 1386 1770 nientes.
1444 1698 1521 1767 Hoc
1545 1711 1597 1769 est
1619 1698 1750 1769 iustum
1774 1695 1895 1777 civile,
1930 1697 2027 1788 quod
2047 1706 2224 1786 expetere,

201 1805 361 1872 Alteram
386 1821 492 1879 vero,
526 1819 616 1888 quae
643 1800 887 1886 promeritis,
921 1811 956 1867 et
975 1795 1130 1869 bonores
1155 1810 1189 1866 et
1240 1815 1275 1872 et
1304 1803 1349 1870 ad
1382 1804 1480 1895 quod
1507 1801 1682 1892 respicere
1709 1827 1775 1871 nos
1803 1801 1841 1868 in
1869 1800 2052 1866 condenda
2085 1797 2226 1866 civitate

200 1930 335 1999 poenas
356 1898 554 1980 distribuit,
589 1899 741 1989 amplexi
767 1914 850 1969 sunt
868 1904 906 1969 in
927 1903 1080 1993 regenda
1106 1900 1189 1969 civi·
1241 1916 1403 1996 oportet,
1429 1929 1504 1975 nou
1528 1908 1573 1972 ad
1597 1915 1784 1996 tyrannos,
1815 1913 1878 1971 aut
1898 1902 1995 1990 vulgi
2016 1900 2227 1991 potentiam.

200 2021 294 2087 tate,
322 2027 398 2072 non
412 2003 567 2091 legentes
584 2002 808 2090 magistratus
823 2029 865 2072 ex
882 2006 1083 2095 promiscua
1100 2003 1190 2072 mul-
1241 2007 1318 2077 Hoc
1333 2007 1426 2077 iusto
1445 2008 1499 2077 uti
1513 2006 1644 2083 ‚civitas
1666 2009 1789 2088 debet,
1823 2007 1919 2098 quod
1945 2004 1992 2071 ita
2015 2005 2109 2072 inter
2126 2003 2228 2072 dissi-

191 2106 374 2188 'titudine,
414 2104 475 2173 sed
506 2127 547 2170 ex
576 2104 793 2176 melioribus.
853 2107 985 2176 Similis
1017 2106 1189 2177 sententia

204 2222 300 2281 extat
329 2208 424 2300 apud
449 2205 637 2274 Platonem
666 2208 758 2299 libro
788 2222 886 2278 sexto
921 2211 964 2279 de
989 2208 1125 2302 legibus
1139 2206 1190 2304 ⁴):

204 2312 313 2383 Recte
330 2324 364 2380 et
380 2307 552 2377 concinne
569 2308 703 2378 dictum
720 2324 789 2394 est,
816 2312 1010 2380 amicitiam
1036 2312 1192 2405 aequali-

211 2468 417 2484 μ·

241 2550 269 2615 1)
289 2545 443 2606 volentem]
461 2545 710 2614 alendusium,
731 2546 820 2612 1551,
841 2546 916 2601 1557.
935 2554 963 2600 et
984 2552 1079 2617 ¹560.;
1108 2552 1193 2604 Editt.

278 2619 352 2668 ibib.
371 2619 398 2666 et
420 2618 495 2666 1046.
513 2616 670 2664 eorraotenr.

207 2742 211 2751 .
239 2705 272 2766 2)
288 2703 401 2766 plebeii]
430 2703 469 2751 sio
492 2703 577 2755 Editt.
599 2702 674 2752 toto.
700 2705 728 2752 et
754 2704 845 2767 ¹5⁴⁶·3
880 2704 964 2756 Editt.
989 2706 1080 2770 1000,
1108 2707 1195 2772 ibba,

205 2824 208 2833 ,
277 2772 352 2823 1057.
371 2776 399 2821 et
419 2771 611 2833 rationetur.

241 2860 273 2920 0)
290 2860 385 2908 Verba
408 2856 618 2918 {perimeretis
642 2854 670 2904 iu
694 2858 887 2921 Areopagitico
910 2872 932 2910 c.
946 2859 987 2921 8.,
1012 2861 1038 2906 b.
1056 2861 1075 2908 1.
1102 2860 1129 2909 in
1147 2861 1194 2910 lat.

276 2927 424 2987 translato,
437 2927 504 2973 haec
515 2928 593 2972 aurit:
605 2922 756 2989 ’Μέγιστον
768 2921 796 2975 δὲ
808 2921 900 2982 αὐτοῖς
908 2923 1072 2989 συνεβάλετο
1082 2925 1152 2992 πρός
1162 2923 1194 2976 τό

279 2994 366 3050 καλῶς
384 2994 470 3041 οἰκεῖν
487 2989 536 3052 τὴν
553 2979 650 3055 πόλιν,
682 2987 725 3041 ὅτι
747 2991 825 3041 δοοίν
848 2991 985 3055 ἰσοτήτοιν
1002 2993 1196 3058 νομιζομέναιν

280 3053 368 3122 εἶναι,
398 3057 444 3109 καί
469 3060 513 3121 τῆς
536 3054 590 3126 μὲν
613 3054 716 3109 ταδτόν
739 3055 844 3111 ἅπασιν
868 3057 1075 3126 άπονεμούοης,
1103 3063 1149 3126 τῆς
1167 3060 1195 3113 δὲ

190 3130 210 3144 ”
278 3129 349 3196 πρὸς
365 3127 396 3178 τά
414 3128 551 3193 προςῆκον
568 3124 706 3193 ἑκάστοις,
731 3124 780 3178 οὔκ
805 3124 923 3195 ἡγνόουν
939 3126 1044 3180 τούτων
1060 3128 1109 3193 τὴν
1126 3148 1196 3197 χρη-

279 3198 450 3266 σιμωτέραν·
482 3192 551 3244 attia
578 3193 627 3257 τὴν
643 3194 697 3262 μὲν
714 3198 769 3247 τῶν
786 3197 879 3247 αὑτοῖν
897 3194 1031 3258 άξιοάσιιν
1047 3199 1111 3257 reug
1147 3218 1197 3266 ριγ-

280 3264 362 3324 στοδς
384 3263 430 3315 καὶ
454 3261 609 3329 πονηρους,
637 3261 841 3332 ἀπεδοκίμαζον
858 3264 895 3324 οἷς
913 3263 944 3316 οδ
965 3263 1074 3317 δικαίαν
1092 3283 1196 3320 οισαν·

214 3352 219 3359 ·
280 3333 331 3399 τήν
348 3329 376 3385 δὲ
395 3329 453 3384 κατ’
472 3330 555 3394 άξέαν
570 3329 686 3383 ἕκαστον
702 3335 843 3402 τιμοῖσιιν,
862 3332 908 3385 aui
922 3333 1091 3396 κολάζουτιιν
1109 3355 1197 3407 προγ·

196 3436 214 3473 -,,
281 3406 401 3472 ροάντο,
420 3400 466 3455 καὶ
484 3399 527 3452 διά
549 3398 648 3464 ταύτης
664 3400 755 3472 ᾤκουν
772 3402 820 3466 τὴν
838 3401 933 3468 πόλιν,
951 3399 1002 3455 οὐκ
1019 3404 1048 3465 έξ
1066 3399 1198 3456 ἁπάντων

281 3473 329 3532 τὰς
352 3469 441 3538 ἄρχοις
466 3472 643 3536 κληροδντες,
677 3467 746 3522 ἀλλά
771 3470 835 3531 τούς
856 3473 1027 3539 βελτίστους,
1064 3473 1110 3525 καὶ
1134 3472 1198 3534 τούς

282 3543 481 3609 ἱκανωτάτους,
499 3536 545 3607 ἐφ’
564 3537 680 3590 ἕκαστον
698 3543 754 3593 τῶν
771 3540 859 3609 έργιον
876 3546 1079 3609 προκρίνοντες.

248 3627 280 3695 t)
298 3627 422 3678 Plutonia
447 3629 533 3676 verba
556 3627 635 3678 lvt.
660 3629 695 3677 de
712 3629 783 3693 legg.
811 3627 868 3693 (op.
894 3631 936 3678 ed.
955 3630 988 3682 ll.
1007 3633 1098 3694 steph.
1124 3633 1197 3685 ΉΙ.
1252 3652 1259 3666 ·

216 3744 219 3749 ,
285 3712 312 3760 p.
324 3696 384 3747 757.
403 3709 428 3745 a.
447 3722 481 3732 -
499 3718 534 3733 ·-
552 3695 594 3745 eu
611 3697 718 3759 Bipont.
735 3698 805 3748 Vlll.
824 3713 848 3759 ρ.
863 3699 911 3748 26¹
927 3699 998 3764 aq),
1014 3696 1046 3755 itt.
1068 3702 1085 3752 Ι.
1104 3701 1131 3752 iu
1151 3703 1198 3752 lat.

285 3776 386 3826 versu,
405 3766 469 3812 suot
485 3766 564 3814 hooc:
590 3760 706 3821 παλαιὸς
722 3760 778 3845 γάρ
796 3762 877 3832 λόγος
893 3761 995 3829 ἀληθὴς
1012 3763 1068 3830 air,
1087 3766 1123 3826 ὥς
1140 3766 1200 3820 ἰσό-

286 3847 332 3896 της
381 3829 488 3893 ιλότνμιι
509 3828 704 3897 ἀπεργάζεται,
732 3832 811 3900 μάλα
833 3830 889 3901 μὲν
912 3830 1003 3900 ὀρθοῖς
1026 3838 1130 3901 stoque
1154 3835 1200 3888 καλ

194 3954 197 3959 ,
286 3848 425 3985 lupetius
444 3896 499 3962 ἥτις
517 3897 545 3949 δ’
564 3900 624 3949 ἐστί
639 3915 706 3951 ποτε
722 3899 813 3965 ἰσότος
834 3899 848 3966 ἡ
867 3903 947 3954 τοῦτο
965 3901 1032 3953 aare
1051 3904 1200 3973 δυναμένη,

285 3969 329 4022 δια
348 3965 378 4020 τά
396 3965 435 4035 μὴ
454 3965 566 4035 σφόδρα
585 3967 677 4051 reqvie
691 3961 780 4032 εἶναι,
802 3970 914 4038 σφόδρα
933 3969 1004 4041 ἡμεῖς
1021 3969 1200 4039 διαταράττει.

282 4035 366 4090 δυοῖν
381 4035 435 4104 γάρ
453 4034 590 4100 ἰσοτήτοιν
607 4054 722 4103 ουσιιιν,
755 4035 916 4109 ὁμωνύμοιν
931 4036 1001 4108 μὲν,
1029 4038 1099 4109 έργοι
1118 4040 1145 4093 δὲ
1165 4046 1202 4101 εἰς

287 4103 376 4160 πολλά
401 4103 502 4173 σχεδὸν
525 4105 682 4172 ἐναντίαιν,
719 4105 768 4172 τὴν
789 4105 844 4176 μὲν
867 4107 964 4175 ἰτέριιν
987 4111 1026 4167 εἰς
1050 4091 1100 4169 τάς
1122 4127 1202 4177 τιμας

287 4177 367 4228 πάσα
383 4172 461 4232 πόλις
478 4172 560 4260 ἰκαινοι
578 4180 769 4264 ποριιγαγεὶμ,
801 4175 847 4227 καὶ
866 4179 926 4258 μᾶς
949 4180 1101 4263 νομοοέτης
1111 4217 1120 4243 ,
1136 4178 1202 4265 ’τὴν

288 4244 545 4380 tittfftttlt.
557 4247 674 4375 titltt’
691 4261 743 4376 tt:
763 4241 1010 4378 ii‘ii‘i’s'assill'i'
1024 4252 1204 4384 ..ti‘titttt

289 4379 402 4442 ἰσότητα
427 4378 516 4433 οὐκέτι
539 4378 638 4451 ῥᾴδιον
660 4380 745 4435 uerri
771 4381 849 4439 ἰδεῖν,
890 4382 956 4444 Διὸς
981 4383 1036 4452 γάρ
1060 4383 1092 4449 δὴ
1117 4390 1204 4452 κρίσις

289 4449 362 4502 έστί’
386 4448 432 4499 ιιιιιΙ
449 4453 505 4508 τοῖς
522 4449 681 4518 ἀνθρώποις
697 4448 741 4504 risi
757 4450 860 4520 σμικρά
877 4449 932 4520 μὲν
947 4452 1074 4520 ἐπαρκεῖ·
1099 4457 1158 4506 πάν
1175 4451 1203 4505 δὲ

290 4515 360 4569 ὅσον
377 4513 414 4567 δν
430 4516 568 4588 ἐπαρκέσῃ
592 4518 706 4572 πόλεσιν
730 4517 746 4586 ἢ
767 4520 814 4573 καί
840 4519 973 4583 ἰδιώταις,
1004 4518 1085 4574 πάντ’
1109 4521 1202 4590 rigaud

290 4581 478 4666 ἀπεργάζεται.
513 4589 551 4656 τρὶ
567 4584 622 4656 μὲν
637 4588 692 4657 γάρ
709 4592 812 4656 μείζονι
835 4591 934 4673 πλείω,
953 4590 1004 4671 1τιγῖ
1027 4586 1055 4675 δὲ
1080 4591 1206 4642 ἐλάττονι
1251 4594 1255 4601 “

290 4668 458 4722 σμικροτερα
477 4655 568 4723 νέμει,
584 4657 682 4724 μέτρια
701 4657 813 4712 διδοῦσα
838 4675 907 4728 προς
929 4675 979 4722 την
1001 4661 1095 4711 αοτιδν
1119 4659 1205 4728 ιγύσιν

292 4721 419 4791 έκοιτίριρ.
455 4721 502 4773 καί
520 4721 552 4787 δὴ
570 4721 617 4775 καλ
633 4725 712 4792 τιμάς
727 4730 834 4794 μείζοσι
850 4723 905 4796 μέν
922 4725 993 4795 πρὸς
1016 4724 1130 4795 άριιὴν,
1162 4724 1205 4781 δελ

292 4794 414 4862 μείζους·
447 4794 502 4848 τοῖς
524 4790 552 4843 δὲ
577 4788 741 4846 τοδναντίον
763 4795 875 4862 ἔχουσιν
898 4791 994 4863 ἀρετῆς
1016 4811 1045 4848 τε
1068 4797 1115 4848 καὶ
1138 4814 1206 4850 πιιι-

291 4858 367 4918 δεέας
420 4856 450 4910 td
475 4861 584 4927 πρέπον
608 4859 743 4929 ἑκατέροις
765 4862 901 4931 άπονέμει
925 4861 994 4916 κατά
1019 4862 1113 4934 λόγον.
1149 4868 1207 4918 έσιι

292 4926 350 4998 γάρ
363 4895 399 4992 ’δὴ
415 4943 471 4978 που
488 4928 535 4980 καὶ
552 4928 585 4983 τά
603 4928 744 4982 πολιτικὸν
762 4931 828 5001 ἡμῖν
851 4929 895 4984 art
919 4929 992 4986 τοῦτ’
1016 4932 1084 4986 adro
1108 4935 1138 4987 τά
1164 4934 1206 4986 δί·

294 5012 389 5049 καιον·
420 4986 452 5047 οδ
475 4998 522 5048 καὶ
548 5001 600 5051 νῦν
618 4996 689 5068 ἡμᾶς
706 4994 886 5069 ὀρεγομένους
903 4999 961 5068 δεῖ,
989 5004 1036 5053 καὶ
1054 5001 1123 5070 πρὸς
1141 5003 1207 5056 ταύ-

294 5083 344 5130 την
362 5064 412 5129 τήν
427 5065 557 5135 ἰσότητα,
572 5057 595 5121 oi
610 5069 741 5130 Κλεινία,
759 5069 981 5136 ἀποβλέποντας,
1000 5069 1049 5137 τὴν
1067 5076 1118 5123 νῦν
1136 5091 1208 5141 rpor-

294 5135 383 5203 μένην
411 5141 570 5200 κατοικίζειν
598 5137 688 5190 πόλιν.
734 5135 821 5201 άλλιγν
845 5154 873 5190 τε
901 5135 937 5188 άν
961 5142 1031 5192 ποτέ
1051 5159 1090 5201 τις
1114 5145 1208 5211 οἰκίζῃ,

295 5200 365 5271 πρὸς
381 5200 464 5255 τοῦτο’
484 5207 564 5257 τοῦτο
583 5203 778 5276 σκοπούμενον
794 5203 886 5274 χρεών
904 5210 1081 5275 νομοθετεῖν·
1099 5207 1157 5262 ἀλλ’
1178 5207 1209 5260 ου’

296 5269 366 5340 προς
383 5267 492 5339 ὀλίγους
510 5273 674 5343 τυράννους,
701 5272 717 5340 ἢ
733 5276 803 5344 πρὸς
821 5273 884 5339 ἵνα,
909 5271 925 5337 ἢ
942 5274 988 5325 καὶ
1006 5277 1105 5347 κράτος
1122 5277 1210 5347 διζμου

295 5339 340 5403 τὶ,
367 5339 437 5407 πριὶς
455 5340 483 5394 δὲ
503 5342 531 5395 τά
552 5344 657 5396 δίκαιον
675 5341 726 5399 άεί.
762 5347 842 5397 τοῦτο
862 5338 890 5395 δ’
909 5343 968 5395 έστὶ
986 5345 1016 5395 ro*
1036 5349 1086 5398 νῦν
1110 5346 1141 5412 δὴ
1167 5348 1212 5399 λε-

295 5405 381 5478 ztir,
406 5408 437 5463 τὸ
455 5412 525 5488 κατά
544 5412 631 5483 φύσιν
649 5415 711 5468 reor
729 5409 834 5474 ἀνίσοις
851 5408 984 5467 ίνάστοτε
1000 5413 1093 5473 δοθέν.

1242 2109 1342 2180 miles
1367 2111 1616 2203 aequalitatem
1648 2110 1751 2194 iacit,
1802 2107 1886 2200 qnia
1923 2106 2048 2175 ordine
2079 2107 2227 2196 singulis

1243 2213 1473 2302 congruentia
1492 2212 1627 2282 tribuit.
1679 2212 1776 2281 Haec
1799 2212 1892 2279 dieta
1909 2207 2071 2279 isocratis
2092 2223 2127 2277 ct
2148 2211 2229 2277 Pla-

1243 2314 1432 2384 tonisideo
1449 2314 1620 2397 recensui,
1646 2327 1686 2383 ut
1698 2313 1847 2385 studiosi
1861 2313 2230 2381 iontesilristotelieae

1244 2415 1446 2508 partitionis
1477 2419 1719 2501 considerent,
1763 2439 1828 2483 nec
1858 2415 2006 2485 dubium
2032 2428 2083 2484 est
2111 2418 2228 2484 lucem

1244 2520 1330 2588 addi
1347 2520 1530 2590 Aristoteli
1559 2517 1627 2589 bac
1656 2519 1858 2589 collatione.
1910 2517 2008 2585 tidie
2021 2518 2229 2590 Aristoteles

1246 2623 1290 2691 ab
1313 2621 1387 2694 istis
1409 2624 1659 2716 aequalitatem
1683 2622 1936 2714 geometricam
1963 2633 2057 2690 recte
2079 2622 2232 2707 laudari,

1246 2749 1330 2793 nam
1346 2722 1439 2795 hanc
1454 2725 1491 2793 in
1507 2728 1716 2797 ordinandis
1729 2722 1889 2816 personis
1905 2722 1943 2791 in
1962 2725 2061 2792 omni
2083 2727 2155 2793 sita
2179 2749 2232 2794 se-

1248 2828 1310 2919 qui
1327 2852 1467 2898 necessc
1483 2842 1546 2898 est.
1603 2830 1758 2920 Singulis
1775 2829 1982 2896 tribuendus
1999 2841 2049 2896 est
2067 2852 2150 2897 suus
2168 2823 2232 2896 bo·

1246 2953 1333 3012 nos,
1355 2956 1439 3000 suris
1453 2930 1550 2998 loeus
1566 2932 1602 2998 in
1618 2932 1776 3026 qualibet
1790 2941 1891 3019 parte
1908 2929 2059 2998 civitatis
2075 2956 2142 3020 pro
2158 2954 2234 3001 rne-

1247 3032 1329 3101 rito.
1390 3033 1443 3100 Sit
1459 3032 1582 3101 Cicero
1609 3035 1827 3122 gubernator
1849 3043 2008 3120 togatus,
2033 3033 2079 3100 sit
2095 3033 2234 3107 illarius

1247 3134 1416 3217 bellator,
1443 3134 1488 3203 sit
1508 3133 1890 3228 praetoriiquitiust),
1916 3133 1961 3201 sit
1982 3147 2150 3227 quaestor
2169 3141 2235 3208 Ca·

1248 3231 1338 3331 to*),
1361 3236 1406 3307 sit
1421 3237 1637 3326 gubernator
1654 3238 1853 3307 studiorum
1868 3236 2102 3331 Cratippus7),
2125 3255 2234 3335 atque

1250 3343 1296 3409 ita
1311 3340 1441 3429 singuli
1459 3364 1561 3409 suum
1577 3343 1694 3409 locum
1711 3352 1875 3422 teneant,
1905 3352 1939 3406 et
1954 3366 2056 3409 surnu
2078 3345 2233 3413 osiicimn

1248 3445 1391 3527 iaciant,
1405 3470 1470 3514 nec
1483 3444 1655 3535 impediat
1669 3445 1760 3513 alter
1775 3443 1918 3510 criterius
1928 3468 2082 3526 cursum,
2098 3443 2235 3514 nehar-

1249 3547 1370 3617 monia
1389 3548 1631 3616 conturbetur.
1672 3546 1738 3615 llic
1753 3549 1842 3614 ordo
1860 3546 1964 3614 eilicit
1981 3550 2234 3639 aequalitatem

1249 3663 1343 3718 mter
1363 3650 1560 3722 dissimiles.
1624 3646 1733 3717 [lecte
1751 3649 1861 3739 igitur
1879 3647 2049 3718 isocrates
2074 3664 2108 3720 et
2128 3653 2234 3722 Plato

1249 3750 1343 3823 hanc
1358 3753 1608 3847 aequalitatem
1625 3752 1783 3820 laudant.

1353 3856 1423 3925 Sed
1447 3856 1581 3924 aceedit
1600 3854 1827 3935 Aristoteles,
1861 3865 2033 3945 tanquam
2059 3854 2234 3944 interpres

1250 3972 1431 4041 veterum,
1458 3971 1493 4027 et
1509 3956 1682 4040 ostendit,
1709 3958 1771 4027 ubi
1794 3957 1904 4023 altera
1929 3956 2144 4048 aequalitas,
2170 3957 2235 4025 sei·

1181 4109 1185 4123 -
1251 4062 1334 4130 licet
1349 4057 1592 4143 arithmetica,
1619 4086 1726 4153 quam
1743 4059 1792 4126 illi
1814 4059 2091 4148 praeterierant,
2117 4057 2235 4127 locum

1253 4161 1394 4232 lrabeat.
1436 4163 1564 4231 Tradit
1577 4162 1685 4251 igitur
1700 4161 1974 4230 eruditissimam
1989 4161 2235 4252 partitionem:

1253 4265 1381 4336 Omnis
1410 4265 1646 4334 conversatio·
1665 4278 1789 4333 mutua
1818 4289 1898 4333 eum
1927 4264 2024 4346 aliis,
2058 4276 2121 4333 aut
2142 4262 2237 4356 τοτ’)

1288 4453 1320 4511 b)
1339 4453 1480 4513 Quatenus
1504 4450 1594 4498 autem
1617 4447 1773 4498 civitatibus
1802 4450 1830 4497 et
1859 4446 1974 4508 privatis
2004 4445 2168 4509 continue]
2199 4444 2239 4493 sic

1323 4520 1407 4571 ttrite.
1427 4519 1519 4581 1500,
1540 4519 1633 4582 ibba,
1659 4517 1733 4567 tb57.
1753 4520 1780 4565 et
1801 4517 1889 4575 1000.;
1915 4514 1986 4562 Edit.
2004 4516 2078 4563 toto.
2098 4518 2239 4574 vitatenus

1323 4594 1415 4640 utitem
1427 4587 1577 4649 contingit.
1595 4587 1768 4649 civitatibus,
1786 4588 1815 4634 ot
1826 4585 1957 4646 privatim
1980 4584 2051 4633 scit
2066 4585 2142 4632 1016.
2162 4585 2239 4643 οιτο-

1325 4664 1404 4708 teuus
1421 4659 1511 4707 utitem
1529 4655 1700 4713 civitatibus,
1720 4658 1747 4703 et
1764 4654 1892 4716 privatis,

1288 4728 1320 4784 Β]
1340 4727 1370 4776 c.
1388 4726 1511 4788 Aquilius
1530 4725 1656 4781 uarius,
1673 4724 1717 4772 vir
1744 4732 1858 4785 maguae
1881 4721 2055 4770 auctoritatis
2079 4722 2106 4769 et
2124 4718 2241 4768 scientie

1326 4796 1394 4845 iuris
1412 4795 1564 4857 excellens,
1583 4804 1609 4847 t.
1623 4806 1689 4853 uc.
1701 4793 1761 4845 000
1780 4794 1892 4853 praetor
1910 4804 1969 4840 οιιιιι
1986 4790 2118 4840 Cicerone
2134 4789 2239 4851 anico3

1326 4864 1382 4915 rid.
1401 4863 1498 4916 Oreitii
1516 4863 1681 4914 onomastiet
1699 4861 1814 4910 militaui
1832 4861 1862 4909 Ρ.
1875 4859 1908 4907 il.
1926 4873 1952 4922 p.
1965 4860 2000 4908 00
2011 4872 2052 4921 sq.

1289 4932 1324 4994 ²¹¹)
1343 4932 1378 4981 Μ.
1389 4930 1504 4981 Porcios
1515 4930 1583 4982 cato
1597 4932 1733 4981 Uticensis
1748 4940 1773 4980 a.
1787 4942 1813 4978 ιι.
1827 4940 1851 4978 ο.
1862 4929 1921 4978 080.
1939 4933 2070 4990 quaestor
2087 4924 2147 4978 tait
2168 4924 2240 4984 (to-

1325 5003 1387 5051 dem
1403 5013 1516 5051 nouere
1532 5001 1615 5051 etiam
1629 5003 1668 5050 ot.
1680 4999 1794 5049 Porcios
1810 4997 1878 5048 Coto
1897 4997 2045 5046 Cerrsorius
2062 5006 2087 5044 a.
2101 5008 2128 5043 o.
2143 5008 2165 5045 c.
2180 4993 2240 5044 000.

1326 5073 1435 5119 ttruetua
1453 5069 1547 5134 erat).

1293 5137 1324 5207 7)
1344 5139 1489 5202 Cratippus
1506 5138 1704 5203 Mitylenaeus.
1732 5135 1975 5198 Peripateticorum
2002 5134 2060 5182 eius
2077 5132 2179 5181 aetatis
2197 5132 2241 5180 ta·

1327 5209 1380 5258 cite
1403 5210 1546 5271 princeps,
1583 5205 1709 5256 Ciceroni
1734 5205 1929 5266 amicissimus,
1965 5202 2077 5263 altisque
2100 5200 2148 5250 titii
2172 5212 2197 5249 a.
2216 5213 2242 5247 u.

1329 5293 1352 5330 c.
1366 5277 1426 5328 710.
1446 5275 1595 5339 ιυτιιςίιιεοτς
1618 5274 1672 5322 rid.
1691 5275 1778 5324 oreti.
1797 5275 1814 5323 t.
1830 5275 1846 5321 t.
1864 5273 1893 5322 P.
1907 5274 1938 5322 lt.
1958 5285 1983 5333 p.
1994 5272 2043 5320 001
2057 5283 2098 5331 aq.

1294 5344 1326 5411 8)
1346 5349 1406 5406 rea]
1430 5346 1472 5395 sio
1495 5343 1576 5393 iiditt.
1595 5343 1688 5403 1010..
1715 5342 1806 5401 tatu,
1832 5341 1923 5401 1600..
1950 5340 2023 5389 tote
2039 5343 2069 5388 st
2089 5338 2179 5399 100ος
2216 5337 2243 5384 in

1330 5416 1379 5466 ur.
1393 5414 1466 5467 1507.
1484 5412 1622 5464 omissum.
