4544 5766
187 186 262 258 339
432 181 556 256 PHlL.
580 179 694 255 rtet.
719 178 924 252 SCRIPTA
947 179 1014 251 AD
1037 179 1249 254 ETHIOEN
1272 179 1340 253 ΕΤ
1365 179 1622 256 POLl'l'lCEN
1648 179 1959 258 settcrltt‘rll.
2134 185 2212 261 840

194 361 365 428 reclamat
391 357 581 440 iudicium,
622 370 657 425 et
689 355 834 426 affectus
856 356 1086 450 prosequitur
1116 355 1179 423 ali-
1229 353 1432 440 aDiabolo,
1458 357 1520 426 sed
1536 368 1655 427 tamen
1672 381 1747 426 non
1762 380 1902 428 necesse
1920 370 1972 428 est
1987 357 2135 451 obsequi
2152 383 2217 428 vo-

196 462 302 557 quid,
335 461 418 555 quia
443 461 494 528 illi
518 459 613 550 parti
635 460 772 527 bonum
794 459 954 541 ducitur,
983 471 1024 527 ut
1046 457 1180 527 sitienti
1229 460 1404 528 luntatem
1419 459 1555 528 vitiosis
1576 461 1752 543 motibus,
1776 460 1929 553 ideoque
1953 461 2068 531 sancti
2090 460 2219 530 iuvan-

197 565 332 634 orificio
361 563 567 646 ventriculi,
607 575 641 630 et
663 556 886 653 oesophago,
923 584 986 631 seu
1006 560 1179 643 faucibus,
1231 574 1289 630 tur
1319 561 1456 652 Spiritu
1485 575 1626 646 sancto,
1658 576 1700 633 ut
1728 564 1963 632 imbecillitati
1995 564 2153 633 naturali
2184 576 2220 632 et

197 668 313 739 suavis
347 677 398 734 est
427 663 609 734 restinctio
638 664 808 747 fervoris,
861 662 1002 733 tametsi
1033 663 1180 732 caeteris
1230 663 1384 732 Diabolo
1403 677 1614 754 repugnent,
1639 679 1674 734 et
1686 679 1779 735 recte
1794 667 1937 749 iaciant,
1951 679 1992 736 ut
2006 663 2163 759 Philipp.
2178 671 2217 750 2,

194 770 364 839 membris
397 781 512 837 nocet.
578 765 632 835 lta
651 767 769 835 David
795 767 932 858 appetit
957 766 1181 857 complexum
1231 766 1489 861 (13.)dieit=.1r:
1526 766 1623 837 Deus
1648 768 1743 837 enim
1768 782 1837 853 est,
1864 769 2100 862 quiefficitin
2117 770 2219 839 vobis

197 873 332 941 alienae
361 869 594 964 coniugisffl),
637 870 720 963 quia
750 893 811 937 cor
837 869 1099 938 inflammatum
1131 881 1182 938 est
1232 870 1321 938 velle
1340 870 1568 960 etperbcere.

198 999 333 1057 amore,
352 986 386 1042 et
401 974 498 1065 rapit
510 998 630 1043 secum
646 973 825 1041 infirmam
840 973 1074 1056 voluntatem,
1091 996 1182 1066 quae
1333 971 1418 1040 Dixi
1432 974 1477 1041 de
1494 973 1646 1042 externis
1663 972 1874 1057 actionibus,
1889 999 1951 1043 seu
1961 976 2004 1043 de
2018 974 2220 1067 disciplina.

197 1075 278 1146 ideo
295 1101 370 1145 non
385 1074 533 1166 refugit,
561 1076 644 1168 quia
666 1075 782 1166 parti,
802 1073 927 1158 idest,
954 1074 1053 1144 cordi
1070 1099 1110 1142 ea
1126 1100 1183 1143 res
1233 1074 1324 1143 Sunt
1338 1088 1456 1144 autem
1479 1075 1568 1143 aliae
1594 1075 1818 1169 quaestiones
1841 1077 1884 1145 de
1907 1077 2112 1168 imperfecta
2137 1079 2222 1146 obe·

198 1180 316 1250 suavis
332 1180 485 1248 ducitur.
534 1177 588 1246 Ex
603 1174 669 1246 hac
686 1177 787 1246 brevi
812 1177 1056 1246 admonitione
1079 1177 1183 1247 intel·
1233 1176 1385 1260 dientia,
1419 1179 1516 1245 etde
1540 1180 1697 1248 motibus
1717 1179 1960 1270 spiritualibus
1981 1205 2064 1272 erga
2088 1179 2221 1264 Deum,

197 1282 260 1373 ligi
275 1294 412 1373 potest,
447 1281 629 1374 quomodo
652 1280 851 1349 contrariae
872 1306 929 1368 res
953 1282 998 1348 ah
1021 1304 1094 1348 uno
1118 1277 1184 1348 ho·
1235 1304 1325 1373 quae
1342 1280 1483 1371 copiose
1498 1281 1946 1372 explicanturindoctrina
1961 1282 2160 1366 Ecclesiae,
2186 1295 2222 1351 et

196 1385 294 1453 mine
318 1396 554 1476 appetantur,
595 1384 656 1452 sed
681 1409 700 1451 a
724 1383 871 1452 diversis
898 1383 1050 1465 viribus,
1093 1407 1184 1477 quae
1233 1382 1360 1452 melius
1381 1383 1626 1473 intelliguntur
1648 1384 1694 1451 ab
1717 1378 1792 1468 his,
1826 1386 1984 1478 quinon
2006 1400 2090 1457 sunt
2113 1387 2222 1456 rudes

198 1488 344 1582 quidem
362 1488 411 1555 ita
428 1499 511 1556 suut
527 1487 839 1568 adsuefaciendae,
866 1499 906 1555 ut
919 1485 1032 1555 menti
1049 1487 1185 1555 obtem·
1235 1485 1462 1577 disciplinae,
1488 1489 1549 1555 sed
1563 1485 1736 1555 mediocri
1749 1487 1931 1578 diligentia
1947 1502 2078 1580 regrmt
2090 1512 2223 1559 mores.

198 1603 325 1682 perent
355 1589 540 1658 inferiores
566 1588 677 1671 vires,
719 1588 808 1658 sicut
829 1586 985 1659 Achilles
1009 1589 1185 1680 stringens
1234 1587 1427 1680 Quomodo
1447 1589 1542 1657 enim
1558 1589 1756 1679 intelligent
1768 1591 1820 1658 illi
1838 1591 2030 1661 discrimen
2045 1592 2222 1661 virtutum

199 1693 374 1784 gladium,
400 1717 436 1762 se
453 1691 809 1783 reprimitaPallade
825 1691 1096 1786 admonitus⁸¹).
1140 1691 1187 1760 Et
1234 1689 1349 1758 Laelii
1363 1705 1398 1759 et
1413 1692 1536 1775 Pauli,
1562 1692 1624 1786 qui
1640 1705 1831 1786 utrumque
1846 1719 1955 1784 genus
1968 1695 2104 1786 pariter
2117 1694 2223 1785 igno·

197 1795 252 1887 pii
272 1795 410 1864 discant
431 1794 548 1864 iuvari
571 1818 608 1863 se
633 1794 670 1861 in
692 1789 761 1863 hoc
777 1796 970 1864 certamine
987 1794 1119 1877 aDeo,
1146 1806 1187 1863 ut
1235 1807 1338 1877 rant,
1371 1806 1406 1862 et
1427 1795 1564 1863 nullum
1588 1791 1722 1863 habent
1746 1796 1903 1865 studium
1926 1797 2081 1868 virtutis.
2142 1795 2222 1866 Etsi

199 1898 328 1967 dicitur
344 1897 467 1992 (Rom.
486 1898 520 1980 8,
536 1895 632 1989 26.):
661 1896 813 1987 Spiritus
833 1899 980 1969 adiuvat
1000 1898 1187 1965 infirmita·
1235 1897 1332 1966 videt
1347 1895 1525 1966 Antonius
1538 1896 1586 1991 82)
1607 1920 1683 1965 rem
1703 1895 1890 1989 pulchram
1913 1924 2005 1983 esse,
2033 1899 2223 1970 continen-

198 2014 270 2069 tem
300 2012 474 2069 nostram.
538 1996 585 2066 Et
608 2011 752 2066 econtra
777 2000 948 2085 sciamus,
983 2000 1126 2069 incendi
1148 2000 1186 2067 in
1236 1999 1322 2068 tiam
1344 1999 1536 2090 Scipionis,
1578 2001 1738 2089 agnoscit
1776 2002 1871 2070 enim
1910 2004 2018 2072 talem
2054 2004 2222 2072 ordinem

198 2101 318 2194 impiis
331 2103 471 2171 furores
486 2100 571 2171 istos
588 2124 608 2168 a
621 2100 788 2172 Diabolo.
1236 2103 1418 2171 actionum
1435 2096 1626 2171 convenire
1643 2116 1792 2173 naturae
1807 2101 1975 2189 hominis,
2002 2119 2038 2174 et
2051 2107 2221 2197 prodesse

1238 2205 1419 2276 communi
1431 2205 1536 2289 vitae,
1562 2217 1693 2288 tamen,
1709 2207 1791 2299 quia
1808 2206 1883 2298 ipse
1897 2232 1971 2276 non
1987 2221 2126 2278 exercet
2139 2232 2222 2277 eam

593 2335 731 2446 caput
746 2337 802 2424 v·
1237 2309 1426 2426 virtutem,
1456 2308 1575 2376 minus
1607 2308 1704 2425 pidet
1727 2322 1910 2430 'quantum‘
1939 2307 2007 2429 hoc
2031 2312 2138 2428 decus
2162 2310 2222 2394 sit,

1237 2435 1320 2506 qma
1352 2412 1508 2505 quodam
1538 2411 1663 2479 ordme
1700 2412 1869 2482 divm1tus
1900 2426 2082 2497 msututo,
2126 2426 2224 2483 mter

302 2505 368 2574 Hic
382 2503 662 2595 disputationem
687 2505 812 2574 inserit
835 2507 878 2574 de
893 2506 1008 2575 libero
1024 2506 1186 2590 arbitrio,
1237 2528 1546 2604 caeteraspoenas,
1562 2537 1663 2581 error
1678 2526 1714 2582 et
1728 2516 1884 2585 amentia
1897 2517 2057 2609 sequitur
2071 2516 2222 2606 flagitia.

201 2633 292 2703 quae
315 2611 359 2676 ab
382 2608 444 2690 iis,
480 2608 542 2701 qui
566 2621 660 2677 recte
682 2607 835 2679 instituti
859 2610 1001 2679 suntin
1023 2609 1186 2678 doctrina
1237 2618 1306 2686 Sed
1320 2613 1542 2686 Christianos
1556 2640 1695 2686 necesse
1711 2630 1763 2686 est
1776 2643 1861 2687 vero
1876 2620 1993 2688 studio
2009 2615 2102 2687 hanc
2116 2617 2223 2690 discr

201 2708 413 2794 christiana,
440 2711 541 2778 facile
559 2711 728 2802 explicari
742 2724 869 2802 potest.
922 2712 967 2781 Et
984 2713 1088 2782 bonis
1104 2713 1187 2781 sim·
1236 2720 1373 2812 plinam
1391 2732 1592 2811 praestare,
1618 2719 1655 2786 id
1672 2731 1743 2803 est,
1770 2721 1819 2790 ita
1835 2746 1954 2812 regere
1971 2722 2149 2804 actiones,
2175 2745 2223 2791 ne

200 2814 293 2907 plex,
320 2827 355 2882 et
370 2815 472 2902 firma
486 2815 661 2882 sententia
678 2815 920 2904 cognoscenda
938 2827 1000 2898 est,
1018 2839 1087 2908 qua
1103 2840 1187 2883 con·
1235 2836 1343 2892 ruant
1364 2835 1486 2891 contra
1513 2809 1777 2893 conscientiam.
1828 2822 1879 2893 Ac
1903 2848 2006 2916 saepe
2030 2849 2223 2894 monemus

201 2918 343 2999 stituta,
376 2915 477 2984 facilc
500 2928 622 3006 postea
649 2927 701 2984 est
730 2915 871 2999 videre,
905 2919 1000 2986 unde
1031 2916 1186 2987 aliorum
1236 2938 1391 3020 quatuor
1405 2950 1478 2994 esse
1495 2948 1637 3008 causas,
1663 2938 1812 3017 propter
1829 2952 1918 3020 quas
1931 2923 2020 2996 haec
2034 2927 2221 3019 diligentia

202 3019 397 3089 certamina
422 3016 637 3089 extiterint..
666 3017 776 3085 Stoici
803 3019 842 3086 in
875 3013 942 3088 hac
966 3020 1186 3112 quaestione,
1234 3027 1431 3098 necessaria
1447 3040 1509 3097 est.
1543 3027 1666 3096 Prima
1686 3040 1737 3097 est
1750 3043 1898 3120 propter
1913 3033 2122 3099 mandatum
2138 3029 2222 3112 Dei,

199 3123 308 3193 rixati
329 3132 412 3189 sunt
434 3120 477 3187 de
500 3120 585 3188 sato.
637 3119 741 3188 Plato
769 3133 917 3212 propter
947 3121 1034 3191 alias
1064 3147 1186 3193 causas
1234 3133 1387 3202 secunda
1404 3132 1449 3199 ad
1466 3130 1629 3199 vitandas
1643 3154 1789 3221 poenas,
1814 3133 1896 3225 quia
1912 3158 1987 3202 non
2002 3133 2153 3203 dubium
2168 3143 2224 3202 est

201 3224 297 3293 tollit
321 3223 541 3305 libertatem,
573 3221 744 3291 adductus
765 3222 928 3292 videlicet
952 3224 992 3294 in
1014 3249 1185 3310 errorem,
1234 3246 1378 3304 externa
1409 3232 1555 3315 delicta,
1592 3233 1717 3301 ordine
1752 3233 1872 3303 aDeo
1901 3235 2085 3320 instituto,
2118 3233 2223 3329 sequi

203 3326 288 3420 quia
317 3321 497 3394 humanae
529 3323 780 3394 imbecillitatis
812 3351 954 3396 causam
985 3329 1184 3419 ignorabat.
1233 3362 1367 3430 poenas
1382 3335 1421 3404 in
1434 3333 1501 3405 hac
1517 3335 1603 3419 vita,
1628 3349 1776 3427 propter
1790 3338 1877 3407 duas
1895 3363 2029 3422 causas,
2046 3351 2086 3408 ut
2100 3351 2220 3408 osten·

89 3486 92 3499 .
201 3428 300 3497 Vidit
318 3427 502 3497 dissidium
518 3427 689 3510 rationis,
715 3441 751 3496 et
765 3429 916 3499 aliarum
933 3431 1076 3515 virium,
1102 3432 1183 3500 ideo
1233 3442 1342 3511 (laese
1359 3440 1455 3509 Deus
1473 3439 1576 3506 irasci
1592 3438 1746 3522 delictis,
1786 3441 1913 3509 deinde
1936 3452 2136 3512 uttueatur
2152 3465 2217 3532 po·

201 3531 316 3600 mssvil
342 3545 541 3614 certamen,
576 3555 616 3598 ²¹⁰
639 3530 726 3599 duas
746 3532 871 3601 recitat
895 3557 1037 3615 causas,
1074 3560 1184 3628 quare
1231 3544 1345 3626 litias,
1373 3567 1461 3637 quas
1484 3541 1560 3610 vult
1581 3541 1802 3626 conservari,
1829 3543 1980 3637 ideoque
2003 3544 2080 3612 vult
2099 3539 2217 3613 homi-

203 3634 344 3704 disserit
365 3633 493 3703 vitium
509 3659 584 3702 non
601 3658 673 3702 esse
688 3634 950 3718 voluntarium,
971 3637 1073 3728 prior
1097 3634 1184 3705 haec
1232 3671 1319 3715 num
1336 3644 1734 3736 moresregietpoenis
1751 3641 1944 3716 coherceri,
1993 3644 2078 3716 Ideo
2103 3645 2219 3714 mani.

203 3749 275 3818 est,
301 3736 386 3803 Vilia
402 3748 486 3804 ⁸1¹1st
509 3750 632 3805 ⁶01¹iffl
658 3748 845 3821 naturam>
872 3738 981 3807 altera
1004 3751 1073 3824 θεῖ,
1100 3741 1182 3832 quia
1232 3749 1327 3819 sestis
1345 3748 1502 3817 cladibus
1517 3747 1621 3837 punit
1634 3747 1812 3839 periuria,
1838 3749 2041 3833 seditiones,
2067 3748 2219 3819 iniustae

203 3851 484 3931 temperamenta
503 3863 696 3929 corporum
711 3838 884 3908 inclinant
899 3844 945 3910 ad
959 3841 1057 3911 vitia.
1108 3843 1185 3911 Etsi
1233 3853 1375 3933 caedes,
1401 3851 1551 3919 incestas
1572 3849 1755 3933 libidines,
1786 3853 1920 3920 atrocia
1943 3854 2057 3933 furta,
2089 3874 2233 3943 usuras⁸

202 3956 320 4013 autem
336 3941 461 4032 ignaro
478 3941 662 4010 doctrinae
680 3937 891 4012 christianae
909 3944 1048 4012 difficile
1064 3958 1184 4014 estre·
1234 3967 1298 4024 etc,
1350 3952 1473 4021 Tertia
1490 3976 1615 4036 causa,
1641 3965 1681 4021 ut
1703 3953 1856 4022 aliorum
1879 3953 2130 4048 tranquillitati
2144 3977 2219 4023 ser.

202 4048 390 4138 spondere,
417 4057 538 4113 tamen
551 4043 654 4113 nobis
670 4043 837 4114 institutis
854 4045 891 4113 in
905 4045 1076 4130 Ecclesia,
1101 4048 1184 4117 saci·
1232 4057 1381 4125 viamus.
1434 4055 1589 4146 Quarta,
1616 4066 1658 4123 ut
1670 4054 1716 4124 sit
1729 4057 1946 4148 paedagogia
1965 4057 2003 4124 in
2022 4052 2218 4139 Christum,

201 4149 245 4220 lis
260 4163 312 4220 est
336 4146 536 4238 explicatio.
588 4142 628 4215 ln
648 4160 767 4216 mente
792 4161 914 4216 manet
934 4163 1071 4219 rectrun
1092 4151 1184 4220 iudi·
1233 4159 1316 4253 quia
1339 4157 1491 4249 Spiritus
1515 4169 1654 4225 sanctus
1685 4171 1835 4228 nonest
1863 4162 1985 4228 efficax
2007 4159 2045 4226 iu
2071 4155 2126 4229 his
2151 4157 2233 4252 qui·

202 4254 295 4322 cium
312 4255 355 4322 de
369 4247 526 4320 honestis
542 4250 758 4333 actionibus,
784 4252 993 4342 praesertim
1012 4254 1184 4323 civilibus.
1232 4275 1462 4353 perseverant
1476 4259 1514 4327 in
1529 4259 1665 4328 delictis
1679 4273 1802 4330 contra
1819 4262 2083 4332 conscientiam.
2137 4260 2217 4331 Hae

200 4353 294 4424 Huic
309 4358 555 4445 obtemperare
570 4366 686 4445 potest
709 4348 819 4421 homo
844 4354 882 4422 in
902 4356 1054 4425 externis
1075 4357 1184 4424 actio·
1233 4377 1388 4458 quatuor
1410 4386 1534 4434 causae
1553 4386 1692 4454 semper
1714 4363 1785 4433 siut
1806 4363 1842 4432 in
1860 4377 2069 4455 conspectu,
2094 4375 2216 4434 utnos

201 4457 325 4539 nibus,
356 4455 447 4523 sicut
468 4457 610 4525 artificis
632 4480 759 4525 manus
783 4456 893 4547 ipsius
918 4459 1124 4547 cogitationi
1146 4458 1183 4526 iu
1232 4470 1278 4538 ad
1294 4468 1467 4558 regendos
1482 4489 1599 4534 mores
1615 4466 1820 4549 exusciteng
1845 4462 1913 4534 hoc
1933 4491 2012 4536 cum
2029 4468 2079 4550 fit,
2106 4467 2239 4547 adda,

202 4571 347 4628 externo
367 4582 473 4648 opere
488 4558 650 4627 faciendo
671 4559 917 4649 obtemperare
934 4573 1062 4650 potest.
1088 4561 1183 4629 Haec
1232 4596 1311 4640 mus
1327 4570 1434 4640 etiam
1452 4593 1572 4637 veram
1588 4568 1845 4659 poenitentiam
1861 4581 1896 4638 et
1908 4570 2027 4640 fidem.
2077 4566 2134 4638 Ad
2147 4562 2261 4653 hose]

200 4661 345 4731 libertas
363 4660 493 4728 mansit
515 4661 621 4728 etiam
639 4661 677 4727 in
700 4655 766 4728 hac
791 4675 957 4751 corrupta
973 4677 1123 4746 natura,
1150 4677 1184 4731 et
1231 4686 1350 4743 motus
1369 4683 1586 4742 concurrunt
1600 4673 1720 4763 plures
1735 4695 1877 4755 causae,
1907 4672 2040 4741 scilicet
2063 4672 2243 4742 verbum.

200 4757 823 4854 discernithominemapecudibus.
875 4764 984 4833 Recte
1007 4766 1114 4857 igitur
1127 4791 1183 4834 re·
1231 4776 1316 4859 Dei,
1343 4776 1671 4868 spiritussanctus‚
1698 4798 1797 4845 mens
1821 4770 1996 4858 hominis,
2031 4787 2066 4843 et
2087 4774 2240 4861 volun..

199 4871 414 4959 spondetur,
448 4866 669 4934 voluntatem
692 4859 848 4936 hominis
873 4867 1021 4937 liberam
1049 4895 1121 4939 esse
1144 4868 1182 4937 in
1232 4893 1285 4950 tas
1304 4874 1483 4962 hominis,
1512 4902 1603 4971 quae
1628 4891 1726 4946 mota
1753 4900 1772 4943 a
1798 4877 1933 4968 Spiritu
1958 4890 2105 4961 sancto,
2132 4900 2214 4949 cum
2229 4918 2261 4977 ,Ξ

199 4969 368 5062 eligendis
382 4967 580 5038 actionibus
597 4968 761 5038 externis.
814 4971 927 5061 Saepe
953 4984 1070 5040 autem
1095 4968 1182 5040 haec
1229 4983 1384 5054 luctatur
1402 5006 1482 5050 cum
1499 4979 1724 5063 infirmitate,
1752 4993 1843 5048 certe
1866 5004 1942 5048 non
1965 4992 2018 5049 est
2040 4979 2155 5050 otiosa
2176 4974 2261 5055 ἰπὶ-’ξ

196 5073 342 5144 libertas
356 5070 522 5155 vincitur,
538 5097 619 5142 cum
636 5073 681 5141 ab
700 5071 937 5142 imbecillitate
953 5088 1089 5159 nostra,
1104 5088 1180 5144 tum
1230 5097 1304 5153 tam
1319 5085 1452 5153 difficili
1475 5084 1678 5153 certamine.
1732 5081 1827 5150 Haec
1852 5082 1890 5150 in
1912 5083 2113 5174 praesentia
2133 5090 2260 5151 mo-·--‘

195 5232 402 5263 -.---
1228 5187 1346 5257 nuisse
1361 5188 1446 5258 satis
1463 5188 1519 5258 sit.
1571 5185 1688 5254 Stoica
1711 5184 1836 5255 deliria
1858 5186 1900 5254 de
1914 5183 1988 5254 fato
2004 5185 2094 5257 alias
2105 5206 2217 5279 saepe,
2231 5238 2255 5265 ,.

227 5323 277 5381 ao)
292 5321 371 5374 conr.
389 5323 414 5375 a.
430 5325 503 5374 sam.
522 5324 562 5388 u,
581 5323 606 5374 a.
623 5326 649 5375 ⁴.

227 5408 277 5468 ιι)
296 5410 374 5460 non.
391 5409 424 5462 u.
439 5410 459 5460 1.
479 5409 530 5459 ssa
542 5422 599 5473 sqq.
1197 5406 1208 5432 ¹
1264 5405 1313 5474 aa)
1331 5395 1367 5461 u'.
1385 5406 1521 5458 antonius
1538 5403 1705 5464 (rerumve)
1724 5403 1838 5453 maxime
1856 5403 2025 5455 testatione
