4544 5766
74 456 157 547 qui,
183 455 263 525 iure
280 455 403 525 divino
421 457 542 527 omnia
559 459 764 528 communia
782 485 867 531 esse.
919 460 988 528 Sed
1007 460 1061 529 iu·

74 556 388 627 riores-monendi
412 572 512 642 sunt,
550 574 591 632 ut
609 562 799 652 Augustini
821 564 914 632 dicta
938 566 1060 631 dextre

72 660 290 752 intelligant:
316 658 399 730 lure
412 656 572 733 humano
586 660 674 733 haec
690 665 775 734 villa
798 692 877 735 nica
901 678 971 748 est,
996 665 1060 736 sci-

73 763 173 846 lieet,
213 766 358 856 quoad
388 764 586 837 immediati
616 767 742 838 iudicis
773 768 1060 863 exequutionem,

353 182 572 247 .l''‘'·'l··'·
638 178 1559 277 ll.·ETfflCbE;DOCTffiltlffl'EItBMElett.t
1647 204 1835 259 ’μυ-κ

25 326 30 339 ”
76 350 325 442 intunpestive
339 350 519 425 dicuntur.
562 353 667 425 Unde
681 354 886 427 ratiocinati
897 360 985 427 erint
998 357 1062 426 ali·
1117 384 1134 421 .’

2021 204 2103 283 m

1362 402 1365 407 ·
1427 363 1528 433 Alia
1554 370 1785 460 quaestio:

1115 500 1261 570 Verane
1282 507 1341 570 est
1362 505 1516 597 regala:
1547 510 1752 582 Peccatum
1778 506 1851 582 non
1876 496 2098 606 dimittitur-²,

1335 609 1410 675 nist
1439 604 1606 680 allatam
1632 617 1872 687 restituatur.

1212 754 1377 824 Primum
1391 762 1592 850 respondeo
1604 766 1711 855 plane
1734 780 1769 835 ct
1791 769 1968 854 breviter,
1994 795 2097 862 regu-

75 890 145 935 uon
161 891 237 960 quo
252 868 298 935 ad
312 866 548 960 principalem
566 871 814 954 autoritatem,
840 871 1059 961 ntdicipos-
1111 856 1183 925 lam
1205 857 1281 926 ⁵5⁰⁰
1306 860 1378 928 Ulla
1400 863 1623 934 dubilssfifflle
1647 893 1771 939 veram
1792 897 1886 955 esse,
1926 875 2024 967 quod
2046 874 2096 949 ita

75 981 140 1052 ὅρι’
166 993 189 1036 a
208 972 379 1041 fflnifice
400 972 575 1064 supplicio
601 974 692 1042 affici
713 969 951 1058 homicidam,
984 997 1059 1041 „011
1110 959 1295 1050 perspicue
1311 961 1460 1055 intelligi
1475 980 1602 1056 potest.
1653 969 1730 1040 Etsi
1744 971 1840 1045 Deus
1856 988 1999 1066 peccata
2016 1000 2095 1067 gra-

76 1096 226 1162 ,περ’
265 1085 301 1141 et
330 1086 449 1143 tamen
475 1077 605 1166 gradus
636 1090 870 1167 congruentes
902 1077 1059 1145 ordinati
1112 1062 1154 1131 tis
1174 1063 1342 1148 remittit,
1374 1065 1410 1135 id
1435 1081 1503 1152 est,
1537 1071 1612 1139 sinc
1636 1077 1924 1165 compensatione
1947 1103 1966 1146 a
1989 1080 2093 1148 nobis

73 1188 161 1244 sunt,
215 1172 269 1243 113
282 1175 378 1246 Deus
402 1177 440 1245 in
466 1173 532 1246 hac
556 1192 685 1248 natura
708 1179 969 1250 disfincgjonem
995 1181 1058 1247 (10.
1110 1162 1380 1250 faciendaDeO,
1413 1181 1534 1239 tamen
1549 1173 1612 1241 nbi
1624 1176 1722 1245 nulla
1740 1191 1791 1246 est
1808 1181 2011 1264 conversi0,
2046 1181 2096 1249 ibi

73 1279 268 1348 miniorum
297 1280 495 1365 ordinavit,
535 1294 569 1350 et
592 1307 653 1352 sua
686 1308 773 1352 voce
801 1283 933 1353 sanxit:
974 1281 1058 1351 Non
1109 1267 1264 1336 sstfflafil
1286 1269 1459 1341 remissio·
1518 1274 1610 1344 Nam
1638 1279 1885 1351 iusiurandum
1908 1280 2093 1375 perspicue

70 1382 204 1451 tntum
227 1381 345 1452 facies.
411 1383 604 1454 Constituit
626 1396 743 1454 autem
766 1385 993 1476 magistratus
1024 1398 1059 1452 ct
1110 1371 1211 1439 dici&
1237 1370 1328 1439 VlVO
1346 1397 1430 1463 ⁰802
1456 1377 1711 1448 ΠθῙθῑηθΐῑθῐῐῐ
1732 1385 1948 1474 P⁰c⁰³1⁰il⁵2
1975 1386 2095 1455 sedut

70 1482 224 1565 iudices,
267 1498 308 1554 ut
337 1481 442 1556 huius
466 1486 521 1555 sui
543 1476 678 1556 ordinis
701 1488 901 1558 defensores
929 1499 1054 1557 essent.

68 1583 318 1657 certissimum
347 1602 399 1659 est
430 1589 557 1679 igitur,
592 1590 856 1659 distinctionem
879 1590 1057 1659 dominio-

65 1714 148 1760 rum
173 1688 262 1759 iuris
285 1691 399 1759 divini
423 1716 517 1776 esse,
552 1694 613 1763 sed
635 1693 837 1762 ordinatam
860 1717 925 1786 per
946 1693 1056 1782 magi-

63 1805 210 1863 stratus.
285 1791 383 1864 Sicut
410 1820 546 1886 poenae
579 1792 841 1866 homicidarum
876 1797 951 1866 sinc
984 1796 1054 1864 ulla

63 1893 294 1965 dubitatione
320 1909 403 1967 sunt
426 1898 513 1967 iuris
537 1897 670 1982 divini,
701 1901 762 1969 sed
785 1899 970 1969 ordinatae
991 1923 1055 1989 per

60 1999 328 2093 magistratum.
394 1998 491 2069 Hisce
524 2003 698 2071 sententia
734 2028 819 2071 vera
854 2015 888 2070 et
921 2000 1056 2093 perspi-

60 2126 132 2172 cua
160 2113 223 2173 est.

170 2255 228 2325 Ad
243 2268 443 2325 extremum
458 2255 616 2324 breviter
632 2259 726 2326 addo
750 2257 885 2325 dictum
909 2252 1055 2350 (tiatth.

55 2363 127 2444 22,
143 2357 244 2455 21.):
270 2358 361 2427 Date
372 2357 534 2443 Caesari,
562 2384 652 2453 quae
668 2359 933 2430 suntCaesaris.
972 2360 1055 2431 Non

56 2478 202 2533 temere
220 2475 283 2531 aut
299 2485 381 2530 casu
397 2462 529 2531 dictum
555 2475 622 2530 est:
658 2464 759 2555 Quae
783 2475 866 2532 sunt
881 2462 1053 2533 Caesaris.

54 2565 185 2636 Metus
198 2565 395 2634 circumdat
410 2565 563 2654 regilius,
581 2590 659 2634 cnm
678 2591 718 2635 ea
735 2567 814 2635 deiri
827 2566 936 2647 iubet,
964 2589 1053 2660 quae

56 2682 150 2741 sunt
181 2668 361 2761 ipsorum,
401 2691 475 2735 non
500 2666 619 2735 omnia
646 2693 736 2762 qnae
759 2668 960 2759 postulant,
994 2669 1054 2737 sed

56 2796 159 2867 quae
175 2769 259 2863 ipsis
273 2769 391 2839 debita
406 2783 499 2840 sunt.
524 2769 705 2861 Significat
719 2771 825 2862 igitur
841 2796 916 2839 non
934 2770 1052 2839 omnia

57 2900 191 2966 regum
207 2898 297 2959 esse,
324 2874 385 2941 sed
402 2872 566 2942 distincta
588 2898 660 2943 esse
669 2872 715 2968 ³⁸)
738 2874 918 2958 dominia,
944 2888 985 2942 ut
1000 2899 1054 2943 sa-

56 2979 107 3048 tis
132 2977 366 3058 dictumest,
409 2976 505 3047 iuxta
532 2990 779 3069 praeceptum:
816 2978 899 3047 Non
918 2979 1053 3047 liirtum

56 3079 184 3153 iacies.

166 3229 207 3301 ln
233 3231 303 3299 fine
325 3253 448 3299 rursus
470 3229 648 3296 admoneo
675 3230 872 3314 studiosos,
913 3242 953 3297 ut
977 3231 1052 3299 vul-

58 3360 148 3430 gare
165 3346 414 3426 argumentum
430 3346 526 3401 recte
544 3332 719 3422 explicare
736 3334 889 3403 discant:

112 3437 303 3511 Naturalia
322 3449 406 3506 sunt
421 3435 669 3505 immutabilia.

113 3540 332 3612 Communia
346 3563 467 3608 rerum
483 3550 536 3607 est
551 3536 735 3607 naturalis.

111 3644 212 3736 Ergo
228 3655 279 3712 est
298 3640 541 3710 immutabilis.

164 3797 379 3889 Respondeo
396 3797 440 3864 ad
454 3793 648 3863 Maiorem:
674 3792 861 3863 Naturalia
879 3804 962 3862 suut
983 3792 1049 3872 irn-

65 3901 270 3983 mutabilia,
309 3899 441 3969 scilicet
464 3924 554 3992 quae
578 3910 660 3965 sunt
678 3895 867 3988 praecepti.
926 3896 1049 3964 Voluit

64 4005 161 4073 enim
175 4003 273 4073 Deus
286 4027 431 4071 manere
446 4002 592 4070 notitias
606 4000 711 4090 legis,
739 4025 829 4094 quae
850 4011 933 4068 simt
956 3999 1048 4068 radii

10 4124 13 4189 g
66 4107 259 4199 sapientiae
274 4105 417 4173 divinae
432 4105 471 4173 in
487 4106 590 4173 nobis
605 4116 753 4195 propter
768 4104 897 4171 multas
914 4126 1046 4172 causas.

66 4210 131 4279 Sed
146 4210 216 4278 alia
231 4209 344 4277 multa
358 4210 452 4277 bona
468 4208 568 4277 utilia
585 4207 731 4277 fuerunt
745 4206 783 4273 in
798 4219 939 4288 natura,
958 4231 1047 4299 quo-

1110 1486 1340 1543 convertatur
1369 1488 1403 1543 et
1432 1478 1530 1548 vivat
1542 1479 1600 1576 ⁵⁰).
1666 1483 1815 1556 Necesse
1842 1503 1893 1557 est
1917 1500 2036 1557 autem
2058 1488 2097 1556 in

1110 1576 1341 1645 conversione
1368 1579 1500 1669 deponi
1532 1566 1657 1669 delicta
1681 1602 1804 1656 contra
1828 1590 2095 1674 conscientiam,

1109 1692 1148 1747 ut
1170 1678 1288 1771 inquit
1310 1679 1460 1750 Pardus:
1502 1684 1618 1754 Milita
1647 1689 1779 1759 bonam
1805 1692 1990 1777 militiam,
2031 1690 2094 1761 lra-

1107 1782 1194 1850 bcns
1210 1782 1316 1849 fidem
1331 1795 1365 1850 ct
1381 1783 1514 1854 bonam
1531 1791 1850 1888 conscicntiamffl).
1900 1794 1948 1863 Et
1961 1798 2004 1865 de
2023 1790 2093 1864 hoc

1110 1885 1185 1976 ipso
1201 1909 1328 1973 genere
1352 1884 1470 1979 inquit
1484 1888 1616 1961 Paulus
1637 1891 1745 1987 (Eph.
1763 1895 1799 1979 4,
1812 1897 1909 1991 28.);
1944 1898 2017 1991 Qui
2038 1900 2091 1968 su-

1107 2000 1206 2056 ratus
1222 2000 1292 2071 est,
1319 1988 1483 2082 deinceps
1499 2018 1575 2063 non
1588 1997 1744 2082 iuretur,
1770 2011 1810 2068 ut
1827 1996 1995 2070 moechus
2012 2026 2094 2093 per-

1108 2114 1272 2158 severans
1289 2090 1326 2157 in
1342 2093 1493 2178 scelere,
1519 2122 1593 2166 non
1609 2099 1737 2190 accipit
1749 2102 1997 2174 remissionem
2012 2128 2092 2195 pec·

1108 2205 1282 2263 catorum.

1206 2311 1303 2381 Haec
1321 2313 1521 2385 firmissima
1538 2329 1572 2386 et
1587 2321 1873 2393 manifestissima
1892 2337 1985 2395 sunt.
2038 2323 2091 2394 lta

1106 2413 1263 2484 retinens
1279 2441 1357 2484 rem
1373 2418 1526 2487 alienam
1552 2436 1675 2492 contra
1700 2426 1974 2509 conscientiam,
2012 2452 2092 2497 cum

1108 2517 1251 2609 quidem
1275 2520 1423 2588 reddere
1446 2535 1582 2612 posset,
1608 2543 1811 2615 perseverat
1834 2530 1871 2597 in
1894 2529 2023 2598 delicto
2032 2514 2091 2623 61)’.

1106 2619 1189 2688 Non
1211 2620 1319 2710 igitur
1340 2624 1467 2715 accipit
1480 2625 1745 2712 remissionem,
1772 2634 1834 2700 scd
1859 2656 1942 2699 vere
1965 2632 2092 2703 dolens

1107 2722 1149 2788 de
1165 2723 1318 2791 admisso
1329 2722 1375 2819 ⁰²)
1392 2727 1532 2809 scelere,
1559 2741 1593 2796 et
1608 2732 1814 2816 restituens,
1842 2746 1903 2803 aut
1918 2733 2010 2803 serio
2028 2757 2090 2803 vo·

1105 2825 1181 2893 lens
1197 2826 1402 2910 restituere,
1431 2842 1465 2896 ct
1487 2832 1631 2900 credens
1654 2834 1722 2902 sibi
1742 2835 1877 2903 remitti
1900 2849 2044 2927 peccata
2071 2861 2091 2904 a

1106 2927 1202 3012 Deo,
1229 2953 1311 2996 vere
1337 2932 1464 3022 accipit
1486 2934 1732 3005 remissionem
1752 2951 1991 3029 peccatorum.
2043 2937 2091 3008 Et

1106 3031 1186 3101 talis
1202 3033 1379 3102 restitutio
1396 3047 1448 3103 est
1462 3059 1551 3126 opus
1566 3041 1777 3109 mandatum
1795 3066 1815 3109 a
1831 3040 1909 3110 Deo
1931 3041 1969 3108 in
1986 3064 2089 3131 prae-

1106 3147 1226 3224 cepto:
1267 3134 1350 3205 Non
1375 3138 1509 3206 furtum
1533 3141 1660 3225 facies,
1703 3145 1806 3212 etad
1836 3144 2088 3213 contritionem

1104 3238 1160 3304 vel
1182 3240 1227 3306 ad
1249 3263 1380 3307 novam
1399 3240 1637 3312 obedientiam
1661 3246 1835 3334 pertinet,
1864 3262 1899 3316 et
1922 3247 2042 3315 differt
2068 3270 2088 3315 a

1104 3342 1312 3431 spectaculis
1325 3343 1605 3414 satisfactionum
1622 3349 1896 3433 canonicarum,
1924 3375 2012 3444 quas
2036 3349 2089 3418 di-

1105 3455 1189 3511 cunt
1205 3467 1276 3513 esse
1294 3469 1401 3535 opera
1417 3471 1492 3514 non
1511 3448 1695 3544 debitaffl).
1747 3452 1824 3521 Hoc
1841 3453 2032 3521 discrimen
2048 3465 2089 3521 ut

1103 3546 1340 3635 intelligatur,
1367 3548 1624 3619 consideranda
1641 3566 1692 3620 est
1708 3552 1844 3645 integra
1862 3555 2023 3624 doctrina
2044 3555 2087 3625 de

1103 3648 1343 3739 poenitentia,
1386 3675 1477 3744 quae
1502 3653 1586 3721 alibi
1608 3655 1749 3747 copiose
1781 3658 1953 3743 traditur,
1991 3659 2087 3727 unde

1102 3753 1275 3839 sumenda
1293 3765 1344 3821 est
1359 3754 1545 3846 explicatio
1562 3759 1780 3849 argumenti:

1152 3855 1350 3925 Satisiactio
1367 3857 1637 3949 inpoenitentia
1651 3887 1726 3930 non
1744 3876 1796 3933 est
1810 3861 2020 3933 necessaria.

1150 3958 1342 4028 Restitutio
1360 3961 1446 4029 furti
1462 3974 1513 4030 est
1527 3964 1732 4035 satisfactim

1149 4059 1246 4152 Ergo
1264 4061 1439 4131 restitutio
1455 4078 1594 4134 nonest
1609 4066 1819 4136 necessaria.

1200 4197 1414 4288 Respondeo
1439 4199 1484 4266 ad
1504 4198 1700 4268 Maiorem:
1736 4196 1956 4280 satisfactio,
1991 4222 2082 4290 qnae

66 4336 143 4382 rum
158 4312 311 4382 mutatio
325 4336 442 4403 poena
461 4324 513 4380 est
528 4309 638 4402 primi
654 4311 792 4401 lapsus,
819 4310 967 4378 utbona
986 4333 1046 4376 va·
1097 4300 1308 4368 nominatur
1332 4301 1522 4386 canonica,
1564 4326 1640 4370 non
1664 4313 1716 4371 est
1737 4300 1956 4383 necessaria,
1992 4324 2082 4392 quae

69 4414 183 4484 letudo
198 4415 474 4497 litteraturam,
507 4438 597 4508 quae
619 4437 714 4483 nunc
734 4413 955 4502 languelacta
983 4425 1044 4481 est.

68 4516 277 4610 llespondeo
294 4518 403 4608 igitur
418 4517 667 4585 adMinorem:
691 4515 906 4586 Cornnnmio
924 4538 1042 4583 rerum

71 4634 115 4689 est
140 4621 225 4691 iuris
246 4621 441 4702 naturalis,
467 4620 618 4702 seilicet,
644 4644 718 4687 non
740 4632 780 4688 ut
802 4630 1044 4709 praeceptum,

72 4725 124 4791 sed
145 4737 184 4793 ut
207 4724 344 4794 honum
373 4722 479 4808 utile,
519 4722 616 4816 quod
645 4734 729 4791 tunc
760 4734 837 4790 erat
864 4721 1043 4811 possibile,

74 4827 258 4896 sirutbona
274 4828 460 4910 valetudo,
487 4839 521 4894 et
537 4825 606 4893 alia
622 4827 734 4894 multa
748 4826 845 4894 bona
862 4824 963 4894 utilia
980 4849 1043 4892 na-

74 4939 162 4997 turae
176 4930 333 5020 integrae
349 4928 468 4998 addita
483 4930 641 5011 fuerunt,
668 4953 758 5021 quae
773 4941 896 5019 postca
915 4927 1041 4997 amissa

76 5044 155 5100 sunt.
204 5033 273 5102 Sed
288 5032 434 5102 notitias
448 5045 718 5123 praeceptorum
737 5056 882 5101 manere
892 5028 988 5100 Deus
1005 5031 1043 5097 in

76 5134 238 5206 mentibus
252 5131 442 5205 hominurn
459 5135 583 5204 voluit.

104 5412 146 5482 ³8)
161 5417 239 5478 esse]
257 5414 299 5467 sic
316 5414 384 5468 uta
404 5413 497 5480 tam,
516 5412 592 5465 test.
610 5416 639 5464 et
657 5411 751 5475 litem
773 5411 823 5463 ud.
845 5410 919 5463 tati.
937 5415 989 5465 est.

1131 4583 1179 4651 59)
1199 4585 1278 4638 Cani.
1296 4586 1398 4635 Erech.
1419 4585 1461 4649 te,
1479 4583 1523 4636 23.

1129 4688 1177 4756 so)
1198 4689 1275 4739 conr.
1297 4690 1319 4738 r.
1333 4689 1399 4739 rm
1415 4688 1441 4752 c,
1462 4686 1502 4736 ra.

1132 4789 1316 4910 manderem]
1333 4789 1375 4839 sic
1392 4790 1468 4838 reete
1486 4786 1536 4837 Ed.
1549 4787 1645 4851 tata.;
1673 4786 1740 4838 Edd.
1759 4787 1845 4853 itti,
1865 4785 1941 4839 1557.
1961 4790 1988 4838 et
2008 4788 2081 4839 156⁰.

1184 4875 1191 4909 ι
1204 4874 1233 4909 θθ
1248 4872 1273 4908 o.

1129 4962 1176 5027 62)
1195 4962 1331 5021 admisso]
1351 4960 1392 5009 sic
1409 4960 1475 5041 lidii.
1496 4958 1587 5023 155⁰,
1609 4959 1682 5006 1554.
1703 4960 1730 5007 et
1751 4957 1842 5021 taut,
1866 4958 1916 5009 lid.
1936 4959 2011 5011 1660,
2029 4964 2080 5024 ty.

1164 5044 1241 5094 pogr.
1261 5042 1374 5079 errore:
1400 5041 1512 5081 amisso.

1128 5135 1179 5193 6³)
1197 5131 1409 5183 satisfactiones
1420 5129 1567 5181 canonicas
1581 5128 1714 5178 Cathoiici
1733 5128 1824 5177 dicunt
1843 5141 1905 5178 esse
1923 5141 2007 5191 opera
2024 5142 2079 5180 non

1163 5203 1269 5260 debita,
1287 5202 1303 5252 i.
1318 5215 1341 5252 e.
1362 5213 1417 5250 uon
1435 5199 1563 5248 mandata
1579 5198 1642 5259 iege
1659 5198 1726 5255 Dei,
1744 5198 1794 5245 sed
1812 5199 2078 5262 supererogationis,

1163 5273 1285 5322 iniuncta
1306 5274 1341 5320 et
1365 5268 1500 5331 episcopis
1525 5267 1568 5314 vei
1593 5266 1745 5322 ministris,
1781 5269 1811 5314 ut
1836 5270 1995 5325 peccatores
2019 5278 2078 5316 me-

1162 5343 1277 5390 reantur
1300 5338 1493 5388 remissionem
1518 5346 1665 5396 poenarum
1690 5334 1860 5398 purgatorii,
1893 5335 1937 5384 vet
1962 5334 2079 5385 ailant!

1161 5421 1310 5474 positarum
1327 5409 1408 5458 autin
1426 5406 1509 5455 vitae.
