4544 5766
55 204 133 285 tes
294 202 364 279 1v.·
407 198 749 278 muuauraan
781 198 832 278 nt
866 202 1055 279 ennon
1079 201 1122 279 u
1153 198 1492 278 rounconuu
1523 202 1849 281 anuroraus.
2010 160 2086 283 sao

159 374 201 447 ln
224 372 349 462 rebus,
390 377 429 446 in
458 376 586 473 quibus
615 403 700 451 usus
729 391 782 452 est
812 381 1050 472 consumptio,
1103 392 1213 470 agunt
1226 381 1271 449 de
1287 377 1543 463 contractibus,
1570 381 1633 474 qui
1651 382 1783 455 nostris
1805 380 2025 474 temporibus
2047 383 2087 452 in

55 505 133 551 non
148 492 268 574 potest
291 504 375 551 usus
403 505 484 551 are
508 483 687 574 separari,
721 496 755 552 et
775 507 844 575 pro
864 508 931 553 usu
953 507 1050 553 seor·
1100 507 1168 552 usu
1190 495 1284 553 sunt.
1334 481 1409 553 Nos
1430 483 1632 553 meminisse
1656 486 1839 571 convenit,
1871 486 1969 580 quod
1992 484 2085 554 iudi·

53 610 135 656 sum
152 583 291 678 aliquid
308 583 413 674 exigi.
460 584 510 653 At
522 585 560 653 in
576 609 683 655 usura
697 587 864 656 venditur
879 611 975 670 usus,
996 609 1050 656 se·
1101 585 1195 654 cium
1218 586 1262 654 de
1283 585 1541 668 contractibus,
1580 611 1657 655 non
1679 589 1835 680 pertinet
1856 589 1903 658 ad
1922 587 2085 679 privatos

55 699 240 778 paratusa
258 711 308 758 re.
340 754 343 759 ,
359 685 424 756 Est
440 685 548 778 igitur
564 700 689 757 contra
705 702 883 760 naturam.
1100 683 1285 772 homines,
1325 699 1387 758 aut
1406 689 1571 758 docentes
1591 687 1838 781 Evangelium.
1906 691 2002 761 Tota
2028 714 2084 762 res

159 787 270 873 Item,
294 812 352 859 res
377 813 470 883 quae
492 803 621 860 natura
644 815 720 860 non
743 792 948 872 fruetificat,
973 814 1048 857 non
1101 792 1145 860 ad
1161 791 1408 881 magistratum
1424 790 1616 859 reiicienda
1632 806 1695 863 est.
1755 792 1788 864 ls
1805 795 2085 886 debetpronun·

55 893 163 962 debet
179 891 365 963 transferri
379 916 448 985 pro
462 917 502 962 re
515 893 760 965 fructificante.
811 893 859 964 At
880 895 918 962 in
938 916 1047 962 usura
1100 894 1209 976 tiare,
1237 893 1299 986 qui
1316 905 1515 963 contractus
1529 893 1601 962 sint
1613 897 1810 987 probandi,
1844 897 1934 967 sieut
1953 895 2084 966 medici

55 996 271 1064 transfertur
290 995 461 1086 pecunia,
488 1021 580 1089 quae
603 1009 731 1066 natura
752 1022 827 1066 non
847 995 1047 1067 fructificat.
1100 1008 1152 1066 est
1172 995 1429 1088 pronuntiare,
1468 1018 1559 1089 quae
1580 993 1774 1088 pharmaca
1795 1001 1912 1069 danda
1943 1000 2016 1070 sint
2043 992 2083 1067 in

55 1096 103 1167 Et
119 1111 241 1167 tamen
258 1097 410 1187 exigitur
427 1098 563 1193 aliquid
578 1112 749 1192 tanquam
773 1124 816 1169 ex
840 1124 879 1169 re
902 1098 1047 1167 fructifi-
1098 1099 1205 1183 febri,
1233 1124 1322 1192 quae
1337 1098 1376 1166 in
1391 1098 1592 1191 pleuritide.
1642 1098 1767 1194 ltaque
1782 1102 2084 1194 nonestpermit·

57 1213 172 1270 cante.
232 1197 342 1292 Igitur
364 1225 472 1270 usura
495 1215 548 1272 est
572 1214 696 1270 contra
724 1216 903 1274 naturam.
953 1201 1046 1272 Nam
1099 1204 1245 1270 tendum
1262 1201 1592 1285 concionatoribus,
1618 1216 1659 1272 ut
1674 1205 1742 1273 sibi
1756 1218 1900 1275 sumant
1912 1203 2083 1275 iudicium

59 1304 121 1397 qui
144 1327 269 1394 agrum
295 1304 424 1386 elocat,
463 1304 541 1373 iure
565 1305 701 1398 aliquid
726 1305 896 1398 percipit,
936 1328 1046 1398 quum
1099 1306 1141 1374 de
1156 1305 1414 1387 contractibus,
1440 1305 1648 1395 praesertim
1674 1320 1799 1375 contra
1824 1306 1994 1378 iudicium
2018 1332 2084 1399 pu-

58 1430 142 1496 ager
155 1418 286 1474 natura
301 1407 393 1474 ferat
406 1407 536 1497 fruges.
1097 1407 1273 1476 blicarum
1298 1408 1436 1498 legum,
1478 1432 1630 1501 quarum
1657 1435 1766 1502 quum
1791 1411 1964 1482 autoritas
1988 1411 2085 1479 labe-

157 1507 226 1577 Hic
242 1508 424 1599 disputant
440 1510 672 1593 recentiores,
697 1522 819 1579 utrum
832 1504 1046 1577 liceatChri—
1096 1511 1269 1592 iactatur,
1307 1533 1446 1580 necesse
1472 1523 1525 1580 est
1547 1511 1722 1581 maximos
1749 1513 1881 1581 exoriri
1904 1526 2023 1583 motus
2045 1513 2085 1580 in

56 1611 173 1682 seiano
202 1635 363 1681 exercere
391 1612 528 1683 foenus.
602 1613 678 1684 Nos
709 1612 867 1681 breviter
899 1635 1046 1703 respon·
1096 1610 1363 1703 rebuspublicis.
1414 1610 1505 1681 Illud
1518 1614 1629 1704 magis
1645 1615 1799 1706 pertinet
1824 1617 1869 1683 ad
1892 1640 1994 1699 eum,
2021 1615 2085 1708 qui

58 1714 200 1798 demus,
234 1710 437 1783 Christiano
460 1714 566 1784 licere
590 1716 645 1786 uti
666 1713 923 1798 contractibus,
956 1738 1046 1807 quos
1098 1718 1200 1784 docet
1213 1713 1466 1805 Evangelium,
1490 1729 1530 1786 ut
1552 1719 1762 1801 admoneat,
1794 1729 1829 1786 et
1850 1718 1944 1809 leges
1967 1716 2085 1810 publi·

57 1817 149 1907 leges
165 1818 342 1909 probant,
368 1828 404 1885 et
424 1816 584 1887 iudicant
605 1814 774 1889 honestos
799 1841 893 1899 esse,
923 1841 1046 1911 quem-
1098 1842 1154 1887 cas
1167 1817 1330 1908 religiose
1348 1818 1513 1890 colendas
1531 1843 1624 1904 esse,
1650 1833 1685 1889 et
1699 1822 1795 1914 quod
1811 1820 1865 1889 uti
1883 1822 1987 1890 liceat
1999 1844 2084 1889 con·

58 1921 252 1990 admodum
274 1919 357 1989 licet
372 1915 576 1989 Christiano
600 1922 654 1991 uti
678 1921 756 1991 aliis
776 1919 931 2013 politicis
950 1919 1046 1988 ordi·
1098 1920 1266 1990 tractibus
1288 1920 1471 2004 omnibus,
1510 1947 1599 2015 quos
1621 1924 1777 2014 probant
1795 1924 1900 2013 leges.
1956 1923 2083 2016 Neque

58 2021 275 2094 nationibus.
338 2021 556 2115 Quanquam
576 2038 640 2093 aut
661 2024 754 2114 leges
775 2036 911 2093 veteres
933 2022 1045 2115 impe·
1097 2048 1183 2093 vero
1203 2024 1297 2113 leges
1318 2018 1562 2093 inhumaniter
1586 2026 1698 2118 accipi
1721 2028 1870 2111 debent,
1896 2028 1958 2097 sed
1974 2026 2082 2097 ἐπιει-

58 2137 217 2195 ratorum
233 2125 472 2219 permiserunt
484 2151 628 2210 usuras,
653 2139 774 2196 tamen
789 2150 864 2194 non
878 2126 1045 2218 probant,
1096 2131 1190 2215 κῶς,
1225 2139 1266 2195 ut
1286 2127 1508 2218 temporibus
1529 2125 1695 2197 nonnihil
1712 2130 1939 2200 concedatur.
1991 2126 2083 2198 Satis

58 2251 120 2297 nec
133 2227 293 2299 iudicant
307 2224 475 2298 honestas
493 2253 579 2300 esse.
610 2230 694 2301 Non
710 2230 805 2300 enim
823 2228 942 2298 omnia
960 2253 1045 2320 pro·
1097 2230 1202 2299 estin
1216 2229 1368 2320 negotiis
1387 2228 1547 2300 civilibus
1559 2232 1737 2322 probabili
1751 2231 1890 2302 ratione
1902 2229 1969 2302 uti.
1999 2229 2084 2302 Non

58 2331 141 2400 bant
154 2332 250 2423 leges
270 2355 363 2426 quae
385 2332 609 2423 permittunt.
672 2331 756 2403 Non
779 2332 876 2401 enim
896 2342 1046 2422 possunt
1096 2333 1228 2426 ubique
1243 2333 1576 2416 demonstrationes,
1595 2347 1657 2403 aut
1671 2318 1912 2404 exactissimae
1924 2333 2084 2404 rationes

59 2433 150 2525 leges
164 2434 289 2503 omnia
307 2434 392 2503 vitia
415 2435 540 2505 tollere
564 2460 607 2505 ex
629 2436 735 2506 rebus
759 2433 929 2527 publicis,
955 2434 1045 2504 sicut
1097 2436 1321 2528 quaerendae
1345 2446 1438 2505 sunt.
1501 2435 1644 2505 Habent
1667 2438 1759 2507 iusta
1782 2438 1940 2508 medium
1969 2437 2083 2531 quod·

59 2560 121 2606 nec
134 2536 267 2607 medici
281 2561 406 2608 omnes
424 2539 570 2609 morbos
595 2562 790 2630 corporum
812 2560 939 2607 sanare
963 2561 1045 2628 pos·
1096 2539 1199 2621 dam,
1225 2539 1287 2605 sed
1300 2538 1337 2604 id
1351 2536 1595 2628 accipiendum
1611 2549 1663 2607 est
1678 2539 1718 2613 ἐν
1734 2533 1879 2626 πλάτει,
1906 2540 2003 2608 iuxta
2019 2538 2083 2606 ali-

60 2653 156 2724 sunt,
182 2641 357 2735 quosdam
377 2639 485 2709 etiam
499 2642 646 2711 morbos
666 2653 789 2709 vetant
808 2639 950 2708 irritare
971 2663 1044 2707 me-
1096 2663 1204 2733 quam
1232 2639 1454 2730 probabilem
1488 2640 1677 2711 rationem.
1740 2642 1815 2712 Nee
1846 2639 2082 2711 conscientiae

60 2742 276 2814 dicamentis.
324 2741 380 2812 lta
396 2743 489 2833 leges
505 2746 681 2837 quaedam
698 2743 807 2829 vitia,
830 2766 923 2836 quae
936 2742 1042 2834 longa
1096 2744 1141 2812 ad
1155 2742 1440 2836 unamaliquam
1456 2741 1494 2809 in
1511 2743 1639 2814 talibus
1656 2744 1807 2834 negotiis
1829 2745 1983 2813 formam
2005 2742 2083 2810 alli-

61 2847 310 2917 consuetudine
328 2847 556 2930 confirmata,
577 2847 654 2916 sine
668 2870 800 2938 magno
814 2846 1043 2916 incommodo
1095 2847 1231 2936 gandae
1246 2857 1347 2928 sunt,
1372 2845 1456 2915 satis
1474 2858 1527 2916 est
1542 2870 1601 2916 eas
1617 2847 1763 2939 obsequi
1777 2847 1927 2938 publicis
1946 2845 2084 2936 legibus

61 2973 129 3018 non
148 2962 303 3043 possunt
322 2948 419 3031 tolli,
458 2948 684 3020 dissimulant
706 2963 742 3018 et
762 2952 894 3020 serunt.
959 2948 1043 3020 Non
1095 2971 1136 3016 ac
1152 2946 1427 3039 magistratibus.
1488 2948 1627 3018 Horum
1650 2949 1821 3019 iudicium
1842 2949 1944 3045 sequi
1963 2960 2081 3017 tutum

61 3050 161 3141 igitur
183 3052 361 3122 exercebit
384 3047 606 3122 Christianus
625 3077 763 3124 usuras.
828 3051 958 3120 Utetur
982 3076 1044 3122 au·
1096 3051 1199 3121 estin
1214 3051 1319 3121 rebus
1334 3050 1515 3135 civilibus,
1540 3053 1651 3122 modo
1674 3064 1805 3122 utnon
1825 3053 1951 3147 procul
1975 3075 1995 3118 a
2018 3073 2081 3117 na-

62 3167 126 3222 tem
140 3154 221 3225 aliis
238 3154 477 3226 contractibus
498 3155 685 3247 legitimis,
712 3181 803 3250 quos
817 3155 947 3247 probat
968 3178 1043 3223 ma·
1095 3166 1175 3224 tura
1193 3153 1393 3238 discedant,
1419 3154 1481 3224 sed
1494 3149 1651 3225 habeant
1665 3155 1823 3249 aliquam
1840 3180 1924 3229 suae
1940 3165 2084 3226 senten·

62 3256 232 3346 gistratus.
295 3257 401 3328 Multi
431 3253 500 3328 hoc
520 3272 683 3349 tempore
708 3259 818 3328 miras
841 3257 1042 3348 tragoedias
1094 3256 1164 3326 tiae
1177 3256 1400 3349 probabilem
1417 3280 1573 3329 causam.

601 3582 888 3645 SECUNDUS
934 3582 1097 3646 LIBER
1140 3580 1531 3645 POL1r1cottutt

151 3769 336 3841 Secundus
351 3769 442 3840 liber
457 3785 553 3842 totus
576 3786 629 3842 est
652 3771 852 3847 historicus.
903 3772 1044 3842 Recitat
1093 3797 1173 3842 rum
1192 3785 1311 3842 motus
1325 3794 1401 3840 non
1415 3783 1564 3863 possunt
1578 3766 1736 3842 humana
1757 3768 1793 3838 vi
1817 3768 1963 3840 mutari.
2012 3764 2083 3836 lm·

63 3871 148 3942 enim
171 3872 292 3944 varias
316 3873 477 3965 politius,
516 3900 558 3944 ac
584 3877 739 3968 primum
762 3878 924 3948 Platonis
953 3875 1044 3968 poli·
1094 3875 1200 3968 periti
1215 3871 1396 3959 homines,
1422 3874 1486 3968 qui
1500 3887 1630 3966 putant
1646 3875 1723 3944 sine
1740 3873 1888 3942 consilio
1902 3871 1971 3941 Dei
1989 3868 2081 3962 poli·

61 3974 139 4045 tiam
166 3971 415 4070 reprehendit,
455 3978 517 4072 qui
543 3981 658 4065 voluit
685 3981 806 4052 omnia
838 3978 1042 4050 eommunia
1094 3979 1161 4049 tias
1177 3978 1344 4063 existere,
1370 3973 1409 4046 hi
1424 3978 1670 4068 praesentibus
1684 3977 1808 4046 offensi
1825 3976 1920 4045 vitiis
1942 3997 2080 4043 rerum-

63 4100 127 4147 esse
142 4079 333 4162 omnibus,
359 4080 464 4149 etiam
486 4107 614 4153 uxores
631 4109 672 4153 ac
686 4085 830 4156 liberos.
880 4083 978 4152 llaec
991 4093 1043 4152 est
1094 4081 1338 4172 publicarum,
1372 4093 1551 4174 quaerunt
1565 4080 1652 4150 alias
1665 4082 1800 4149 formas
1816 4076 2080 4146 constituenda-

62 4179 145 4250 enim
160 4181 319 4252 Socratis
343 4180 381 4250 in
409 4182 508 4252 libris
532 4186 576 4254 de
597 4188 777 4279 republica
803 4189 898 4279 apud
921 4187 1042 4255 Plato·
1093 4209 1174 4254 rum
1192 4183 1393 4266 civitatum,
1422 4185 1507 4253 dum
1525 4183 1682 4272 cogitant
1696 4206 1753 4251 eas
1770 4181 1806 4247 in
1822 4180 1931 4248 aliurn
1946 4189 2079 4247 statum

62 4283 189 4379 ΜΝ)
227 4285 413 4354 sententia.
478 4284 686 4361 Aristoteles
717 4291 855 4384 aliquot
883 4289 1041 4358 rationes
1092 4283 1250 4356 humano
1268 4285 1416 4356 consilio
1431 4284 1615 4355 transferri
1629 4308 1743 4375 posse.
1795 4280 1862 4350 Hic
1884 4304 1986 4350 error
2010 4277 2080 4347 ini·

62 4387 211 4479 collegit,
247 4387 377 4482 quibus
399 4390 554 4458 ostendit
572 4386 665 4461 hane
687 4393 898 4463 sententiam
919 4393 1040 4461 Plato·
1092 4389 1143 4458 tio
1159 4388 1366 4459 eximendus
1388 4399 1442 4458 est
1461 4386 1610 4469 animis,
1637 4399 1672 4454 et
1692 4385 1895 4468 sciendum,
1916 4383 2014 4476 quod
2030 4381 2080 4450 le-

60 4489 106 4560 nis
126 4515 209 4560 cum
230 4501 359 4559 natura
380 4485 538 4563 hominis
553 4518 732 4584 pugnare,
758 4508 794 4566 et
808 4495 907 4566 nullo
929 4494 1039 4564 modo
1091 4493 1214 4583 gitima
1238 4491 1364 4584 politia
1388 4502 1423 4559 et
1443 4512 1564 4559 rerum
1589 4487 1716 4558 divisio
1738 4491 1784 4558 sit
1807 4513 1896 4579 opus
1908 4485 1989 4557 Dei.
2040 4482 2080 4554 si

62 4592 200 4681 probari
213 4617 330 4685 posse.
375 4591 452 4685 Ego
468 4617 555 4664 vero
573 4595 681 4665 etiam
697 4597 800 4669 initio
816 4597 901 4668 duxi
915 4597 1039 4667 admo·
1091 4595 1171 4690 quis
1194 4588 1264 4663 hoc
1287 4592 1356 4663 sibi
1378 4591 1610 4684 persuaserit,
1650 4590 1752 4660 facile
1780 4589 1952 4681 intelliget
1974 4611 2079 4681 prae-

60 4698 210 4766 nendum
226 4720 299 4767 esse
315 4695 505 4781 lectorem,
530 4709 571 4767 ut
592 4699 822 4771 meminerint
842 4699 1038 4792 legitimam
1090 4710 1225 4767 sentem
1256 4708 1389 4767 statum
1416 4694 1644 4764 retinendum
1675 4718 1749 4765 esse
1778 4718 1820 4762 ac
1848 4692 1983 4763 mutari
2003 4712 2078 4759 non

62 4796 264 4870 divisionem
284 4820 407 4868 rerum
429 4823 471 4868 ac
492 4800 644 4870 formam
671 4803 952 4887 connubiorum,
982 4826 1039 4870 or·
1089 4822 1203 4892 posse.

62 4900 273 4972 linationem
297 4899 367 4970 Dei
391 4926 485 4985 esse,
528 4928 618 4997 quae
640 4929 716 4973 non
738 4919 855 4998 potest
879 4902 1038 4976 humano
1191 4899 1301 4967 Recte
1318 4897 1427 4990 igitur
1441 4897 1548 4969 sentit
1564 4897 1773 4971 Aristoteles
1787 4899 2001 4971 divisionem
2022 4917 2078 4964 re·

62 5004 198 5075 consilio
219 5004 367 5074 mutari.
432 5004 532 5075 Sicut
560 5007 654 5077 vices
682 5020 885 5101 temporum
913 5020 1038 5091 aestas,
1089 5028 1170 5073 rum
1190 5014 1464 5071 consentaneam
1483 5026 1557 5072 esse
1574 5015 1736 5074 naturae.
1788 5004 1865 5073 Hoc
1882 5016 1953 5085 est,
1980 4997 2077 5092 quod

61 5097 183 5192 hiems,
206 5131 302 5192 nox,
328 5106 423 5191 dies,
449 5132 571 5179 cursus
583 5108 668 5180 solis
691 5123 727 5181 et
748 5111 901 5181 aliorum
926 5122 1039 5181 astro·
1089 5105 1331 5175 iurisconsulti
1361 5104 1569 5175 erudissime
1602 5105 1745 5190 dicunt,
1785 5131 1858 5176 esse
1882 5130 1962 5175 eam
1988 5098 2077 5171 iuris

64 5269 256 5287 -.-.
1089 5208 1249 5301 gentium
1264 5232 1326 5278 seu
1342 5206 1430 5279 iuris
1448 5208 1633 5279 naturalis.
1693 5209 1856 5278 Platonis
1877 5232 1962 5278 vero
1984 5201 2077 5298 poli·
2175 5233 2182 5245 ·

1089 5310 1138 5381 tia
1153 5335 1300 5403 prorsus
1315 5334 1335 5379 a
1352 5324 1481 5382 natura
1502 5306 1682 5382 abhorret.
1738 5310 1902 5381 Primum
1924 5312 1969 5380 de
1992 5328 2078 5377 con·

89 5373 790 5510 mathathi’anfluffilffhniiphdl‘tiltsiqlb'.
804 5374 996 5513 pirpquqp,
1011 5378 1037 5431 α’
1088 5413 1185 5508 iugio
1210 5413 1323 5485 facilis
1345 5424 1397 5484 est
1416 5410 1595 5508 probatio.
1641 5405 1742 5484 Sicut
1757 5413 1850 5484 ratio
1864 5410 2078 5484 naturaliter
