4544 5766
110 183 214 261 tosa

106 362 144 430 in
160 359 360 452 periculum
375 351 495 444 venit,
517 374 558 431 ut
576 385 650 430 non
664 364 774 432 modo
792 362 993 455 privaretur
1010 388 1093 433 con·

443 185 502 263 XI.
551 186 832 263 ENARRATIO
866 186 1122 263 ORATIONIS
1151 179 1404 263 CICERONIS
1436 186 1536 259 PRO
1558 184 1784 259 MURENA.
1907 282 1910 289 ἱ

1114 362 1118 370 ’
1143 377 1215 432 tem
1231 386 1305 432 non
1322 364 1451 433 cadunt
1468 362 1623 432 affectus.
1674 356 1919 429 Misericordia
1935 365 2052 425 autem
2073 368 2124 424 est

2025 183 2131 257 1066·

107 464 245 547 sulatu,
271 487 395 533 verum
412 464 640 535 etiamfama.
696 464 811 536 Locus
827 467 1093 537 communisest
1142 467 1297 538 affectus.
1370 460 1496 560 maes]
1523 465 1616 555 Quia
1634 464 1709 532 sola
1726 462 1838 530 virtus
1854 461 1899 529 sit
1915 460 2021 527 bona.

109 569 154 637 de
176 566 343 667 pericsdis
368 591 512 650 eorum,
550 567 613 661 qui
640 571 811 637 accedunt
832 570 878 637 ad
899 569 1091 661 rempubli-

107 694 209 752 cam,
236 695 307 762 qno
329 669 449 738 multis
470 670 510 737 in
531 669 618 740 locis
640 694 724 741 usus
745 684 797 741 est
811 671 946 743 Cicero.
1025 675 1091 742 Se-

106 767 205 869 euti]
234 771 365 842 scilicet
397 773 458 866 qui
494 771 716 842 accessissent
746 776 791 842 ad
824 774 1089 866 rempublicam.

106 868 254 971 Relicta]
277 874 408 944 scilicet
424 887 507 943 sunt
527 899 548 943 a
570 875 775 946 maioribus.
852 869 999 972 Laudis]
1025 875 1089 946 sci-

105 977 188 1045 licet
211 978 424 1046 consulatus.
713 1024 716 1031 ,

210 1075 241 1169 5.
259 1075 319 1149 56.
346 1084 425 1148 Nou
444 1074 516 1175 qai]
543 1078 700 1149 Honesta
724 1080 884 1172 querela:
916 1079 1087 1149 Miserum

105 1193 157 1251 est
173 1181 333 1268 accusari
351 1181 469 1264 abiis,
496 1182 558 1275 qui
570 1184 684 1253 nullas
700 1182 774 1251 odii
798 1204 920 1252 causas
945 1179 1087 1251 habent.

105 1283 279 1352 Miserum
299 1294 369 1366 est,
395 1279 557 1353 homines
572 1297 668 1353 tanta
686 1309 759 1354 esse
775 1285 1015 1369 immanitate,
1048 1296 1088 1353 ut

106 1411 188 1456 cum
204 1410 279 1455 non
295 1386 430 1479 alioqui
447 1387 607 1469 oderint,
632 1391 759 1456 tameu‘
773 1388 811 1455 iu
832 1387 983 1478 gratiam
999 1387 1087 1456 alios

106 1502 283 1560 accusent.
347 1486 505 1587 Servius]
529 1489 776 1559 scilicetfilius.
844 1486 995 1588 Sodalis]
1022 1489 1088 1559 sci-

103 1593 186 1660 licet
211 1592 394 1660 Murenae.
476 1585 631 1686 Irrqcaiu]
664 1591 793 1662 scilicet
814 1592 938 1663 Servii.
1014 1597 1086 1662 Ne-

106 1687 264 1788 cessarii]
291 1693 421 1762 scilicet
442 1691 625 1762 Murenae.

151 1874 152 1885 ἵ
209 1793 240 1886 5.
257 1792 316 1866 57.
343 1792 572 1893 Desaitarias]
600 1795 731 1866 scilicet
749 1797 811 1890 qui
831 1795 952 1864 relicto
976 1805 1085 1861 certa-

106 1897 203 1967 mine
230 1900 384 1991 equestri
408 1897 557 1966 contulit
582 1924 618 1967 se
653 1898 691 1966 in
725 1911 902 1968 certamen
935 1896 1084 1966 currule.

105 1999 184 2084 Ille,
210 2025 290 2070 cum
312 2025 388 2068 non
412 2011 510 2091 petat
531 2002 773 2085 consulatum,
806 2014 925 2070 tamen
946 2010 1086 2069 accusat

108 2103 348 2185 consularem,
397 2115 432 2171 et
460 2125 535 2170 non
565 2105 673 2172 modo
702 2129 777 2173 non
804 2116 920 2195 petat,
963 2126 1084 2170 rerum

108 2207 213 2274 ctiam
228 2217 454 2298 praeturam,
481 2231 588 2298 quam
606 2207 755 2277 debehat
772 2220 912 2299 petere,
945 2203 1085 2272 abiicie-

107 2310 176 2379 lrat.
252 2312 357 2395 Quasi
369 2309 583 2401 desultorius]
609 2308 740 2392 idest,
772 2309 892 2379 relicta
912 2307 1083 2398 petitione

107 2423 304 2502 praeturae.
407 2412 636 2502 Consularem]
668 2413 799 2484 scilicet
827 2414 872 2480 ad
905 2410 1083 2478 vexandos

109 2514 321 2584 consulares.
424 2516 670 2610 competitores]
709 2515 747 2583 id
775 2525 845 2596 est,
884 2525 1083 2604 praeturae.

108 2609 342 2710 Repetendus]
370 2613 494 2683 Suavis
516 2616 644 2685 ironia.

208 2713 455 2810 CapXXVlll.
483 2713 514 2805 5.
529 2714 590 2789 58.
621 2721 723 2789 Venia
736 2714 843 2816 aune]
859 2716 975 2787 Locus
990 2741 1084 2785 com-

1243 568 1330 660 Cap.
1342 568 1449 637 XXX.
1478 564 1508 657 5.
1525 567 1585 640 62.
1615 566 1770 656 licendi]
1797 564 1922 642 idest,
1948 562 2025 630 vult
2040 584 2122 649 pro-

1139 673 1231 740 ferre
1248 674 1292 741 ad
1307 669 1596 739 consuetudinem
1612 668 1766 762 vivendi.
1838 664 2035 754 Nefarium]
2050 660 2121 728 Ex·

1141 775 1277 865 empla,
1304 773 1487 855 Mimeses,
1521 771 1622 866 quasi
1645 771 1755 838 dicat:
1788 768 1980 858 Nunquam
2005 775 2120 832 mutat

1139 877 1370 959 sententiam,
1402 888 1455 946 est
1474 873 1787 968 pertinacissimus.
1863 868 2050 958 Stetutum]
2082 865 2119 933 id

1140 992 1210 1062 est,
1239 979 1372 1048 mutari
1392 1002 1466 1046 non
1486 990 1613 1069 potest.
1690 975 1866 1063 Orciniana]
1900 969 2030 1039 scilicet
2054 991 2119 1056 pn·

1138 1081 1221 1151 tasti
1237 1082 1425 1151 Murenam
1442 1103 1619 1173 peccasse,
1654 1091 1689 1146 et
1709 1090 1743 1145 te
1768 1086 1955 1166 propterea
1977 1094 2117 1139 accusa-

1138 1197 1257 1255 turum
1283 1208 1355 1255 esse
1375 1209 1468 1253 eum.
1558 1181 1682 1270 Nobis]
1714 1179 1805 1248 Sunt
1829 1176 1937 1243 verba
1962 1170 2118 1242 Catonis.

1138 1288 1266 1382 lnquit]
1292 1287 1423 1358 scilicet
1438 1286 1538 1355 Cato.
1619 1282 1807 1371 Temporis]
1836 1276 1969 1348 scilicet
1986 1272 2120 1343 mutari

1137 1402 1278 1483 poterat
1299 1389 1483 1459 sententia.
1535 1386 1653 1455 Verba
1673 1394 1756 1453 sunt
1777 1379 1968 1450 Ciceronis.
2046 1381 2117 1446 lm-

1134 1495 1245 1584 proli]
1271 1491 1388 1561 Verba
1413 1491 1571 1560 Catonis.
1654 1478 1839 1579 Misereri]
1865 1482 1959 1574 Quia
1981 1475 2118 1548 miseri-

1137 1594 1257 1664 cordia
1274 1597 1369 1686 apud
1384 1619 1444 1664 eos
1460 1607 1512 1663 est
1526 1590 1665 1661 vitium.

1238 1695 1269 1789 5.
1287 1699 1347 1769 63.
1382 1696 1514 1789 Nostri]
1550 1687 1740 1768 ἀντίθεσις
1771 1683 2026 1777 Peripateticae
2053 1681 2128 1748 do-.

1136 1799 1270 1870 ctrinae
1287 1814 1322 1870 et
1335 1799 1484 1871 Stoicae.
1534 1791 1762 1886 Peripatetici
1784 1789 1925 1870 dicunt,
1948 1784 2118 1852 virtutem

1136 1927 1227 1985 esse,
1253 1927 1344 1996 quae
1364 1915 1465 1993 regat
1485 1912 1520 1969 et
1539 1900 1765 1977 moderetur,
1792 1904 1856 1961 etc.
1957 1883 2114 1976 inperia]

1135 2005 1267 2076 scilicet
1295 2004 1540 2074 mediocritate
1569 1997 1690 2068 omnia
1715 1995 1827 2064 officia
1851 1989 2003 2081 regenda
2030 2009 2115 2054 csse.

1136 2111 1362 2200 consanam]
1394 2107 1431 2175 id
1455 2117 1525 2189 est,
1558 2103 1711 2196 aliquem
1734 2120 1836 2190 posse
1858 2117 1930 2163 esse
1952 2101 2116 2159 constan·

1135 2223 1226 2292 tem,
1267 2210 1405 2279 etiamsi
1434 2209 1594 2300 ignoscat
1620 2202 1825 2295 aliquando.
1901 2189 2116 2278 Moderatus]

1136 2312 1336 2384 Conclusio.
1368 2311 1526 2381 Virtutes
1541 2305 1720 2388 concedit,
1746 2305 1807 2373 sed
1823 2295 2047 2390 asperitatem
2063 2315 2118 2359 re-

1136 2412 1333 2507 prehendit.
2089 2495 2098 2510 ·

1217 2518 1323 2610 Cap.
1337 2512 1459 2587 XXXI.
1489 2510 1519 2605 5.
1537 2509 1599 2583 64.
1636 2510 1698 2601 Te]
1731 2505 1862 2578 scilicet
1883 2511 2030 2593 propter
2053 2508 2115 2563 trr-

1135 2623 1319 2690 bunatum.

1238 2719 1269 2814 5.
1303 2720 1363 2795 65.
1420 2716 1620 2807 Protulisse]
1664 2710 1771 2781 Ratio
1809 2699 2113 2797 reprehensionis:

1135 2826 1229 2917 Quia
1244 2827 1362 2896 Stoica
1377 2821 1539 2893 doctrina
1557 2830 1609 2887 est
1630 2816 1738 2897 lalsa,
1770 2835 1854 2900 ergo
1877 2821 1917 2878 tu
1939 2801 2117 2894 mitigabis

107 2818 246 2904 munis,
285 2821 383 2913 quod
412 2823 584 2891 autoritas
606 2823 845 2892 accusantium
865 2845 940 2890 non
960 2821 1085 2889 debeat

1135 2953 1234 3013 eam,
1258 2927 1376 2998 flectes
1390 2950 1468 2994 eam
1485 2924 1530 2992 ad
1544 2917 1828 2990 moderationem
1844 2925 1879 2980 et
1891 2905 2115 2979 mediocrita-

108 2948 236 2992 nocere
250 2947 324 2991 reo.
403 2918 627 3020 Tribunatum]
653 2923 783 2994 scilicet
796 2950 901 3018 quem
916 2923 987 2991 iam
1003 2925 1085 2991 ade·

108 3040 189 3118 ptus
212 3038 264 3095 est
284 3025 384 3095 Cato.
458 3030 502 3095 ln
522 3022 577 3123 eo]
604 3025 734 3095 scilicet
751 3028 930 3096 Alrieano.
982 3024 1085 3094 Reci·
1135 3045 1219 3101 tem.
1297 3027 1573 3117 Consideremus]
1597 3020 1763 3116 Iniquum
1776 3017 1967 3110 petendum
1987 3018 2116 3124 estut

107 3141 157 3198 tat
188 3128 366 3218 exempla,
406 3129 503 3219 quod
532 3129 721 3197 immodica
751 3129 922 3200 autoritas
951 3128 1085 3221 profuit
1136 3157 1289 3227 aequum
1303 3137 1408 3205 feras.
1483 3126 1670 3221 Iyaoveris]
1685 3118 1961 3193 scilicetdicunt.
1993 3113 2116 3229 Stoica.
2195 3201 2204 3214 ,

107 3255 181 3300 ¹⁰0·
288 3231 494 3320 Nolueruat]
534 3231 624 3300 sunl
658 3228 938 3325 esslhymemsslas
984 3230 1085 3325 quasi
1135 3241 1256 3331 lmma]
1281 3238 1412 3308 scilicet
1427 3257 1491 3325 ego
1508 3232 1600 3300 dico.
1675 3216 2114 3316 Nesis]scilicetd1cunt.

105 3327 322 3429 decolorius
343 3318 596 3424 exemplorum.
663 3332 954 3433 aetpatticae⁷⁰)]
970 3335 1084 3415 idest,
1135 3343 1265 3433 aiam]
1291 3340 1422 3412 scilicet
1436 3361 1502 3427 ego
1519 3333 1618 3415 dico,
1652 3327 1784 3399 scilicet
1804 3349 1879 3393 non
1899 3322 1980 3389 ideo
2002 3316 2114 3386 debeo

107 3459 233 3504 causae
249 3433 449 3504 iudicantur
466 3460 508 3504 ex
524 3437 659 3506 meritis
672 3437 743 3521 rei,
769 3463 843 3507 non
865 3463 906 3508 ex
925 3437 1084 3531 potentia
1136 3468 1208 3514 esse
1230 3442 1449 3523 misericors,
1488 3450 1529 3508 ut
1548 3433 1759 3504 dissolvatur
1780 3425 1960 3498 severitas.
2040 3421 2116 3488 Hu-

106 3536 358 3609 tccuwnlium·
1135 3548 1325 3638 munitatis]
1351 3542 1536 3632 Exempla.

128 3656 141 3688 ·
209 3634 433 3732 CaquXIX.
460 3636 491 3729 5.
509 3641 568 3712 60.
596 3646 666 3733 Epa
687 3637 799 3739 tuum]
825 3642 1002 3713 Extenuat
1024 3665 1086 3713 au-

1240 3644 1270 3739 5.
1288 3647 1348 3718 66.
1376 3640 1443 3743 Tu]
1471 3640 1601 3713 scilicet
1623 3633 1744 3705 audire
1760 3629 1914 3711 Stoicos,
1941 3619 2042 3720 quasi
2063 3617 2117 3687 di-

107 3742 307 3826 mitateffl’
333 3753 520 3833 Pmplesffl
536 3746 633 3838 qu⁰d
649 3745 831 3839 aliquanto
850 3745 1010 3838 asperior
1029 3746 1086 3830 sit,
1137 3760 1209 3819 cat:
1235 3749 1375 3819 Tamen
1388 3742 1634 3816 moderabitur
1648 3736 1802 3807 Stoicam
1816 3728 2015 3802 doctrinam
2037 3745 2116 3792 sua·

109 3871 218 3941 quam
244 3868 333 3935 ⁰9⁰⁸
358 3857 428 3928 est,
460 3858 495 3914 et
518 3859 637 3915 carmen
658 3872 702 3916 ne
725 3849 881 3918 offendat
901 3849 1086 3931 Catonem,
1136 3854 1245 3923 ueste
1270 3850 1415 3944 ingenii.
1508 3839 1798 3930 Eraatrmtmam]
1830 3834 1961 3906 scilicet
1979 3829 2117 3899 Panae-

108 3948 277 4018 transfert
290 3947 452 4038 culpam,
477 3960 512 4015 et
537 3950 632 4020 illius
655 3946 923 4022 inhumanitatis
945 3976 1084 4022 causam
1138 3957 1240 4028 tium,
1322 3953 1463 4045 Eadem]
1502 3948 1634 4020 scilice]
1665 3941 1794 4013 stoica,
1880 3941 2024 4006 morum
2039 3920 2114 4022 ⁸⁰)]

107 4063 271 4120 anatum
289 4049 434 4120 C³l⁰¹¹i⁸
456 4050 494 4117 5¹¹
518 4077 627 4142 genus
651 4054 852 4138 d⁰⁰lfl¹¹³02
886 4057 981 4149 quod
998 4055 1085 4125 Cato
1137 4059 1269 4131 scilicet
1289 4057 1512 4136 Stoicorum,
1544 4050 1629 4144 quia
1655 4059 1804 4136 uterque
1832 4039 1940 4154 dab-at
1968 4052 2113 4124 operam

108 4165 250 4224 mmm
267 4165 329 4235 ω’
350 4151 481 4222 scilicet
495 4152 664 4225 smicum'
739 4162 818 4228 ΝΜ
832 4154 953 4255 aum]
979 4159 1087 4228 Prae.
1136 4162 1323 4235 Panaetio.
1415 4153 1621 4244 Gemitatem]
1655 4147 1786 4219 scilicet
1809 4161 1975 4212 suaviora
1998 4142 2116 4219 erunt,

105 4253 291 4344 castigatio
322 4279 384 4324 seu
415 4258 617 4349 occupatio:
653 4258 745 4326 Volo
768 4272 802 4328 te
826 4261 1086 4354 aliquantulum
1138 4289 1218 4337 cum
1238 4255 1675 4336 accesseritmedjocrims‚

104 4352 388 4452 reprehendere,
426 4383 501 4427 non
537 4361 751 4454 vituperare.
853 4360 1086 4461 Gansarmare]
1239 4370 1326 4462 cap,
1340 4360 1476 4436 XXXlL
1512 4357 1543 4451 5.
1566 4356 1626 4428 67.
1661 4354 1749 4438 Quid
1768 4335 1920 4438 accusas]
1951 4335 2116 4457 Instituta

104 4459 212 4558 quasi
227 4459 338 4529 dicat:
365 4460 560 4553 corrigere,
586 4465 644 4532 ein
659 4463 946 4554 wenigbessern.
1004 4472 1088 4539 Pia·
1139 4483 1191 4543 est
1205 4468 1397 4565 disputatio
1414 4468 1457 4535 de
1475 4460 1630 4542 ambitu,
1657 4478 1747 4550 quae
1763 4448 1920 4519 continet
1940 4461 2119 4535 prmcrpa·

104 4559 187 4662 ait]
222 4561 428 4649 Concessio,
467 4565 524 4634 cui
553 4567 679 4636 deinde
707 4591 817 4657 genus
837 4566 1003 4638 vitiosum
1025 4571 1088 4639 do·
1137 4576 1207 4643 lem
1225 4572 1469 4670 quaestionem
1491 4568 1534 4636 de
1549 4559 1617 4632 hoe
1632 4556 1777 4630 iudicio.
1827 4551 2040 4640 Priusquam
2057 4565 2120 4657 au·

104 4666 245 4738 ctrinae
261 4666 429 4758 opponit,
455 4693 526 4762 quo
549 4667 703 4739 detrahit
725 4669 758 4740 ei
780 4694 839 4741 eas
862 4671 954 4763 ipsas
977 4671 1089 4743 virtu·
1138 4691 1210 4747 tem
1227 4682 1271 4748 de
1286 4701 1325 4747 re
1339 4672 1443 4755 dicit,
1475 4668 1654 4763 praelatus
1668 4673 1720 4731 est
1734 4657 1910 4753 quaedam
1924 4652 1968 4719 de
1985 4658 2119 4765 autori-

104 4783 182 4853 tes,
209 4792 297 4862 quas
313 4781 393 4837 ante
410 4771 616 4842 tradiderat.
1139 4792 1211 4850 tate
1234 4798 1489 4874 personarum,
1521 4793 1610 4866 quas
1634 4765 1758 4834 elevat.
1825 4756 1893 4827 Hic
1918 4753 2051 4823 accedit
2072 4744 2118 4813 ad

216 4869 247 4960 5.
270 4870 330 4941 61.
362 4869 553 4972 Magistro]
583 4875 647 4947 Est
668 4869 906 4966 pulcherrima
930 4877 1088 4969 partitio,
1139 4907 1293 4957 cansam.
1346 4881 1435 4952 Cato
1451 4875 1544 4945 enim
1561 4859 2002 4940 accusaveratMurenam2
2024 4847 2122 4965 ‘tuf'd
2230 4901 2233 4913 ·

105 4975 259 5044 virtutes
274 4973 358 5043 dicit
375 4976 539 5068 proprias
556 5001 629 5049 esse
644 4991 804 5061 naturae,
829 4978 954 5048 vitiosa
970 4992 1088 5049 antem
1140 4987 1354 5080 corrupisset
1367 4977 1518 5076 pecunia
1532 4972 1717 5069 populum,
1744 4979 1779 5036 et
1791 4964 1930 5079 emisset
1941 4955 2120 5044 suffragla,

105 5099 186 5148 esse
210 5099 230 5143 a
254 5076 428 5150 doctrina.
493 5079 611 5149 Stoica
640 5079 800 5150 doctrina
825 5105 898 5150 non
920 5094 972 5152 est
993 5106 1089 5165 vera,
1140 5090 1186 5158 ad
1201 5091 1299 5185 quod
1313 5086 1505 5181 respondet
1520 5080 1643 5151 Cicero
1661 5096 1725 5167 per
1740 5068 2121 5176 translatronem,·pe-

105 5180 194 5275 quia
212 5193 387 5270 repugnat
402 5194 561 5252 naturae.
632 5178 772 5281 Larem]
792 5183 885 5276 Quia
902 5183 1090 5278 insapien·
1140 5193 1244 5264 cunia
1259 5217 1334 5263 non
1348 5189 1416 5263 fuit
1431 5208 1548 5270 causa,
1569 5203 1631 5252 cur
1644 5170 1845 5266 exceperint
1858 5189 1950 5237 eum.
1982 5160 2119 5229 Deinde

109 5336 318 5355 ἡ

145 5417 196 5479 79)
214 5416 290 5467 Htw
309 5414 703 5480 venundaremur.
722 5429 776 5470 nor
794 5415 940 5471 tavsstter.
1173 5416 1224 5479 80)
1243 5412 1387 5475 Istorum]
1405 5408 1448 5463 stc
1464 5406 1514 5460 Et.
1527 5402 1621 5466 lma
1643 5395 1693 5448 Ed·
1710 5387 1796 5445 orell·
1814 5383 1882 5438 ΜΦ
