4544 5766
190 205 262 279 tot
459 182 766 265 scelerarit.
791 179 906 253 Mitt..
929 177 997 249 At)
1021 176 1232 254 ETiilCEN
1258 179 1325 260 ΕΤ
1348 176 1605 255 POLl'l'lCEN
1631 176 1945 259 spectantia
2141 179 2225 257 4³2

191 373 326 448 indicat
353 368 497 437 caedem
530 375 672 451 turpem
707 379 801 440 esse,
847 354 897 423 ita
931 350 1066 423 iudicat
1098 374 1183 442 pro·
1233 351 1446 425 divisionem
1462 377 1536 426 esse
1553 352 1640 426 iuris
1655 352 1771 425 divini
1785 365 1847 426 aut
1861 350 2072 444 evangelici,
2097 364 2133 422 et
2153 349 2225 423 hae

190 480 366 550 misenum
382 470 514 542 coitum
527 478 669 554 turpem
685 483 771 529 esse.
806 455 916 540 Item,
939 453 1034 523 ratio
1049 451 1183 522 iudicat
1232 480 1336 526 voces
1358 456 1456 550 quod
1479 457 1685 527 communio
1707 476 1828 527 rerum
1851 456 1898 527 sit
1916 454 2004 527 iuris
2023 454 2138 525 divini
2160 470 2229 527 aut

192 594 358 675 oportere
375 584 469 644 certa
489 565 654 655 coniugia
672 587 757 646 esse,
784 558 921 655 alioqui
938 556 1077 627 soboles
1093 567 1183 627 esset
1233 558 1439 648 evangelici,
1465 558 1548 652 quia
1564 572 1648 629 sunt
1661 583 1877 651 magnorum
1894 571 2058 629 motuum
2073 559 2227 643 semina,

192 689 342 755 incerta:
388 696 498 768 quare
528 666 690 739 educatio
719 677 754 734 et
777 687 870 747 cura
885 660 1005 732 alendi
1025 658 1181 750 frigeret.
1231 661 1440 754 neutiquam
1458 662 1664 752 probandae
1680 675 1773 733 sunt.
1825 660 1874 730 Et
1890 661 2034 755 quidem
2050 673 2165 732 textus
2184 662 2226 731 in

190 789 300 866 ltem,
326 780 356 851 si
370 776 510 850 soboles
532 784 622 842 esset
636 769 790 851 incerta,
823 764 999 836 accideret
1020 773 1062 843 ut
1082 761 1181 831 nulla
1232 764 1382 835 decretis
1404 763 1630 834 distinctione
1662 779 1807 847 octava,
1851 788 2061 859 quanquam
2090 760 2225 834 habeat

192 882 375 979 sanguinis
408 875 615 950 discrimina
647 882 875 942 servarentur
905 867 944 936 in
978 863 1181 946 concubitu,
1234 862 1452 958 epigraphen
1485 867 1706 959 negligenter
1738 865 1927 958 scriptam,
1972 879 2095 937 tamen
2128 867 2225 937 clare

193 994 290 1090 quod
312 998 365 1057 est
388 994 513 1054 contra
534 992 716 1049 naturam.
766 972 963 1064 Relinqnet
984 964 1095 1037 homo
1118 990 1181 1058 pa·
1233 970 1387 1039 ostendit
1403 969 1521 1039 Deum
1544 995 1618 1040 esse
1640 983 1803 1042 autorem
1827 968 2005 1060 legitimae
2025 993 2147 1041 rerum
2169 969 2226 1040 di-

191 1111 284 1169 trem
300 1103 335 1161 et
347 1099 522 1167 matrem,
553 1095 588 1152 et
605 1074 814 1148 adhaerebit
828 1073 932 1145 uxori
947 1096 1032 1143 suae
1049 1067 1180 1164 etc.⁸³).
1231 1071 1391 1142 visionis.
1442 1071 1499 1141 Sic
1515 1072 1610 1141 enim
1628 1072 1763 1168 inquit:
1801 1067 1881 1142 lura
1897 1067 2054 1142 humana
2073 1097 2139 1164 per
2155 1072 2225 1142 im.

295 1194 350 1263 De
372 1213 494 1260 rerum
518 1179 842 1255 communicatione
864 1177 972 1245 etiam
992 1173 1106 1244 facilis
1129 1183 1182 1241 est

192 1297 373 1397 probatio.
425 1293 560 1362 Causae
576 1309 651 1355 non
671 1296 755 1354 sunt
776 1305 881 1375 pares
902 1277 1063 1348 inbonis
1085 1299 1181 1345 eorn-

194 1402 366 1500 parandis
382 1411 417 1467 et
431 1387 683 1464 conservandis
703 1383 956 1457 communiter:
985 1403 1069 1470 ergo
1085 1380 1180 1494 bon-a

192 1533 269 1579 non
282 1511 432 1597 possunt
446 1521 518 1568 esse
536 1490 751 1563 communia.
802 1486 1024 1557 Antecedens
1046 1504 1182 1574 perspi-

194 1634 300 1682 cuum
324 1618 394 1687 est,
422 1601 505 1696 quia
527 1594 650 1689 ignavi
670 1619 750 1664 cnm
776 1591 939 1660 viderent
963 1612 999 1659 se
1023 1609 1065 1656 ex
1086 1609 1182 1653 com·

193 1712 297 1785 muni
319 1730 477 1787 sumere,
511 1725 586 1771 non
607 1710 722 1767 essent
742 1691 954 1764 laboraturi.
1004 1685 1093 1758 Item
1116 1682 1181 1755 ho·

194 1818 309 1888 mines
330 1809 451 1903 cupidi
472 1805 529 1873 vel
555 1801 709 1894 gloriae,
748 1798 805 1866 vel
827 1793 1027 1888 potentiae,
1061 1803 1181 1858 tamen

194 1931 311 1991 essent
326 1906 532 2003 occupaturi
547 1906 716 1998 pleraque
731 1913 767 1970 et
789 1896 1037 1967 imbecilliores
1060 1891 1182 1985 depul-

194 2023 305 2094 soria
324 2015 518 2085 multarum
537 2030 657 2078 rerum
671 2031 738 2075 usu
754 2027 794 2070 ac
814 2002 952 2083 fructu,
986 2018 1057 2091 qua
1081 2019 1124 2066 ex
1143 2018 1181 2063 re

194 2120 344 2194 maximi
360 2127 479 2187 motus
493 2111 693 2181 existerent.
744 2103 868 2199 ltaque
884 2103 969 2197 quia
986 2099 1103 2171 omnis
1125 2121 1182 2188 ge-

195 2226 291 2297 neris
308 2219 517 2313 cupiditates
534 2212 720 2281 nobiscum
737 2220 951 2288 nascuntur,
984 2200 1182 2273 necessaria

196 2343 248 2400 est
260 2350 382 2396 rerum
398 2320 538 2390 divisio.
571 2315 645 2385 llas
658 2312 814 2382 rationes
833 2323 868 2379 et
882 2319 1066 2400 praeterea
1082 2305 1188 2394 signa·

195 2433 308 2503 multa
342 2425 477 2516 colligit
505 2418 711 2489 Aristotcles
749 2426 871 2482 contra
903 2409 1064 2480 Platonis
1104 2433 1182 2478 sen-

196 2534 358 2606 tentiam.

299 2634 367 2704 Sed
388 2629 508 2701 nescio
533 2650 604 2720 quo
627 2645 748 2692 errore
770 2617 956 2700 acciderit,
989 2627 1029 2685 ut
1051 2613 1183 2706 passim

196 2739 302 2813 multi
316 2730 560 2828 applauserint
576 2726 770 2799 sententiae
786 2721 967 2803 Platonis,
993 2731 1184 2811 quantum-

195 2846 250 2915 vis
267 2837 502 2918 inhumanae,
527 2845 563 2902 ct
582 2830 712 2922 opinor
729 2826 904 2921 quosdam
920 2819 1104 2910 theologos
1119 2844 1184 2888 no-

197 2949 306 3015 vitate
332 2953 473 3034 captos,
514 2936 633 3013 utin,
674 2927 766 3000 hanc
796 2925 1009 2997 sententiam
1031 2922 1184 2992 nimium

197 3071 346 3120 amasse.
403 3041 537 3111 Errant
562 3048 681 3104 autem
706 3031 768 3125 qui
793 3033 922 3098 docent
943 3051 1064 3095 rerum
1087 3050 1184 3094 com-

196 3147 476 3222 municationem
500 3138 588 3209 iuris
612 3135 726 3205 divini
749 3157 841 3215 esse,
873 3156 913 3199 ac
935 3129 1049 3199 multo
1071 3128 1184 3219 magis

198 3263 320 3325 errant
335 3248 398 3344 qui
412 3247 541 3314 docent
554 3241 592 3310 in
604 3236 799 3327 Evangelio
817 3233 994 3327 praecipi,
1020 3244 1130 3301 utres
1145 3232 1184 3299 in

199 3377 387 3428 commune
399 3349 640 3425 conferantur,
656 3353 690 3409 et
707 3352 825 3408 tamen
839 3332 897 3405 hic
912 3358 1013 3405 error
1026 3335 1184 3428 pertina-

198 3461 285 3531 citer
307 3454 431 3526 haeret
451 3452 488 3518 in
505 3446 633 3518 animis
649 3444 850 3514 stultorum.
901 3437 1001 3508 Adeo
1020 3450 1060 3506 ut
1077 3438 1184 3506 etiam

197 3565 237 3631 in
259 3557 419 3629 Decretis
445 3550 672 3622 distinctione
707 3542 885 3639 octavae)
922 3542 1068 3636 quidam
1100 3540 1186 3611 scri.

198 3665 309 3760 pserit
330 3651 540 3758 ἐπιγραφὴν
560 3648 616 3720 his
640 3649 775 3718 verbis:
808 3646 889 3716 lure
913 3645 1035 3714 divino
1063 3643 1183 3711 omnia

199 3777 282 3840 sunt
317 3757 521 3831 communia
548 3750 781 3844 omnihusffi).
844 3750 961 3818 Porro
990 3748 1076 3817 dum
1098 3743 1186 3814 haec

198 3865 382 3964 persuasio
397 3871 492 3932 tenet
507 3857 665 3937 animos,
691 3878 766 3922 non
782 3864 900 3945 potest
918 3849 995 3920 fieri
1017 3849 1105 3943 quin
1128 3874 1185 3917 ex-

200 3973 364 4043 oriantur
377 3962 542 4034 homines
558 3956 716 4039 fanatici,
741 3955 803 4049 qui
818 3979 883 4048 per
898 3952 1185 4044 superstitionem

199 4073 419 4146 contendant
449 4090 505 4137 res
539 4065 577 4134 in
612 4082 800 4129 commune
835 4057 1067 4126 conserendas
1098 4079 1184 4138 esse,

199 4176 283 4249 hinc
295 4197 436 4245 necesse
453 4182 505 4239 est
520 4164 652 4237 exoriri
665 4162 840 4233 maximos
865 4172 982 4229 motus
1007 4160 1043 4228 in
1065 4159 1186 4229 rebus-

198 4280 361 4374 publicis.
419 4271 531 4365 Atqui
555 4270 609 4340 ius
634 4265 795 4335 divinum
823 4275 857 4331 et
871 4261 1106 4351 Evangelium
1134 4261 1186 4329 iu-

199 4387 284 4453 bent
304 4405 370 4450 nos
393 4398 533 4447 servare
559 4369 721 4464 politicas
746 4365 989 4436 ordinationes
1014 4364 1108 4432 etin
1131 4358 1186 4432 his

198 4485 393 4577 legitimam
419 4502 540 4548 rerum
565 4473 796 4553 divisionem,
836 4469 926 4539 sicut
957 4468 1060 4536 docet
1084 4488 1186 4560 prac-

200 4601 340 4680 ceptum
366 4572 694 4674 (Exod.20,15.):
736 4575 821 4646 Non
848 4569 1033 4641 furaberis.
1098 4566 1186 4639 Item

200 4692 355 4761 Roman.
375 4686 434 4766 13,
451 4682 532 4776 (9..)
585 4677 660 4746 Hac
677 4679 720 4745 de
737 4702 775 4746 re
792 4674 878 4745 alias
894 4673 1034 4764 copiose
1052 4671 1186 4741 dictum

200 4808 270 4875 est,
296 4801 436 4859 tantum
452 4781 510 4855 hic
525 4781 651 4850 leviter
666 4778 837 4870 attingere
855 4777 953 4845 volui
969 4776 1110 4846 lectoris
1125 4778 1186 4844 ad.

199 4892 370 4967 monendi
386 4912 503 4959 causa.
555 4882 699 4952 Rectius
716 4882 824 4972 igitur
847 4893 1042 4950 statuemus
1065 4903 1184 4949 reruni

205 5017 405 5124 sslsnes-
414 5059 442 5126 2,
460 5058 502 5109 tt.
525 5054 621 5104 Metto.
639 5052 680 5103 19.
699 5052 723 5103 5.
753 5042 895 5110 biarcio,
913 5048 940 5098 7.

233 5152 281 5208 34)
300 5145 409 5197 Decreti
433 5139 561 5194 Gratiani
591 5135 680 5199 prime
702 5147 766 5199 pers
790 5134 852 5182 dist.
871 5131 945 5206 Yiil.
968 5130 989 5181 i.
1008 5128 1100 5181 Partis
1124 5143 1148 5184 c.
1167 5130 1187 5182 l.

267 5218 366 5278 (corp.
384 5216 436 5265 ior.
456 5223 516 5262 cett.
534 5208 575 5260 ed.
593 5206 705 5254 Richter
723 5204 753 5255 P.
766 5203 785 5256 1.
808 5217 834 5266 p.
850 5202 915 5260 tt).

232 5308 283 5365 Ἀ)
301 5305 413 5364 integre
431 5299 507 5347 tinius
523 5291 639 5345 oenotris
656 5289 799 5355 inscriptio
818 5292 875 5337 est:
906 5287 969 5336 inre
988 5287 1079 5337 divino
1099 5286 1188 5338 omina

267 5376 332 5424 scrut
357 5367 510 5421 communia
539 5361 677 5412 omnious:
714 5360 774 5411 iure
804 5370 870 5407 vero
903 5356 1107 5407 constitutionis
1137 5358 1188 5405 hoc

260 5452 368 5505 noun,
388 5438 458 5488 iilud
475 5432 591 5487 ulterius
608 5433 660 5480 est.

1231 1187 1416 1266 peratores
1444 1187 1479 1244 et
1511 1189 1666 1247 rectores
1697 1174 1807 1247 seculi
1829 1174 1926 1245 Deus
1954 1175 2138 1246 distribuit
2156 1171 2225 1247 bu-

1232 1303 1341 1347 mano
1358 1275 1546 1374 generiw).

1336 1380 1443 1472 Quod
1459 1404 1544 1448 vero
1562 1381 1682 1464 aiunt,
1708 1380 1786 1450 iure
1802 1378 1960 1449 naturali
1982 1380 2106 1450 omnia
2126 1403 2225 1450 com-

1233 1483 1356 1552 munia
1379 1507 1470 1567 esse,
1503 1483 1552 1554 sic
1575 1496 1760 1567 excusant,
1793 1484 1891 1577 quod
1909 1485 1955 1552 ad
1975 1482 2224 1575 incorruptam

1232 1581 1389 1656 hominis
1404 1598 1570 1655 naturam
1588 1587 1780 1669 referatur,
1808 1585 1923 1679 qualis
1945 1585 2014 1656 fuit
2035 1599 2119 1656 ante
2141 1609 2224 1678 pec·

1233 1700 1350 1758 catum
1369 1688 1527 1780 originis.
1571 1689 1645 1759 Nos
1659 1714 1769 1782 quum
1785 1680 2026 1782 loquimur-de
2041 1689 2222 1781 praesenti

1233 1804 1325 1861 statu
1341 1803 1423 1883 post
1438 1804 1623 1883 peccatum
1639 1792 1808 1882 originis,
1840 1803 1935 1860 recte
1958 1790 2109 1863 dicimus
2132 1791 2223 1861 divi-

1233 1893 1371 1964 sionem
1386 1918 1508 1964 rerum
1528 1894 1617 1964 iuris
1638 1895 1811 1965 naturalis
1834 1919 1918 1965 esse.
1969 1895 2043 1965 Nec
2058 1893 2223 1964 existimo

1233 1999 1329 2088 apud
1351 2009 1487 2067 veteres
1506 1997 1774 2069 iurisconsultos
1796 1996 1948 2089 reperiri
1969 1992 2061 2066 hanc
2085 2021 2224 2080 vocem,

1235 2102 1332 2193 quod
1355 2099 1431 2170 iure
1453 2101 1609 2170 naturali
1632 2101 1753 2172 omnia
1770 2101 1842 2172 sint
1860 2100 2076 2173 communia.
2128 2100 2223 2172 Nam

1234 2202 1293 2273 isti
1307 2204 1351 2273 de
1366 2203 1546 2296 praesenti
1566 2217 1717 2273 naturae
1740 2216 1834 2275 statu
1855 2204 2069 2298 loquuntur,
2096 2203 2155 2274 cui
2172 2205 2224 2271 vi-

1234 2307 1319 2375 dent
1334 2306 1569 2376 necessariam
1581 2333 1653 2378 csse
1663 2332 1784 2376 rerum
1794 2306 2018 2377 divisionem.
2034 2304 2159 2400 ltaque
2176 2308 2225 2376 sic

1235 2409 1372 2480 dicunt:
1399 2409 1507 2502 Quod
1524 2424 1606 2479 ante
1622 2410 1753 2483 nullius
1769 2422 1832 2493 est,
1859 2410 1895 2478 id
1909 2409 2066 2479 naturali
2081 2410 2223 2480 ratione

1236 2514 1424 2603 occupanti
1433 2514 1650 2586 conceditur.
1676 2513 2225 2583 Haccsentcntiadocetnatura-

1234 2615 1260 2683 li
1273 2616 1412 2685 ratione
1428 2616 1628 2686 dominium
1642 2642 1705 2689 scu
1719 2616 1976 2708 proprietatem
1989 2615 2225 2708 occupatione

1236 2719 1459 2809 contingere,
1499 2719 1606 2814 idque
1630 2721 1770 2790 ratione
1792 2719 1960 2789 naturali.
2016 2717 2081 2789 Est
2103 2732 2225 2788 autem

1235 2822 1328 2891 ratio
1345 2822 1517 2892 naturalis
1531 2824 1585 2893 ins
1600 2835 1761 2895 naturae.
1802 2822 1899 2891 Haec
1915 2820 1989 2892 dixi
2004 2822 2226 2892 admonendi

1235 2925 1377 2995 lectoris
1394 2949 1518 3009 causa,
1540 2951 1585 2994 ne
1600 2950 1707 3020 quem
1720 2926 1901 3016 decipiant
1914 2947 2018 2995 voces
2034 2924 2116 2993 illae
2132 2950 2225 3018 quae

1235 3027 1384 3097 laudant
1416 3027 1642 3098 Platonicam
1682 3053 1804 3100 rerum
1849 3028 2225 3110 communicationem,

1237 3154 1327 3223 quae
1345 3131 1525 3201 interdum
1538 3131 1698 3203 novitate
1715 3131 1948 3201 blandiuntur
1968 3130 2163 3224 imperitis,
2190 3145 2225 3200 et

1236 3234 1457 3302 occasionem
1477 3235 1650 3325 praebent
1672 3235 1811 3326 magnis
1833 3259 1873 3303 ac
1895 3233 2103 3326 perniciosis
2125 3258 2225 3303 erro·

1269 3419 1318 3478 ³6)
1338 3419 1449 3481 integer
1467 3417 1541 3466 iliius
1559 3418 1721 3484 canonici,
1740 3432 1775 3469 ex
1793 3430 1844 3484 quo
1863 3419 1930 3469 haee
1947 3419 2033 3467 verba
2045 3417 2132 3467 allata
2145 3423 2222 3482 sunt,

1304 3491 1397 3537 textus
1416 3488 1456 3536 tic
1475 3492 1530 3537 est:
1557 3490 1615 3548 0¹¹⁰
1635 3488 1694 3539 iure
1712 3486 1834 3537 delendis
1853 3487 1937 3535 vitias
1950 3487 2100 3544 ecclesiae,
2118 3488 2224 3551 divino,

1306 3568 1343 3606 an
1365 3551 1502 3606 tirimauo'l
1537 3557 1664 3607 Divinum
1682 3558 1724 3606 ins
1742 3558 1769 3605 in
1787 3556 1932 3618 scripturis
1951 3557 2096 3617 habemns,
2125 3558 2224 3610 hunis.

1305 3638 1368 3676 unm
1387 3625 1429 3673 ins
1449 3625 1475 3673 in
1495 3625 1601 3689 legibus
1621 3639 1723 3690 regum.
1760 3626 1838 3674 Unde
1856 3625 1969 3685 quisque
1987 3624 2127 3690 possidet,
2151 3629 2224 3688 quod

1306 3688 1450 3758 possidet?
1479 3695 1576 3746 Nonne
1592 3695 1653 3743 inre
1670 3688 1807 3748 tuimauoi
1838 3695 1905 3741 nam
1924 3693 1984 3744 iure
2002 3692 2093 3741 divino
2105 3695 2226 3747 nonstnt

1305 3769 1349 3816 est
1368 3768 1451 3814 terra
1470 3766 1498 3814 et
1513 3765 1664 3828 plenitudo
1683 3767 1745 3816 etat
1764 3763 1879 3828 (Postu.
1892 3761 1937 3826 2³,
1957 3758 2005 3826 t.).
2038 3761 2180 3823 Pauperes
2195 3770 2224 3814 et

1307 3834 1406 3886 divites
1419 3834 1491 3881 Deris
1510 3833 1542 3881 de
1559 3845 1613 3882 uno
1632 3832 1694 3881 timo
1713 3833 1794 3895 fecit,
1814 3834 1841 3879 et
1860 3842 1993 3891 pauperes
2008 3832 2037 3879 et
2049 3830 2152 3880 divites
2168 3845 2224 3884 nna

1307 3907 1382 3954 terra
1400 3904 1552 3962 supportat.
1592 3899 1656 3950 lure
1673 3905 1764 3950 temen
1783 3901 1899 3948 numano
1918 3898 2032 3949 dicitur:
2063 3900 2130 3949 haec
2154 3902 2224 3953 vitta

1306 3983 1367 4023 mea
1384 3974 1443 4033 est,
1472 3971 1539 4020 baec
1556 3971 1651 4022 domus
1669 3981 1745 4032 nea,
1774 3969 1817 4018 iiic
1839 3981 1939 4020 servus
1962 3979 2039 4016 neus
2062 3970 2115 4020 est.
2159 3972 2225 4022 inre

1306 4045 1397 4091 eutem
1416 4041 1531 4087 hinniens
1548 4040 1608 4090 iura
1626 4039 1820 4100 imperatorum
1834 4040 1910 4086 sunt:
1935 4029 2042 4099 quaest
2079 4036 2151 4098 onio
2163 4041 2224 4103 ipsa

1306 4109 1367 4160 inre
1384 4108 1501 4156 tuniano
1517 4120 1567 4168 per
1585 4109 1763 4168 imperatores
1782 4110 1808 4156 et
1823 4117 1907 4169 reges
1920 4105 2022 4154 saeculi
2034 4105 2109 4153 Deus
2123 4105 2223 4158 distri-

1308 4178 1363 4230 nuit
1382 4177 1478 4239 generi
1496 4178 1621 4226 hnmano.
1664 4177 1734 4228 item
1751 4177 1854 4227 ididem
1870 4175 1959 4240 plauto
1980 4174 2117 4237 inferius.
2153 4180 2182 4238 s.
2199 4181 2221 4229 t.

1307 4238 1384 4295 'iotte
1405 4248 1464 4294 inre
1482 4247 1693 4309 imperatorum,
1725 4249 1752 4298 et
1777 4245 1837 4308 quis
1860 4245 1942 4293 audet
1961 4243 2068 4291 dicere:
2100 4253 2224 4298 menese

1307 4316 1356 4364 itta
1374 4315 1457 4378 viiie,
1476 4317 1524 4364 ent
1542 4328 1619 4363 metis
1638 4320 1680 4363 est
1698 4314 1746 4363 iiie
1763 4326 1878 4376 servus,
1897 4314 1944 4361 actt
1961 4311 2056 4361 domus
2074 4312 2141 4363 baec
2163 4328 2223 4366 mea

1308 4379 1370 4434 est?
1406 4385 1435 4434 si
1453 4387 1559 4441 entem,
1585 4387 1614 4433 nt
1640 4387 1786 4436 teneantur
1803 4383 1857 4431 ista
1874 4384 1909 4431 ab
1926 4381 2093 4444 hominihus,
2125 4396 2223 4448 regum

1307 4455 1368 4502 iura
1386 4453 1524 4517 iecerunt,
1550 4453 1635 4504 vultis
1653 4457 1683 4501 ut
1701 4454 1863 4502 reticeamus
1881 4451 1972 4513 leges,
2000 4452 2029 4496 ut
2055 4452 2224 4511 gaudeatis?

1307 4527 1358 4572 etc.
1394 4523 1466 4575 item
1484 4523 1586 4573 ibidem
1601 4523 1706 4584 plaucis
1723 4520 1893 4573 interiectis.
1930 4517 1995 4577 Μ.
2020 4519 2223 4583 Legamus-10.

1307 4605 1375 4656 ges,
1412 4593 1455 4640 nisi
1479 4591 1623 4640 mariiieste
1645 4595 1843 4655 praeceperunt
1866 4588 2048 4648 imperatores
2077 4601 2141 4654 eos,
2178 4594 2224 4656 qni

1308 4666 1418 4723 praeter
1448 4659 1579 4709 ecciesiae
1603 4661 1751 4709 cattioiicae
1776 4658 1989 4709 cornaranionein
2016 4666 2149 4718 instirpant
2172 4663 2224 4711 sini

1307 4743 1405 4783 nomen
1423 4728 1623 4787 christianum,
1647 4740 1696 4778 nec
1721 4730 1817 4778 volunt
1834 4727 1862 4775 in
1883 4736 1950 4786 pace
1967 4725 2058 4773 coiere
2077 4730 2152 4786 pacis
2170 4742 2223 4779 att·

1307 4804 1429 4861 ctorem,
1459 4798 1525 4847 nituit
1544 4800 1653 4849 nomine
1670 4798 1805 4848 ecciesiae
1822 4795 1942 4844 sciderint
1959 4794 2110 4854 possidere.
2155 4799 2182 4859 s.
2197 4800 2224 4850 a.

1308 4868 1362 4918 sed
1380 4869 1444 4930 quid
1461 4866 1538 4916 nobis
1555 4872 1583 4918 et
1599 4861 1779 4930 imperatorii
1803 4864 1857 4914 Sed
1875 4864 1926 4911 iarn
1945 4862 2017 4924 dixi,
2042 4864 2075 4912 de
2093 4865 2152 4915 inre
2172 4869 2223 4917 htt·

1307 4948 1387 4988 mano
1405 4938 1507 4999 agitur.
1541 4939 1578 4986 ut
1594 4939 1684 4987 umen
1701 4934 1851 4996 Apostolus
1869 4933 1910 4991 tt.
1924 4931 1998 4980 Petr.
2012 4930 2039 4990 2,
2061 4933 2114 4997 tt.)
2133 4938 2223 4985 voluit

1307 5006 1408 5055 serviri
1427 5007 1551 5070 regitnn,
1582 5007 1669 5056 voluit
1686 5003 1816 5053 tonsorari
1832 5013 1932 5063 reges.
1959 5005 1986 5049 et
2005 5001 2087 5052 dixit:
2119 5005 2225 5067 nepem

1307 5078 1489 5128 reveremini.
1524 5075 1614 5125 it'oiite
1633 5075 1737 5137 dicere,
1757 5072 1820 5135 quiid
1839 5070 1902 5118 mini
1923 5073 1950 5119 ct
1970 5063 2050 5132 regi?
2085 5074 2156 5133 Quid
2175 5075 2224 5124 tini

1309 5155 1375 5206 ergo
1395 5149 1421 5192 ct
1439 5137 1633 5206 possessioni?
1667 5143 1720 5191 Per
1738 5143 1798 5190 iura
1817 5152 1910 5202 regum
1923 5139 2098 5199 possidentur
2111 5156 2225 5203 posses·

1308 5216 1408 5262 siones.
1444 5215 1560 5276 Dixisti,
1589 5212 1653 5275 quid
1672 5212 1736 5259 initii
1755 5218 1781 5258 et
1804 5203 1883 5264 regi?
1918 5207 1981 5255 n'oti
1999 5208 2089 5257 dicere
2108 5225 2224 5272 posses·

1308 5286 1400 5330 sinnes
1422 5287 1501 5346 tuns,
1535 5281 1597 5344 quia
1620 5281 1678 5343 ipsa
1704 5281 1764 5329 iura
1786 5282 1900 5327 intimans
1918 5276 2096 5343 renrnttiasti,
2127 5284 2225 5342 quinus

1308 5353 1483 5414 possidentur
1515 5353 1716 5412 possessiones.
1754 5349 1851 5410 (corp.
1881 5347 1934 5396 iur.
1961 5356 2021 5394 can.
2046 5348 2087 5397 ed.
2110 5350 2223 5403 itictrter

1308 5419 1543 5485 Ripssml
