4544 5766
123 192 171 266 51
395 189 599 264 scauri
619 190 696 263 ra.
716 188 834 264 aren
857 188 925 261 an
949 187 1159 263 armona
1184 187 1263 260 rr·
1276 185 1534 263 rounam
1559 166 1870 264 senecione
2092 187 2145 266 aa

122 366 182 437 tis.
209 362 299 434 ,Hic
324 364 503 459 appetitus
522 375 672 435 vocatur
692 362 867 435 naturalis
882 364 980 456 apud
992 362 1106 435 mcai-
1156 359 1351 434 sericordia
1379 385 1463 453 erga
1488 362 1735 446 calamitosos,
1759 359 1868 433 irasci
1887 354 1945 433 his
1970 359 2034 455 qui
2055 358 2144 432 infe-

123 493 205 552 cos,
231 467 295 563 qui
321 468 437 539 oritur
462 466 708 560 principaliter
732 490 753 536 a
776 467 936 560 potentia
966 478 1107 560 vegeta·
1156 477 1243 537 runt
1262 463 1445 537 iniuriam.
1496 464 1544 534 Hi
1567 461 1712 537 affectus
1728 465 1817 534 boni
1833 475 1937 549 sunt,
1964 477 2000 533 et
2014 487 2146 536 vocan-

124 571 216 653 tiva,
238 571 378 641 etiamsi
392 571 552 641 serviunt
567 570 711 640 infame
728 570 904 664 quaedam
916 569 1107 669 motiones,
1157 581 1216 639 tur
1237 563 1393 667 στοργαὶ
1414 563 1592 663 φυσικαὶ,
1625 579 1797 662 erantque
1820 567 1934 638 futuri
1955 567 1996 637 in
2014 580 2145 637 natura

123 687 166 745 ut
180 698 262 744 cum
285 669 524 743 melancholia
544 671 664 742 irritat
676 674 809 743 famem
825 673 864 742 in
881 672 1018 742 orificio
1035 684 1109 742 sto·
1157 667 1334 752 hominis,
1367 670 1507 739 etiamsi
1527 694 1603 740 non
1625 672 1748 743 fuisset
1766 684 1935 763 corrupta
1960 669 2048 741 vitio
2074 669 2147 740 ori·

123 772 253 846 machi.
310 775 501 847 Caeterum
527 799 661 867 organa
687 771 818 846 harum
845 776 1107 868 appetitionum
1159 773 1262 864 ginis.
1312 771 1359 842 Et
1379 768 1420 843 hi
1444 772 1589 844 affectus
1614 786 1698 846 sunt
1717 773 1872 865 impetus
1896 776 1942 841 ad
1964 775 2147 858 virtutem,

124 890 208 949 sunt
238 879 358 946 omnia
391 880 553 948 membra
586 878 756 970 disposita
786 881 832 947 ad
860 878 1108 949 nutritionem.
1159 878 1320 969 fiuntque
1343 875 1512 960 virtutes,
1537 900 1621 945 cum
1641 876 1776 946 accedit
1798 876 1970 947 iudicium
1995 875 2148 947 rationis

123 981 180 1050 De
199 975 269 1050 hoc
289 980 410 1072 primo
433 983 547 1072 gradu
566 978 659 1049 nihil
682 983 890 1051 admodum
907 981 1109 1073 disputatur
1161 979 1206 1047 ad
1222 1003 1282 1048 eos
1298 979 1574 1048 conformandos
1590 977 1649 1074 ⁶⁴).
1688 978 1739 1047 Ut
1753 978 1848 1048 enim
1863 1004 1975 1073 equus
1991 1002 2057 1071 per
2070 1002 2147 1050 sese

125 1085 165 1153 in
191 1078 259 1152 bac
278 1083 486 1177 quaestione
508 1084 552 1154 de
575 1083 769 1155 aflectibus.
818 1083 1001 1154 Secundus
1030 1106 1110 1173 gra·
1161 1082 1265 1151 velox
1280 1080 1419 1150 facilius
1436 1081 1620 1151 incitatur:
1646 1082 1696 1151 ita
1716 1082 1853 1152 facilius
1870 1081 1962 1173 regit
1975 1081 2069 1152 ratio
2083 1106 2148 1152 vo·

125 1189 192 1257 dus
207 1198 260 1256 est
273 1187 509 1278 appetitiones
522 1211 710 1271 sensuum,
730 1186 851 1281 quales
865 1186 999 1257 suntin
1014 1196 1111 1254 tactu
1161 1186 1355 1268 luntatem‚
1379 1195 1471 1277 quae
1494 1184 1685 1254 adiuvatur
1706 1197 1742 1253 ct
1764 1183 1993 1255 extimulatur
2012 1184 2147 1255 abono

126 1290 291 1359 doloret
315 1289 515 1360 delectatio.
565 1289 704 1360 Deinde
727 1302 846 1360 motus
868 1288 1006 1372 cordis,
1038 1289 1111 1357 lae·
1163 1287 1303 1358 affectu.
1352 1281 1430 1355 lmo
1449 1285 1498 1355 ita
1523 1288 1667 1356 demum
1683 1289 1723 1356 fit
1738 1289 1892 1379 perfecta
1909 1287 2040 1372 virtus,
2065 1311 2148 1358 cum

126 1392 226 1474 titia,
251 1390 414 1477 tristitia,
432 1416 539 1483 spes,
564 1405 701 1476 metus,
727 1416 849 1476 amor,
876 1392 1018 1474 odium,
1044 1389 1111 1472 ira,
1162 1390 1328 1459 voluntas
1350 1401 1386 1458 et
1408 1389 1555 1459 affectus
1575 1389 1711 1480 pariter
1730 1390 1865 1460 rationi
1886 1392 2150 1483 obtemperant.

126 1493 382 1565 misericordia.
425 1494 569 1565 Tertius
584 1497 713 1587 gradus
729 1508 782 1566 est
799 1494 971 1588 appetitio
985 1494 1112 1563 volun·
1163 1492 1285 1585 Quare
1300 1491 1484 1561 sciendum
1501 1503 1571 1575 est,
1597 1517 1673 1561 non
1688 1518 1812 1563 omnes
1827 1494 1971 1564 affectus
1985 1516 2149 1585 pugnare

128 1597 223 1668 tatis.
274 1597 344 1666 Sed
358 1593 442 1666 huic
465 1622 609 1693 quoque
630 1597 740 1669 servit
754 1622 818 1667 cor
834 1599 873 1666 in
887 1597 1020 1668 ciendis
1034 1620 1113 1665 mo·
1164 1619 1245 1665 cum
1262 1593 1413 1677 virtute,
1437 1596 1499 1663 sed
1523 1597 1697 1688 quosdam
1722 1620 1796 1667 esse
1810 1596 1984 1667 virtutum
2000 1596 2148 1666 incuna-

128 1699 233 1770 tibus.
284 1697 368 1769 ldeo
392 1701 588 1770 secundum
609 1712 644 1769 et
664 1700 810 1771 tertium
828 1701 978 1793 gradum
994 1700 1033 1767 in
1052 1699 1113 1768 de·
1163 1698 1269 1780 bula,
1294 1721 1358 1766 seu
1372 1697 1601 1768 adminicula.
1638 1697 1713 1766 Alii
1730 1700 1875 1769 affectus
1890 1710 2150 1791 suntpugnan-

126 1800 290 1871 finitione
315 1802 543 1893 coniungam.
600 1800 777 1887 Affectus,
810 1803 873 1898 qui
894 1803 945 1873 sic
965 1800 1113 1894 proprie
1164 1812 1215 1869 tes
1232 1824 1314 1870 cum
1336 1799 1477 1870 ratione
1501 1812 1536 1870 et
1554 1800 1630 1890 lege
1645 1800 1731 1884 Dei,
1758 1815 1799 1871 ut
1817 1815 1984 1894 appetere
2002 1800 2151 1872 alterins

127 1904 277 1987 dicitur,
303 1918 356 1975 est
377 1918 517 1990 motus,
538 1929 610 1998 quo
618 1906 750 2000 pensus
766 1919 829 1976 aut
841 1906 1007 1975 voluntas
1028 1928 1113 1996 pro·
1164 1905 1338 1974 fortunas.
1396 1902 1503 1972 Tales
1526 1916 1645 1974 motus
1670 1917 1755 1974 sunt
1775 1903 1907 1976 vitiosi.
1956 1903 2062 1974 Unde
2086 1927 2150 1974 au-

128 2007 289 2101 scquitur
316 2019 379 2077 aut
404 2007 496 2098 fugit
528 2031 605 2077 rem
633 2009 804 2080 oblatam.
858 2005 1114 2078 Delectationis
1165 2019 1237 2074 tem
1261 2000 1349 2074 haec
1373 2004 1622 2075 dissimilitudo
1646 2006 1694 2076 sit
1715 2007 1924 2091 affectuum,
1948 2019 2074 2099 postea
2094 2007 2152 2077 di-

129 2133 173 2179 ac
193 2108 329 2180 doloris
351 2109 390 2177 in
416 2122 531 2193 tactu,
557 2133 733 2200 organum
756 2123 810 2181 est
831 2124 907 2181 rete
930 2112 1113 2207 quoddam
1166 2132 1255 2178 cam.
1296 2107 1401 2178 Prius
1416 2108 1512 2177 enirn
1532 2111 1712 2179 refutandi
1727 2123 1810 2180 sunt
1825 2109 1956 2193 Stoici,
1982 2122 2017 2181 et
2032 2121 2150 2181 osten-

128 2235 322 2295 nerveum,
342 2236 506 2303 sparsum
520 2210 586 2304 per
602 2225 715 2283 totam
732 2238 894 2298 carnem,
914 2214 980 2285 sub
997 2212 1114 2306 prima
1166 2211 1323 2280 dendum
1344 2234 1419 2280 non
1433 2210 1610 2282 tollendos
1633 2237 1707 2284 esse
1721 2213 1867 2283 affectus
1881 2238 1923 2282 ex
1937 2226 2068 2283 natura
2083 2207 2150 2283 ho·

129 2325 230 2397 cute,
256 2338 347 2407 quae
368 2315 505 2384 corium
527 2329 688 2388 vocatur.
739 2317 809 2387 Sed
826 2329 1048 2386 caeterorum
1065 2315 1115 2383 af·
1165 2313 1293 2397 minis,
1317 2336 1384 2382 nec
1406 2313 1537 2383 accersi
1557 2338 1617 2385 cos
1636 2327 1776 2385 tantum
1794 2316 1984 2408 opinione,
2008 2318 2073 2386 sed
2087 2339 2152 2385 na-

129 2419 297 2487 fectuum.
311 2418 494 2501 omnium,
519 2417 584 2512 qui
605 2443 682 2487 non
704 2419 884 2511 pertinent
901 2421 946 2488 ad
969 2431 1115 2499 tactum,
1166 2416 1329 2486 turalitcr
1360 2415 1399 2484 in
1426 2410 1633 2486 hominibus
1662 2419 1821 2490 existere.
1869 2418 2004 2512 Estque
2031 2418 2153 2511 prima

130 2543 306 2612 organum
334 2531 386 2589 est
407 2544 487 2604 cor,
519 2520 617 2614 quod
639 2520 711 2592 suis
732 2522 826 2592 villis
850 2533 912 2591 aut
933 2522 1115 2602 dilatatur,
1165 2519 1271 2589 ratio.
1323 2517 1420 2588 Deus
1437 2543 1512 2588 non
1530 2519 1690 2590 condidit
1702 2522 1834 2591 fmstra
1852 2520 1890 2589 in
1908 2521 2152 2594 animantibus

129 2635 171 2694 ut
191 2621 231 2691 in
250 2622 405 2706 laetitia,
432 2635 494 2693 aut
507 2623 781 2715 constringitur,
807 2636 843 2694 et
858 2624 961 2718 quasi
974 2622 1115 2713 refugit,
1167 2644 1302 2712 organa
1318 2622 1520 2693 affectuum.
1551 2622 1643 2691 Sunt
1657 2637 1777 2693 autem
1788 2623 2000 2693 naturaliter
2014 2647 2153 2715 organa

130 2738 173 2796 ut
192 2725 232 2794 in
253 2724 396 2796 tristitia
418 2737 480 2795 ant
497 2737 608 2796 metu.
657 2727 927 2818 Propemodum
949 2726 1057 2817 igitur
1075 2735 1117 2795 ut
1167 2725 1357 2794 affectuum
1379 2725 1419 2793 in
1434 2720 1651 2796 hominibus.
1683 2726 1780 2816 Ergo
1797 2728 1904 2795 etiam
1919 2727 2063 2797 affectus
2078 2726 2154 2796 exi·

130 2829 270 2920 pulsata
293 2827 383 2897 cutis
403 2827 577 2910 afficitur,
602 2827 653 2896 ita
677 2853 740 2897 cor
762 2827 958 2919 impellitur
977 2853 1016 2897 re
1032 2851 1116 2897 con·
1166 2839 1264 2897 stunt
1278 2827 1317 2895 in
1333 2839 1484 2910 natura,
1512 2839 1547 2897 et
1569 2842 1654 2898 sunt
1672 2852 1728 2899 res
1745 2829 1916 2900 divinitus
1933 2829 2097 2899 conditae
2112 2828 2154 2898 in

131 2930 317 3012 veniente,
344 2941 406 2998 aut
427 2953 503 2998 non
527 2929 761 2999 conveniente
782 2931 913 3002 oblata.
964 2929 1012 2998 Et
1032 2941 1117 2999 sunt
1166 2942 1295 2998 natura
1316 2924 1486 3000 hominis.
1536 2928 1660 3000 Minor
1683 2945 1736 3002 est
1750 2934 1938 3003 manifesta
1961 2957 2004 3001 ex
2019 2945 2153 3003 natura

133 3030 211 3100 villi
238 3030 277 3098 in
300 3032 407 3099 corde
434 3033 481 3100 ad
507 3026 574 3101 hos
597 3045 717 3102 motus
742 3032 875 3103 idonei.
933 3031 1117 3102 Admirari
1166 3054 1381 3114 nervorum,
1407 3031 1568 3124 quisunt
1583 3057 1717 3125 organa
1738 3035 1983 3106 delectationis
1999 3033 2154 3105 etdolo·

130 3131 225 3204 hanc
246 3132 522 3202 inenarrabilem
546 3134 754 3231 varietatem
771 3148 935 3206 motuum
955 3136 993 3204 in
1009 3133 1115 3204 corde
1166 3133 1229 3205 ris.
1276 3132 1388 3204 Nervi
1418 3146 1537 3204 autem
1567 3148 1652 3206 sunt
1679 3137 1851 3209 divinitus
1882 3137 2045 3217 conditis
2064 3162 2153 3228 crgo

132 3261 341 3328 possumus,
365 3234 507 3327 penitus
533 3247 654 3306 autem
676 3236 875 3330 perspicere
891 3238 1018 3309 talium
1037 3263 1115 3307 mo-
1167 3261 1294 3306 eorum
1319 3237 1412 3306 actio
1442 3249 1496 3308 est
1516 3262 1574 3309 res
1599 3240 1792 3327 namralis,
1823 3265 1900 3312 non
1920 3241 2079 3312 tollenda
2108 3265 2156 3310 ex

133 3352 236 3410 tuum
258 3360 381 3408 causas
399 3363 475 3408 non
492 3362 694 3431 possumus.
744 3340 836 3410 Hinc
852 3340 962 3432 igitur
978 3353 1116 3412 utrum·
1167 3352 1309 3409 natura.
1611 3431 1615 3437 .

134 3464 204 3536 qne
232 3440 382 3533 intelligi
408 3454 545 3533 potest,
579 3443 666 3537 quid
694 3442 740 3512 sit
764 3445 927 3529 affectus,
959 3445 1116 3515 Galenus
1268 3438 1356 3511 ltem
1381 3455 1499 3512 motus
1515 3443 1632 3513 cordis
1650 3456 1735 3515 sunt
1747 3445 1947 3528 naturales,
1973 3456 2009 3514 ct
2022 3441 2073 3513 ita
2092 3467 2156 3513 or-

135 3542 294 3638 qnaerit,
326 3567 373 3612 an
393 3544 464 3614 sint
488 3557 608 3615 motus
633 3546 832 3630 naturales,
865 3560 929 3616 aut
950 3547 1115 3617 violenti:
1167 3543 1300 3628 dinati‚
1335 3557 1375 3615 ut
1407 3546 1568 3614 cieantur
1598 3545 1746 3617 diversis
1774 3548 1943 3617 villorum
1974 3546 2153 3618 motibus:

134 3659 171 3716 et
186 3647 231 3715 de
246 3646 485 3717 mediocribus
498 3651 691 3738 respondet
704 3674 777 3719 esse
790 3663 910 3720 motus
924 3650 1116 3731 naturales,
1166 3647 1252 3715 item
1284 3658 1326 3716 ut
1351 3647 1484 3718 diversi
1511 3641 1680 3720 humores
1713 3650 1861 3721 diversis
1893 3649 2050 3720 motibus
2078 3673 2155 3719 ser·

133 3749 173 3819 id
197 3761 270 3832 est,
297 3773 451 3843 quorum
475 3750 692 3842 principium
712 3775 789 3821 non
810 3776 956 3844 prorsus
972 3752 1119 3822 advenit
1167 3747 1335 3842 viant⁶⁶).
1384 3748 1427 3818 ln
1447 3750 1632 3821 iramotus
1653 3753 1771 3824 cordis
1794 3753 1863 3824 ciet
1877 3752 2008 3823 flavam
2027 3749 2156 3838 bilem,

135 3851 362 3922 extrinsecus.
412 3849 644 3924 Immoderati
664 3867 782 3923 autem
805 3868 1041 3948 corrumpunt
1054 3879 1117 3923 na·
1168 3851 1207 3920 in
1225 3850 1368 3922 tristitia
1385 3854 1502 3923 cordis
1518 3866 1638 3925 motus
1654 3856 1722 3925 ciet
1742 3869 1858 3927 atram
1874 3855 1983 3926 bilem
2000 3880 2042 3925 ex
2058 3855 2156 3948 sple-

134 3967 276 4037 turam,
309 3954 400 4025 sicut
421 3978 543 4025 cursus
566 3955 833 4028 immoderatus.
883 3959 954 4027 Sed
976 3971 1118 4050 praeter
1167 3978 1232 4038 ne,
1258 3977 1349 4046 quae
1370 3955 1480 4026 effusa
1500 3956 1538 4024 in
1558 3958 1755 4042 moestitia,
1780 3982 1886 4052 saepe
1907 3958 2012 4028 affert
2035 3951 2154 4052 hypo·

135 4058 280 4128 affectus
301 4070 385 4128 sunt
407 4058 468 4126 alii
491 4058 562 4128 duo
583 4071 704 4129 motus
726 4061 862 4143 cordis,
888 4062 1009 4153 pulsus
1027 4073 1117 4129 arte·
1169 4053 1361 4126 chondrios
1382 4059 1536 4130 dolores.
1581 4056 1622 4127 ln
1638 4060 1767 4130 timore
1780 4061 1924 4154 sanguis
1938 4060 2093 4131 recurrit
2105 4060 2155 4130 ad

135 4152 271 4231 riarum
289 4173 325 4230 et
339 4157 485 4253 παλμὸς
497 4185 560 4231 seu
573 4161 780 4253 palpitatio,
801 4188 948 4256 prorsus
961 4163 1118 4234 <inuncti
1169 4183 1242 4228 cor.
1266 4158 1314 4227 Hi
1327 4173 1447 4231 motus
1466 4175 1550 4232 sunt
1565 4163 1699 4231 conditi
1713 4163 1752 4233 in
1767 4177 1909 4237 natura.
1936 4163 2033 4255 Ergo
2046 4176 2084 4234 et
2100 4164 2153 4233 af·

135 4264 181 4330 ab
208 4263 402 4334 affectibus.
454 4264 529 4335 Nec
562 4264 837 4337 existimandum
867 4279 920 4336 est
950 4267 1117 4338 affectum
1168 4262 1280 4332 fectus
1295 4263 1570 4334 suntinnatura
1586 4266 1734 4339 conditi.

135 4388 209 4434 esse
236 4365 389 4456 speciem
413 4361 545 4437 borum
566 4368 721 4439 duorum
745 4382 930 4454 motuum,
963 4393 1045 4440 cum
1074 4369 1120 4441 sit
1269 4365 1429 4436 Secunda
1457 4367 1563 4438 ratio.
1621 4368 1747 4453 Dona,
1778 4393 1870 4464 quac
1895 4366 2103 4438 immediate
2131 4393 2151 4439 a

136 4465 301 4536 distincta
316 4467 449 4559 species
462 4470 507 4538 ab
523 4469 610 4542 istis.
1170 4464 1249 4535 Deo
1272 4469 1563 4559 proficiscuntur,
1589 4483 1673 4540 sunt
1691 4496 1749 4542 res
1766 4475 1884 4543 bonae
1906 4484 1942 4542 et
1961 4494 2038 4541 non
2061 4472 2151 4540 abii-

671 4614 681 4625 ι
1172 4569 1328 4642 ciendae.
1379 4571 1525 4642 Heroici
1545 4586 1667 4645 motus
1684 4586 1768 4646 sunt
1787 4575 1934 4667 proprie
1953 4576 2049 4644 dona
2069 4573 2154 4658 Dei,

136 4659 249 4729 Mile
262 4651 460 4748 fffflll‘mda
475 4660 692 4729 Si⁰i⁰⁰f¹⁴m
713 4653 898 4744 andana,
925 4663 990 4753 fui
1012 4682 1121 4754 ΡΜ·-
1171 4683 1207 4741 et
1221 4673 1424 4744 immediate
1441 4699 1461 4743 a
1475 4675 1556 4746 Deo
1576 4679 1868 4768 proficiscuntur,
1894 4677 2010 4772 qualis
2028 4689 2082 4748 est
2097 4676 2152 4747 ira

272 4797 338 4847 atta
352 4776 489 4848 tollunt
508 4769 674 4871 affectus
689 4799 740 4848 επ
754 4775 923 4851 naturai
936 4777 985 4873 ω)
1171 4770 1335 4861 heroica,
1353 4790 1394 4848 ut
1408 4802 1489 4848 cum
1503 4778 1750 4872 Scanderbego
1763 4779 1810 4873 ¹¹⁶)
1832 4792 2049 4873 pugnaturo,
2071 4804 2151 4851 eru·

237 4909 486 5006 Nequaquam.
536 4908 705 5003 Duplices
735 4910 831 4983 enim
855 4924 939 4985 sunt
963 4913 1120 4992 affectus.
1169 4951 1376 4968 ·-·—-——

136 5009 208 5081 Alii
223 5038 303 5084 cum
318 5014 458 5085 ratione
472 5014 719 5098 consentiunt,
740 5027 781 5084 ut
797 5038 900 5086 amor
915 5018 1119 5111 coniugum,
1203 5049 1252 5117 Μ)
1269 5050 1497 5115 conrormanaos]
1517 5053 1559 5105 stc
1575 5054 1625 5104 Ed,
1644 5053 1737 5117 mog
1763 5053 1813 5104 pp,
1833 5052 1907 5103 Μ,
1923 5053 2134 5111 comemorans.

135 5114 352 5202 liberorum,
377 5116 627 5189 benevolentia
648 5140 731 5208 erga
747 5118 839 5188 benc
859 5119 1026 5206 meritos,
1052 5120 1119 5192 mi.
1203 5136 1651 5201 aa)scrv1ant]sieua.loeo.;
1675 5138 1725 5188 na.
1745 5138 1821 5189 tata.
1838 5137 1972 5190 serviunt.

1203 5223 1253 5282 56)
1266 5222 1451 5288 Scanderbcg,
1464 5224 1575 5287 proprie
1583 5225 1676 5288 Georg
1682 5224 1833 5280 Castriota.
1844 5224 1972 5275 lobannis
1982 5225 2152 5295 (lestriotae,

1237 5291 1314 5356 regis
1332 5293 1410 5354 Epiri
1426 5296 1455 5343 et
1471 5294 1619 5350 Albaniae.
1638 5294 1711 5345 ilius
1729 5304 1755 5346 a.
1776 5294 1850 5345 14⁰4.
1868 5297 1961 5356 natus,
1979 5309 2058 5359 quaem
2075 5301 2152 5350 obsi·

169 5355 219 5414 58)
242 5354 292 5419 qus
307 5363 478 5418 prorsus—
489 5343 635 5412 natural]
659 5349 700 5398 sic
718 5350 785 5401 lidi.
808 5349 882 5400 1640.
903 5352 930 5400 et
950 5351 1041 5420 lislam
1067 5357 1117 5409 lid.
1238 5361 1391 5424 dempster
1408 5361 1583 5426 Muradotl.‚
1604 5362 1756 5412 turcarum
1768 5362 1892 5423 sultano,
1912 5362 2153 5429 detrectabam

205 5423 280 5476 iffi
298 5424 349 5488 qut
365 5420 540 5487 simpliciter
556 5431 653 5474 omre
670 5414 794 5488 offatim
811 5419 988 5486 immittat·
1236 5431 1272 5484 ot
1293 5430 1418 5486 crimuni
1439 5430 1627 5485 fortitudinem
1649 5441 1748 5483 nonan
1763 5429 1968 5499 lekcndcrbeg,
1994 5435 2066 5500 qood
2082 5436 2152 5488 Ate-
