4566 5760
126 186 204 263 558

230 359 447 433 Harmonice
462 365 651 456 proportio
668 380 737 451 est,
763 368 802 438 in
817 393 887 464 qua
910 371 1024 443 tribus
1045 386 1115 443 ter-

128 462 236 533 minis
262 464 407 554 positis,
447 467 536 537 sicut
559 492 595 538 se
618 465 726 539 habet
745 472 920 543 maximus
942 477 988 543 ad
1010 476 1116 545 mini-

127 589 229 634 mum
251 567 463 652 terminum,
489 570 538 639 sic
560 594 596 640 se
618 567 725 641 habet
747 574 945 645 differentia
969 577 1115 647 maximi

127 680 163 734 et
177 668 305 753 medii,
332 673 377 739 ad
393 671 630 741 differentiam
649 675 758 743 medii
774 688 810 745 et
829 678 989 762 minimi,
1015 694 1055 750 ut
1079 681 1115 750 6.

128 769 165 840 4.
193 771 228 840 8.
280 772 348 841 Sex
369 773 502 845 distant
527 799 546 843 a
571 775 605 846 4.
630 777 791 861 binario,
825 778 860 849 4.
882 781 1014 851 distant
1035 807 1055 852 a
1079 783 1114 853 8.

126 873 285 956 unitate,
319 888 358 944 ut
380 889 500 946 autem
524 878 631 969 dupla
656 881 842 971 proportio
866 882 901 952 6.
925 895 977 953 est
1000 886 1046 955 ad
1066 884 1115 968 8.,

126 975 178 1044 sic
203 975 312 1066 dupla
335 979 522 1070 proportio
554 993 605 1051 est
627 986 663 1055 2.
688 985 734 1051 ad
759 985 791 1053 1.
856 984 1115 1056 Accommodat

128 1076 354 1150 Camerarius
375 1083 625 1175 aequalitatem
651 1084 840 1154 Paulinam
863 1090 909 1156 ad
931 1083 1114 1158 harmoni-

127 1203 208 1248 cam
223 1182 508 1272 proportionem,
534 1180 602 1253 hoc
618 1189 739 1270 modo,
764 1187 794 1256 si
810 1188 882 1258 sint
897 1189 1001 1274 cives,
1025 1217 1113 1285 pau-

126 1307 193 1374 per
208 1278 299 1351 nihil
313 1280 465 1368 habens,
491 1299 526 1356 et
540 1288 667 1358 deinde
683 1285 872 1375 habentes,
898 1293 933 1362 3.
951 1290 985 1364 4.
1002 1294 1057 1378 6.,
1083 1294 1112 1363 si

126 1385 334 1455 adimantur
356 1389 496 1458 senario
519 1394 577 1472 2..
611 1392 841 1484 quaternario
865 1417 997 1479 unum,
1039 1421 1113 1466 me-

126 1488 207 1557 dius
221 1513 392 1560 numerus
406 1491 473 1559 erit
490 1493 646 1585 aequalis
669 1493 704 1564 8.
765 1493 813 1563 Et
827 1495 857 1565 si
870 1497 1036 1588 adempta
1051 1498 1113 1567 tri-

124 1591 284 1662 buantur
298 1587 388 1661 nibil
402 1588 568 1678 habenti,
593 1590 739 1665 habebit
751 1595 781 1666 is
796 1606 938 1692 quoque
953 1600 989 1670 8.

317 1758 562 1852 Septimum
595 1776 918 1855 argumentum.

177 1895 333 1965 Roman.
346 1896 405 1980 18,
416 1896 503 1994 (8.);
528 1898 674 1969 Nemini
688 1901 879 1993 quicquam
894 1901 1028 1974 debetis
1042 1902 1113 1973 nisi

230 1998 469 2070 dilectionem.

177 2100 251 2170 Ubi
266 2114 385 2171 autem
398 2114 540 2172 nonest
555 2103 734 2188 debitum,
765 2106 886 2176 omnia
910 2122 994 2179 sunt
1016 2133 1112 2179 com-

227 2204 363 2274 munia.

227 2306 443 2398 Respondes
459 2308 503 2375 de
516 2307 611 2376 dicto
626 2308 746 2378 Pauli:
772 2309 930 2380 Verbum
951 2307 1112 2406 ὀφείλετε

126 2412 369 2479 enarrandum
401 2421 454 2479 est
483 2409 711 2505 imperative:
753 2410 897 2482 Nemini
921 2415 1111 2508 quicquam

125 2514 271 2595 debete,
296 2537 371 2580 non
384 2511 423 2579 in
438 2510 648 2581 indicativo:
675 2511 831 2584 Debetis.
882 2515 929 2584 Et
942 2513 1011 2585 hoc
1033 2516 1111 2606 ipso

124 2616 223 2684 dicto
253 2615 485 2683 confirmatur
517 2614 695 2685 distinctio
724 2616 985 2702 dominiorum,
1028 2618 1111 2711 quia

121 2717 260 2786 Paulus
283 2718 353 2785 duo
377 2728 565 2807 praecepta
582 2717 710 2800 tradit,
737 2718 887 2789 alterum
912 2722 954 2789 de
979 2721 1111 2811 obliga-

124 2821 225 2887 tione
249 2818 361 2901 civili,
394 2819 545 2886 alterum
567 2820 610 2888 de
632 2820 846 2912 obligatione
871 2824 1026 2893 naturali
1049 2847 1112 2894 seu

125 2921 250 2991 divina
264 2945 304 2989 ae
319 2932 502 3012 perpetua.

229 3023 291 3091 Ait
307 3047 390 3113 ergo
411 3022 569 3113 primum
592 3022 636 3092 de
660 3025 876 3116 obligatione
900 3027 1014 3096 civili:
1039 3027 1110 3098 Ne-

125 3128 217 3197 mini
233 3126 425 3220 qnicquam
441 3125 583 3208 debete,
609 3125 646 3194 id
669 3141 738 3212 est,
763 3142 906 3212 servate¹
920 3130 999 3200 iura
1025 3155 1109 3200 con-

125 3242 323 3313 tractuum,
349 3231 430 3297 date
450 3227 701 3313 creditoribus,
727 3231 988 3316 venditoribus,
1013 3235 1109 3303 loca-

126 3332 265 3403 toribus
283 3354 323 3400 ca
347 3354 437 3423 quac
456 3329 505 3399 eis
523 3330 715 3414 debentur,
749 3334 852 3404 etsie
875 3360 939 3406 vos
961 3337 1107 3406 liberate

125 3435 343 3525 obligatione
360 3432 465 3502 civili.
515 3429 652 3503 Interea
676 3435 800 3504 scitote
820 3449 942 3506 tamen
963 3464 1107 3508 manere

125 3538 381 3628 obligationem
396 3535 554 3604 divinam
571 3547 607 3603 et
619 3537 819 3607 naturalem
843 3539 885 3607 de
906 3541 1107 3626 dilectione,

123 3664 218 3737 quae
233 3642 344 3711 multa
361 3637 475 3709 officia
494 3638 669 3729 postulat,
693 3642 736 3708 de
760 3641 886 3734 quibus
908 3667 983 3712 non
1003 3669 1107 3735 prae-

124 3745 262 3839 cipiunt
285 3744 377 3835 leges
402 3743 579 3825 forenses,
613 3745 676 3813 sed
700 3742 757 3811 lex
777 3743 917 3828 divina,
950 3770 1104 3840 quorum

122 3848 323 3921 officiorum
341 3858 461 3913 tamen
473 3838 532 3912 hic
547 3849 673 3917 modus
689 3858 760 3929 est,
787 3848 830 3915 de
853 3872 924 3940 quo
943 3848 1029 3918 dicit
1043 3849 1105 3919 Sa·

119 3954 249 4023 lomon
278 3943 565 4043 (Prov.5,16.):
602 3947 632 4017 F
634 3961 735 4018 ontes
755 3950 806 4018 tui
827 3950 1031 4020 deriventur
1052 3954 1104 4021 fo·

119 4079 203 4138 ras,
229 4064 264 4122 et
284 4064 323 4121 tu
342 4049 508 4119 dominus
523 4073 646 4120 eorum
663 4064 817 4125 maneto.
868 4049 956 4123 Item
972 4053 1104 4125 Pacilus

119 4160 176 4255 (2.
186 4155 268 4227 Cor.
284 4155 319 4237 8,
336 4152 428 4243 18.);
454 4150 504 4219 Ut
517 4174 592 4221 non
607 4155 652 4223 sit
668 4154 769 4224 vobis
785 4154 979 4227 tribulatio.
1015 4154 1103 4227 Item

120 4263 176 4358 (1.
190 4258 286 4335 Tim.
303 4254 340 4339 5,
359 4253 429 4349 8.);
456 4253 628 4325 Habenda
649 4257 742 4326 ratio
767 4257 919 4327 maxime
937 4260 1104 4330 domesti-

118 4389 265 4437 corum.

222 4464 344 4534 Altera
358 4459 547 4530 sententia:
570 4459 714 4530 Nemini
731 4461 881 4556 quicque
896 4463 1019 4532 debete
1033 4463 1103 4535 nisi

117 4568 368 4646 dilectionem,
393 4563 453 4631 illa
470 4587 560 4656 quae
576 4563 749 4632 debentur
772 4565 867 4634 civili
886 4565 1101 4657 obligatione

115 4671 334 4769 praestanda
349 4679 442 4738 sunt.
493 4665 627 4736 Verum
642 4666 703 4735 illa
719 4669 889 4739 naturalis
908 4682 943 4738 et
957 4681 1100 4738 aeterna

119 4773 293 4865 obligatio
307 4783 428 4841 manet
442 4768 602 4839 immota.
652 4766 716 4839 Fst
732 4782 849 4838 autem
871 4771 950 4841 finis
967 4771 1100 4863 obliga-

116 4878 230 4951 tionis
246 4875 369 4959 civilis,
395 4896 474 4942 cum
488 4885 697 4942 numeratur
709 4872 765 4952 id,
790 4874 886 4964 quod
901 4873 997 4942 civili
1012 4874 1100 4943 obli·

116 4980 263 5076 gatione
278 4979 436 5049 debetur.
485 4973 678 5068 Nunquam
696 4987 814 5044 autem
837 4975 916 5044 finis
937 4988 990 5046 est
1010 4977 1098 5045 obli-

117 5082 274 5179 gationis
286 5077 476 5160 natnralis‚
504 5077 585 5170 quia
601 5077 737 5148 etiamsi
753 5101 819 5168 pro
839 5089 999 5171 tempore
1021 5081 1097 5150 offi-

117 5189 214 5261 cium
230 5181 464 5277 praestiteris,
487 5193 605 5249 tamen
621 5194 742 5250 manet
757 5180 923 5272 obligatio
940 5195 1096 5266 aeterna,

117 5304 153 5364 et
167 5285 435 5360 benevolentiae
451 5283 488 5353 in
502 5287 606 5353 corde
624 5296 658 5354 et
672 5284 880 5369 officiorum,
904 5282 935 5354 si
950 5287 1094 5378 quando

115 5422 158 5468 ea
172 5403 353 5486 praestare
369 5387 575 5481 poterimus.

619 192 646 267 l.
695 195 1065 276 promotu-:tta
1087 197 1146 281 lN
1178 202 1368 279 OFFlClA
1396 206 1655 287 CICERONIS.

2071 221 2149 297 ott

1368 378 1591 453 Octavum
1626 403 1947 477 argumentum.

1214 527 1389 602 Matthaei
1409 532 1468 618 19,
1486 533 1598 631 (21.);
1625 539 1663 608 si
1679 541 1731 613 vis
1745 547 1918 635 perfectus
1935 570 2021 629 esse,
2047 548 2148 629 vade,

1267 636 1380 753 vende
1400 662 1491 730 qnae
1510 633 1636 724 habes,
1660 656 1693 711 et
1708 646 1751 713 da
1775 648 2009 739 pauperibus,
2034 662 2068 718 et
2087 676 2146 718 vc·

1266 763 1367 808 mens
1382 764 1526 833 sequere
1542 767 1611 812 me.

1215 837 1371 910 Tollitur
1398 867 1481 932 ergo
1513 844 1692 913 distinctio
1724 848 1986 934 dominiorum,
2024 851 2054 921 si
2085 875 2146 919 ne·

1267 967 1359 1012 cesse
1384 956 1435 1013 est
1458 948 1610 1015 vendere
1633 949 1834 1035 facultates,
1871 965 1905 1020 et
1936 952 2145 1023 distribuere

1266 1070 1323 1115 cas
1338 1047 1563 1137 pauperibus.

1265 1146 1478 1240 Respondeo
1496 1152 1541 1219 ad
1561 1154 1786 1224 antecedens:
1821 1153 1964 1225 Dictum
1987 1154 2073 1223 illud
2100 1158 2145 1223 ad

1164 1248 1434 1335 adolescentem,
1461 1265 1513 1321 est
1528 1253 1714 1344 singularis
1731 1257 1882 1340 vocatio,
1908 1282 1983 1326 non
1999 1269 2050 1327 est
2066 1257 2147 1325 uni-

1165 1352 1299 1420 versale
1333 1368 1580 1445 praeceptum,
1620 1370 1661 1427 ut
1692 1360 1803 1428 multa
1838 1373 1920 1430 sunt
1952 1358 2145 1450 singularia

1163 1455 1345 1537 mandata,
1372 1467 1407 1523 et
1421 1456 1615 1547 singulares
1629 1460 1844 1531 vocationes.
1880 1462 1930 1531 Ut
1946 1488 2024 1531 cum
2034 1461 2147 1529 Abra-

1162 1550 1230 1623 hae
1243 1557 1460 1649 praecipitur
1472 1561 1639 1629 mactatio
1655 1562 1792 1657 fitiiffl),
1818 1589 1896 1632 cnm
1907 1564 2025 1633 Moses
2040 1586 2147 1632 voca·

1163 1669 1222 1726 tur
1235 1660 1279 1727 ad
1294 1661 1512 1731 educendum
1536 1666 1707 1755 populum
1717 1665 1776 1761 ¹⁶).
1828 1665 1931 1735 Talia
1952 1665 2146 1756 singularia

1164 1763 1329 1830 mandata
1352 1776 1445 1832 recte
1466 1765 1695 1836 discernenda
1719 1779 1801 1837 sunt
1822 1769 1867 1835 ab
1886 1767 2146 1837 universalibus

1164 1864 1375 1956 praeceptis:
1402 1889 1467 1935 nec
1483 1870 1742 1938 transferantur
1758 1873 1802 1938 ad
1818 1865 2048 1963 κακοζηλίας,
2076 1869 2143 1939 sic-

1164 1976 1203 2034 ut
1230 1967 1332 2036 multi
1361 1967 1468 2060 impie
1499 1971 1611 2040 secuti
1641 1984 1723 2041 sunt
1744 1972 1942 2062 exemplum
1967 1964 2144 2053 Abrabae,

1163 2069 1323 2138 etmulti
1347 2094 1422 2139 non
1445 2070 1580 2156 vocati,
1620 2075 1811 2143 voluerunt
1839 2074 2047 2144 liberatores
2069 2097 2142 2143 esse

1163 2172 1305 2263 populi,
1332 2174 1491 2266 exemplo
1513 2174 1628 2258 Mosi,
1653 2176 1802 2246 Davidis
1823 2189 1857 2245 et
1878 2174 2041 2247 aliorum.
2092 2173 2144 2243 lta

1163 2270 1230 2343 hoc
1246 2275 1325 2343 loco
1342 2290 1489 2345 vocatur
1505 2278 1707 2348 adolescens
1722 2280 1767 2347 ad
1782 2277 2019 2348 ministerium
2026 2278 2146 2347 Evan-

1163 2376 1244 2466 gelii
1268 2388 1363 2445 certo
1387 2380 1508 2447 modo.
1574 2379 1669 2448 Haec
1694 2381 1833 2449 vocatio
1854 2404 1930 2449 non
1951 2385 1995 2450 ad
2022 2404 2144 2449 omnes

1162 2472 1335 2568 pertinet,
1385 2491 1419 2547 et
1451 2481 1619 2570 perfectio
1659 2494 1711 2551 est
1747 2484 1899 2576 nonin
1944 2485 2143 2554 desertione

1160 2580 1386 2663 facultatum,
1434 2583 1496 2650 scd
1528 2582 1566 2650 in
1605 2606 1708 2654 causa
1743 2609 1833 2678 quae
1874 2585 2032 2656 additur:
2082 2585 2143 2656 Se-

1162 2708 1270 2777 quere
1294 2706 1362 2752 me.
1798 2710 1802 2719 ·

1262 2784 1398 2854 Deinde
1420 2799 1454 2854 et
1476 2788 1520 2855 de
1533 2787 1747 2878 perfectione
1764 2787 1945 2858 sciendum
1961 2801 2030 2872 est,
2057 2789 2142 2882 quia

1160 2911 1264 2979 saepe
1280 2889 1490 2958 vocabulum
1504 2885 1572 2958 hoc
1588 2889 1752 2960 occurrit.
1794 2890 1993 2961 Perfectum
2012 2891 2141 2961 dicitur

1161 2990 1346 3081 dupliciter
1363 3003 1424 3060 aut
1445 2993 1640 3062 substantia
1665 3006 1727 3061 aut
1750 2994 1918 3086 qualitate
1941 3019 2003 3064 seu
2025 2993 2142 3086 gradi-

1159 3095 1235 3163 bus.
1279 3093 1478 3163 Perfectum
1494 3094 1688 3165 snbstantia
1706 3107 1758 3165 est
1773 3091 1907 3166 habens
1922 3121 2045 3168 omnes
2059 3120 2141 3188 par-

1159 3208 1210 3265 tes
1230 3196 1438 3287 integrales,
1469 3197 1607 3268 etiamsi
1628 3198 1783 3289 partium
1807 3201 1936 3289 gradus
1960 3224 2035 3268 non
2057 3211 2140 3268 sunt

1159 3298 1344 3389 completi,
1369 3312 1409 3367 ut
1423 3325 1513 3390 puer
1535 3314 1587 3370 est
1606 3303 1779 3391 perfectus
1802 3296 1911 3370 homo
1931 3302 2138 3374 substantia.

1158 3401 1355 3471 SicPanlus
1373 3402 1418 3469 ad
1430 3398 1585 3494 Philipp.
1603 3403 1639 3486 8,
1655 3399 1749 3496 (15.)
1765 3403 1939 3495 loquitur:
1968 3406 2043 3473 Hoc
2061 3428 2140 3474 sen-

1158 3504 1288 3573 tiamus
1302 3514 1479 3596 quotquot
1493 3504 1637 3595 perfecti
1654 3529 1794 3585 sumus,
1819 3505 1855 3572 id
1873 3519 1941 3589 est,
1968 3503 2137 3575 habentes

1158 3629 1280 3674 omnes
1295 3618 1411 3695 partes
1428 3606 1628 3698 integrales,
1653 3605 1815 3674 videlicet
1832 3632 1955 3677 omnes
1971 3609 2138 3678 articulos

1156 3708 1258 3790 fidei,
1282 3708 1387 3775 fidem
1403 3721 1437 3776 et
1453 3709 1584 3777 bonam
1601 3709 1872 3792 conscientiam,
1897 3711 2033 3782 etiamsi
2047 3735 2139 3781 non-

1156 3813 1241 3882 dum
1257 3809 1457 3879 obedientia
1480 3834 1561 3902 erga
1584 3814 1695 3904 legem
1723 3836 1847 3883 omnes
1870 3816 1999 3904 gradus
2018 3811 2136 3884 habet.

1154 3913 1303 3982 Dicatur
1333 3936 1416 3982 sane
1446 3916 1638 4004 perfectum
1670 3938 1820 3985 numero
1849 3917 2025 4005 partium,
2062 3940 2137 3984 non

1155 4014 1333 4107 gradibus.

1255 4115 1337 4186 Alio
1369 4119 1478 4187 modo
1504 4121 1696 4210 perfectum
1726 4118 1856 4187 dicitur
1881 4119 2050 4211 qualitate
2071 4142 2136 4189 seu

1154 4218 1339 4312 gradibus,
1364 4232 1405 4289 ut
1423 4245 1530 4311 puer,
1557 4221 1693 4290 etiamsi
1716 4216 1824 4288 habet
1841 4233 1959 4310 partes
1981 4221 2134 4310 integra-

1153 4325 1203 4393 les
1229 4346 1371 4404 omnes‚
1406 4335 1526 4392 tamen
1549 4325 1710 4393 noudum
1732 4322 1895 4391 omnibus
1921 4321 1974 4390 nti
2003 4335 2131 4415 potest.

1153 4427 1210 4496 Sic
1226 4426 1268 4494 tle
1292 4424 1506 4516 perfectione
1520 4426 1652 4495 Paulus
1677 4426 1713 4493 in
1736 4426 1861 4492 eodem
1883 4424 1995 4515 capite
2017 4426 2133 4519 loqui-

1153 4541 1212 4598 tur
1227 4523 1399 4623 (Philipp.
1415 4527 1450 4610 8,
1468 4528 1562 4621 12.):
1587 4526 1670 4598 Non
1686 4527 1782 4624 quod
1799 4523 2130 4618 comprehenderim

1153 4644 1188 4700 et
1201 4632 1376 4724 perfectus
1391 4628 1468 4700 sim.
1678 4662 1694 4695 ο

1252 4730 1437 4803 Caeterum
1462 4729 1668 4800 observetur
1693 4754 1776 4801 usus
1796 4733 1971 4803 vocabuli.
2037 4733 2129 4802 Nam

1150 4835 1280 4905 latinus
1305 4834 1478 4923 interpres
1498 4855 1572 4901 nno
1593 4832 1765 4902 vocabulo
1784 4836 1958 4925 perfectus
1975 4835 2129 4904 reddidit

1149 4939 1287 5007 diversa
1310 4932 1463 5006 hebraea
1486 4947 1521 5003 et
1543 4958 1678 5026 graeca.
1734 4939 1766 5007 1.
1781 4934 1943 5007 Corinth.
1962 4937 1996 5020 1,
2011 4935 2126 5031 (10.):

1147 5040 1230 5110 Non
1258 5040 1328 5109 sint
1356 5038 1536 5109 intervos
1561 5034 1747 5108 schismata
1770 5053 1805 5109 et
1824 5041 1898 5111 sitis
1920 5041 2064 5131 perfecti
2089 5039 2126 5107 in

1178 5306 1227 5366 85)
1246 5303 1402 5371 Censuit,
1422 5306 1444 5356 t.

1178 5409 1227 5468 3⁶)
1243 5407 1332 5461 ttxod.
1343 5407 1370 5462 ³.
1391 5408 1429 5458 to
