4544 5766
801 1170 956 1258 Pllllr.
985 1168 1430 1258 MELANTHONIS

343 1348 601 1439 SCRIPTA
632 1352 718 1442 ΑΙ)
748 1352 1015 1442 lh'l'llthlN
1042 1355 1123 1440 ΕΤ
1153 1352 1477 1443 ΡΟΙιΙΊἾΟΕΝ
1507 1352 1888 1444 8ΡΕοἸἈΝΤΙΑ

1090 1560 1135 1609 ΕΤ

634 1685 1159 1778 Dtsshlthh'tlottns
1189 1692 1267 1780 IIS
1298 1693 1606 1781 ANNaxAh.

952 1962 1279 1976 -t———n——n-

108 2189 339 2328 Melanthos,
361 2243 519 2310 eruditam
543 2243 779 2325 philosophiam
800 2245 833 2306 in
856 2243 1009 2328 theologo
1031 2244 1220 2326 requirens,
1242 2264 1305 2308 non
1328 2245 1401 2308 illas
1422 2247 1668 2329 cavillationes,
1701 2247 1820 2327 quibus
1842 2246 1948 2310 nullae
1970 2265 2026 2312 res
2046 2251 2131 2313 sub·

110 2336 190 2413 sint,
222 2331 381 2395 iudicavit
402 2351 501 2395 unum
524 2329 684 2412 quoddam
706 2329 928 2412 philosophiae
950 2349 1055 2413 genus
1078 2331 1263 2413 eligendum
1286 2350 1380 2412 esse,
1415 2333 1618 2415 quodquam
1641 2333 1805 2396 minimum
1828 2331 1950 2396 habeat
1971 2335 2133 2415 sophisti-

111 2438 182 2498 ces,
211 2430 247 2481 et
265 2421 387 2480 iustam
408 2416 597 2481 methodum
619 2416 769 2479 retineat.
821 2417 912 2479 'ralis
933 2419 965 2478 ei
987 2419 1138 2497 apparuit
1160 2419 1351 2480 Aristotelis
1374 2416 1520 2481 doct-rina
1537 2420 1587 2502 ¹),
1615 2420 1808 2501 pracsertim
1829 2419 1906 2500 quia
1928 2416 2038 2482 ordine
2059 2420 2132 2484 dis·

109 2515 217 2585 putat,
246 2515 282 2566 et
304 2505 494 2586 plerumque
515 2503 704 2582 pronuntiat
726 2499 803 2583 quid
824 2503 965 2579 sentiat,
992 2512 1027 2563 et
1050 2521 1201 2565 sermone
1222 2504 1325 2565 utitur
1348 2520 1429 2582 puro
1457 2523 1497 2566 ao
1518 2503 1706 2585 proprio²).
1765 2503 1973 2585 Quapropter
2001 2524 2041 2567 eo
2067 2508 2133 2571 iam

109 2589 283 2671 sexennio,
311 2588 396 2671 quod
418 2592 450 2651 in
474 2588 677 2670 'lubingensi
700 2586 868 2649 academia
889 2588 1022 2669 exegit,
1048 2587 1239 2651 Melanthos
1262 2588 1359 2649 huius
1382 2589 1605 2669 philosophiae
1627 2588 1770 2651 studium
1792 2592 1908 2651 iuvare
1929 2590 2071 2673 studuit,
2098 2593 2132 2653 in

111 2674 307 2755 postlatione
329 2676 418 2738 enim
437 2673 587 2736 edition's
607 2673 761 2754 principis
783 2674 1015 2754 grammaticae
1037 2691 1176 2820 graecae
1198 2692 1227 2736 a.
1251 2672 1347 2735 1518.
1370 2672 1463 2736 dicit:
1492 2674 1727 2758 „Accingimur
1749 2693 1814 2736 non
1836 2691 1922 2735 vano
1945 2685 2065 2738 conato
2089 2674 2131 2739 ad

109 2758 323 2823 instauranda
343 2760 576 2839 Aristotelicas,
603 2776 668 2840 quo
689 2759 745 2821 vel
767 2757 898 2820 tandem
920 2758 1023 2821 nostri
1067 2761 1190 2821 omines
1213 2759 1276 2821 hac
1297 2757 1426 2820 laudum
1449 2770 1543 2840 parte
1563 2778 1637 2822 cum
1659 2759 1793 2821 aliarum
1815 2759 1960 2841 gentium
1984 2761 2132 2841 philoso-

110 2847 182 2927 phis
202 2847 383 2927 comparari
412 2855 502 2909 reete
525 2854 657 2926 queant.
710 2844 797 2907 Nam
819 2863 902 2926 quae
924 2845 956 2906 in
979 2844 1193 2907 Aristotelem
1215 2843 1378 2906 lracteuus
1399 2845 1486 2925 apud
1508 2844 1689 2908 Germanos
1711 2845 1835 2924 scripta
1856 2855 1951 2925 sunt,
1980 2865 2001 2908 a
2021 2844 2133 2911 nescio

110 2933 225 3012 quibus
253 2933 359 2993 veluti
386 2933 419 2992 in
448 2934 569 3012 stipem
598 2929 805 2992 emendicata
832 2929 914 2992 adeo
944 2948 1007 2993 non
1035 2928 1185 2994 referunt
1208 2922 1440 3011 Aristotelem,
1473 2939 1511 2993 ht
1538 2930 1704 3014 indignum
1735 2933 1781 2994 sit
1808 2930 1914 2992 nobile
1942 2931 2135 3014 περίπατον

109 3020 140 3080 in
168 3017 231 3080 hos
260 3016 440 3098 rhapsodos
467 3015 656 3079 incidisse.”
707 3014 824 3093 Qualia
852 3017 935 3078 haec
948 3015 1080 3097 scripta
1101 3015 1243 3091 fuerint,
1269 3015 1460 3099 intelligitur
1483 3035 1527 3079 ex
1547 3017 1600 3078 his
1622 3033 1751 3098 quoque
1773 3016 1884 3078 verbis
1906 3018 2067 3081 sermonis
2088 3016 2132 3081 dc

109 3101 310 3185 corrigendis
332 3102 575 3165 adolescentiae
597 3099 733 3164 studiis:
755 3136 826 3182 „—-
847 3099 1033 3164 inciderunt
1055 3102 1204 3164 homines
1226 3098 1355 3182 quidam
1378 3135 1419 3148 -
1442 3134 1483 3146 -
1506 3103 1537 3163 in
1563 3101 1792 3180 Aristotelem,
1811 3119 1952 3183 eumque
1974 3120 2135 3183 mancum,

109 3201 141 3252 ct
171 3189 316 3250 lacerum
330 3190 366 3273 θ)
375 3233 385 3270 ,
414 3198 448 3250 ot
476 3189 530 3269 qui
551 3186 670 3268 alioqui
693 3186 828 3250 Graecis
850 3188 1029 3269 obscurus,
1062 3188 1118 3248 καὶ
1147 3185 1207 3247 τοῦ
1228 3183 1339 3258 Λοξία
1368 3187 1482 3250 similis
1503 3186 1654 3265 videtur,
1684 3187 1783 3250 latino
1811 3188 1861 3251 sio
1888 3185 2069 3270 redditum,
2098 3199 2135 3253 ut

109 3277 207 3338 etiam
231 3273 377 3357 Sibyllae
399 3272 605 3336 coniecturas
627 3275 833 3337 exerceret.'’
876 3271 993 3353 (Corp.
1014 3271 1089 3334 rtet.
1112 3272 1185 3335 Vol.
1207 3271 1266 3333 Xl.
1290 3292 1318 3353 p.
1338 3271 1410 3353 1⁷.)
1456 3272 1537 3335 lllud
1561 3272 1602 3335 de
1625 3272 1806 3335 Aristotele
1827 3272 1980 3339 iudicium
2000 3275 2135 3337 lllelan-

111 3362 204 3437 thon‚
226 3378 301 3422 oum
323 3379 366 3422 ox
382 3359 583 3442 'l'ubingensi
605 3357 772 3421 academia
793 3359 826 3419 in
847 3357 1123 3441 Vitebergensem
1146 3358 1281 3440 (mense
1303 3361 1459 3441 Augusto
1482 3359 1596 3441 tots.)
1618 3369 1777 3421 evocatus
1800 3369 1902 3435 esset,
1922 3360 2030 3439 ibique
2052 3379 2136 3423 oon·

112 3457 218 3507 tracta
240 3464 313 3508 cum
335 3446 480 3507 liuthero
502 3445 662 3522 amicitia,
690 3446 825 3525 eiusque
847 3443 1010 3507 iudicandi
1030 3444 1098 3505 vim
1120 3443 1301 3506 admiratus
1323 3443 1523 3523 audivisset,
1550 3461 1648 3525 quam
1677 3456 1812 3506 strenue
1834 3444 1888 3506 ille
1909 3444 1941 3506 in
1965 3446 2136 3510 Aristote-

110 3534 172 3594 lem
195 3531 429 3594 scholasticum
449 3531 678 3611 inveheretur,
705 3530 940 3612 aliquantisper
962 3531 1100 3592 mutavit
1120 3529 1202 3591 satis
1225 3528 1306 3591 dure
1329 3527 1370 3592 do
1392 3530 1454 3592 hoc
1475 3529 1664 3611 philosopho
1685 3530 1839 3611 loquens,
1871 3529 2040 3611 ipsamque
2063 3533 2135 3594 hu-

112 3617 194 3679 theri
224 3615 265 3679 dc
294 3635 333 3679 eo
362 3616 560 3679 sententiam
594 3614 718 3680 diserta
747 3616 895 3697 apologia
924 3614 1071 3677 defendit
1084 3615 1128 3695 ⁴).
1180 3614 1218 3674 ln
1247 3614 1350 3694 prima
1372 3615 1457 3676 enim
1484 3616 1867 3698 locorumgcommunium
1890 3614 2033 3685 editione
2055 3618 2138 3682 haee

113 3703 263 3782 scripsit:
292 3701 514 3783 „Aristotelis
536 3701 682 3765 doctrina
703 3713 757 3765 est
784 3703 818 3762 in
840 3703 1028 3763 universnm
1052 3699 1212 3782 quaedam
1235 3698 1333 3763 libido
1356 3699 1498 3782 rixandi,
1527 3712 1564 3763 ut
1586 3720 1661 3763 eum
1683 3703 1715 3764 in
1738 3702 1969 3782 paraenetioae
1991 3703 2138 3785 philoso-

113 3790 205 3869 phiae
228 3787 443 3868 scriptoribus
465 3807 508 3850 ue
530 3798 694 3867 postremo
723 3785 853 3869 quidem
876 3788 945 3849 loeo
967 3805 1140 3849 numerare
1162 3786 1347 3848 conveniat.
1394 3787 1431 3850 ld
1454 3796 1489 3848 ut
1519 3787 1696 3850 conveniat
1718 3805 1792 3849 curn
1814 3787 2008 3851 Aristotelis
2030 3788 2137 3870 philo-

113 3876 245 3956 sophia,
273 3891 336 3934 non
361 3873 479 3934 laboro.
523 3871 607 3950 Quid
631 3874 718 3935 enim
740 3873 781 3936 ad
804 3892 874 3948 me,
896 3871 971 3954 quid
994 3872 1136 3935 senserit
1158 3871 1213 3933 ille
1234 3866 1383 3936 rixator‘l
1426 3872 1499 3936 lloo
1521 3880 1575 3935 est
1597 3882 1632 3934 et
1654 3872 1811 3935 festivum
1835 3881 1869 3935 et
1891 3890 1982 3934 merc
2003 3875 2138 3937 Aristo·

113 3962 260 4039 telicum,
290 3968 325 4020 et
349 3958 567 4021 Aristotelicis
596 3957 729 4042 dignum
757 3959 919 4042 theologis
948 3958 1191 4020 commentum.'’
1244 3957 1403 4020 Similiter
1431 3958 1463 4021 in
1487 3959 1634 4020 oratione
1655 3956 1787 4041 Didymi
1809 3958 1984 4021 liuventini
2007 3961 2137 4023 nomine

114 4047 199 4108 edita
215 4044 380 4106 adversus
396 4043 456 4105 th.
472 4043 698 4106 Placentinum
713 4064 769 4126 pro
783 4044 828 4106 bl.
842 4044 988 4106 bothero
999 4044 1165 4127 'l'hoologo
1181 4042 1260 4104 etin
1277 4043 1438 4125 Apologia
1451 4062 1509 4125 pro
1523 4044 1668 4106 liuthero
1685 4042 1848 4107 adversus
1864 4042 2022 4105 furiosum
2040 4045 2139 4109 theo-

113 4132 258 4215 logorum
280 4129 501 4191 Parisinorum
522 4129 688 4193 decretum
711 4131 842 4193 iudicat.
885 4130 958 4192 Neo
979 4130 1012 4193 id
1035 4147 1231 4212 magnopere
1253 4128 1434 4212 mirabitur,
1458 4130 1511 4211 qui
1534 4129 1590 4191 vol
1612 4148 1788 4208 summam,
1815 4146 1879 4210 qua
1902 4129 1965 4190 iam
1987 4141 2057 4192 tum
2080 4149 2139 4212 po·
2200 4152 2207 4160 ·

115 4220 252 4279 tiebatur
276 4216 460 4294 hutherus,
493 4217 723 4278 auctoritatem
748 4217 998 4297 ingentemque,
1025 4217 1143 4298 quoin
1167 4213 1401 4276 emendandam
1423 4215 1586 4277 ecclesiae
1608 4214 1786 4278 doctrinam
1811 4212 1992 4296 letabatur,
2020 4215 2138 4281 fervo-

115 4322 180 4364 rem
208 4302 426 4384 cogitaverit,
456 4301 510 4363 vel
540 4301 750 4383 expenderit,
777 4281 1025 4364 Melanchonerd
1051 4303 1109 4363 vix
1138 4300 1257 4380 viginti
1285 4300 1447 4381 uniusque
1474 4318 1632 4363 annorum
1661 4308 1805 4361 aetatem
1828 4318 2080 4383 supergressum
2104 4312 2139 4367 et

113 4391 243 4472 ingenio
273 4385 502 4464 subtimidum‚
532 4406 653 4450 trovam
680 4405 808 4469 quoquo
837 4388 869 4448 in
898 4389 974 4450 istis
1002 4386 1138 4451 sedibus
1158 4384 1339 4465 hospitem,
1368 4387 1644 4468 attemperavisse
1666 4404 1705 4448 sc
1729 4403 1841 4447 eorum
1863 4387 2023 4469 moribus,
2056 4406 2138 4470 quos

114 4477 227 4557 rigere
250 4491 291 4534 eo
311 4474 344 4534 iu
366 4474 436 4534 loco
457 4470 600 4535 videbat.
644 4475 691 4536 At
712 4493 789 4536 ruox
811 4473 949 4553 pristina
970 4493 1063 4536 mens
1078 4470 1280 4534 Melanthoni
1301 4471 1413 4554 rediit,
1436 4482 1471 4534 et
1493 4481 1666 4552 reputans,
1687 4490 1751 4532 uon
1769 4472 1955 4552 tamipsum
1970 4474 2139 4537 Aristote-

114 4561 175 4622 lem
199 4559 378 4637 Graecum,
400 4576 494 4639 qnam
519 4557 758 4622 Scholasticum
780 4578 800 4620 a
822 4559 967 4621 bothero
991 4559 1156 4631 damnari,
1177 4556 1262 4618 illius
1285 4559 1407 4639 scripta
1430 4558 1582 4619 maximis
1604 4555 1754 4620 laudibus
1773 4559 1948 4639 unicuique
1970 4578 2139 4623 commen-

116 4646 216 4707 davit.
267 4644 312 4707 Ut
334 4643 527 4706 Leonhardo
549 4644 648 4707 ll'ecio
670 4644 873 4709 cancellario
894 4646 1053 4709 Bavarico
1082 4642 1211 4706 scribit:
1244 4643 1357 4723 „Vere
1384 4640 1511 4705 iudicas
1541 4644 1711 4723 plurimum
1741 4645 1906 4707 interesse
1929 4646 2138 4728 reipublicae,

115 4742 148 4794 ut
167 4729 370 4793 Aristoteles
397 4738 632 4810 conservetur,
661 4741 696 4794 et
717 4742 814 4795 extet
840 4731 874 4792 in
902 4733 1040 4814 scholis,
1070 4737 1282 4793 accersatur
1304 4730 1336 4791 in
1358 4729 1507 4793 manibus
1529 4727 1733 4794 discentium.
1787 4731 1873 4793 Nam
1896 4728 2044 4811 profecto
2066 4733 2138 4797 sine

146 4976 176 5042 t)
194 4976 260 5027 atel
280 4975 372 5026 oratio
391 4975 425 5024 de
443 4973 632 5037 philosophia,
650 4973 679 5022 in
697 4974 748 5024 hoc
766 4975 849 5039 corp.
868 4975 928 5029 Ital.
948 4978 1011 5030 Vol.
1030 4978 1079 5029 xh
1097 4993 1122 5043 p.
1140 4981 1201 5032 282.

146 5063 178 5127 2)
197 5063 242 5113 at.
260 5061 350 5112 oratio
370 5060 404 5110 de
416 5060 587 5122 Aristotele,
606 5059 634 5108 in
649 5058 731 5139 dorp.
745 5060 806 5109 llet.
824 5062 888 5111 Vol.
903 5064 951 5112 xl.
969 5078 994 5126 p.
1008 5065 1067 5114 655.
1103 5067 1170 5116 ltem
1187 5067 1216 5115 r'n
1235 5066 1362 5117 oratione
1379 5068 1413 5116 de
1429 5065 1592 5117 Aristotelis
1611 5065 1669 5116 rita
1688 5063 1859 5131 (conpater.
1879 5071 1943 5124 Vol.
1957 5073 2005 5123 xl.
2024 5089 2048 5136 p.
2063 5074 2138 5141 tte.)

178 5131 262 5181 dicit:
283 5126 424 5193 ‚‚(Arlst.)
443 5129 511 5177 duras
529 5140 576 5177 res
595 5128 723 5185 adhibet,
752 5140 822 5189 quae
839 5131 929 5182 lumen
948 5133 1067 5182 afferunt
1085 5135 1112 5184 ln
1131 5136 1263 5198 docendo,
1282 5137 1435 5186 methodum
1455 5138 1484 5185 et
1502 5134 1698 5198 proprietatem
1715 5140 1860 5190 sermonis.
1903 5143 1976 5191 Utile
1994 5147 2038 5192 est
2055 5145 2139 5201 igitur

177 5200 375 5251 adolescentes
392 5198 428 5247 ad
444 5197 650 5248 Aristotelioam
667 5198 892 5250 consuetudinem
909 5199 1083 5253 aaauellerl.’'
1119 5204 1161 5256 ct.
1181 5205 1264 5254 etiarn
1281 5206 1314 5256 ei.
1334 5208 1405 5256 orat.
1424 5205 1457 5254 de
1475 5204 1606 5268 Platone,
1624 5203 1652 5253 ln
1670 5203 1752 5267 cnrp.
1770 5207 1831 5258 llas.
1850 5209 1914 5261 Vol.
1933 5210 1980 5261 xl.
2000 5225 2024 5272 p.
2043 5213 2103 5264 48³.

146 5286 176 5350 1)
177 5284 411 5404 “timeam
413 5270 650 5400 ¹ppppnbhsnclsco
669 5281 801 5333 §terliano
821 5282 895 5337 Prot.
909 5286 1078 5350 contegeret
1096 5288 1214 5351 allisque
1231 5291 1392 5341 Aristotelis
1412 5301 1497 5353 opera
1514 5289 1597 5339 edere
1615 5288 1667 5339 sibl
1686 5295 1882 5361 proposuerat,
1899 5297 1930 5344 nt
1946 5294 1974 5344 ln
1992 5296 2041 5347 illa
2057 5303 2138 5361 post·

250 5366 268 5401 n
502 5388 509 5400 .

146 5438 178 5504 t)
194 5440 261 5489 ldeo
280 5437 354 5487 inter
372 5435 535 5487 Aristotelis
554 5436 732 5490 adversarlos
751 5439 953 5492 Melanthonen
971 5441 1079 5495 reterre
1097 5456 1152 5497 uon
1171 5444 1304 5497 dubitarit
1321 5444 1444 5511 Raplnns
1460 5443 1626 5510 (rellaaiuus
1643 5456 1694 5496 sur
1708 5444 1746 5498 la
1758 5445 1940 5512 philosophie
1953 5460 1988 5510 p.
2005 5444 2096 5513 abta.

119 5523 301 5589 larmxrrr.
327 5519 434 5585 Orsa.
465 5521 550 5584 Vua.
574 5519 664 5585 xvt.
934 5599 937 5603 Ι
1499 5522 1522 5596 t
