4544 5766
190 211 266 284 sas
466 199 669 277 semera
690 198 768 275 rr.
791 196 905 281 atat.
923 196 1006 271 un
1022 179 1942 289 arntfflrrsonncensrromarm
2139 210 2218 286 sao

191 382 304 466 meri,
329 380 380 452 sic
400 379 493 475 fit⁰⁶)
518 376 714 470 aequalitas
732 396 870 444 summa
890 372 1019 443 mercis
1043 384 1082 442 et
1099 396 1180 464 pre-
1230 371 1394 443 bernado
1414 372 1453 442 in
1474 396 1581 465 pace,
1614 401 1656 447 ac
1675 377 1820 465 literae,
1845 406 1908 452 seu
1922 381 2059 454 Cicero.
2109 383 2222 454 Prae·

192 489 253 571 tii,
279 511 344 555 nee
361 509 451 576 opus
466 494 518 551 est
535 480 641 548 aliam
656 476 880 548 subtiliorem
901 475 1182 567 applicationem
1231 475 1332 565 cipue
1347 500 1434 544 sero
1458 475 1701 550 consideretur
1724 477 1799 566 hic,
1825 487 1924 578 quod
1945 489 2141 557 necessaria
2167 498 2223 556 est

193 613 375 686 quaerere.
435 583 526 654 lllud
548 579 606 651 laic
627 581 739 651 etiam.
753 578 1018 662 consideretur,
1043 578 1180 648 Aristo·
1231 578 1425 662 connexio,
1452 578 1591 649 etiamsi
1614 606 1671 652 res
1693 583 2052 660 sintdissimillimae.
2104 588 2221 659 limus

193 695 297 762 telem
319 690 412 759 ratio
436 685 576 769 docuit,
616 680 709 753 banc
729 705 907 753 summam
928 682 1181 776 aequalitatem
1232 680 1463 751 connexionis
1501 683 1691 754 necessitas
1725 689 1942 780 conspicitur
1974 690 2011 759 in
2047 692 2222 774 nonacris,

194 797 231 865 in
248 790 571 864 communicatione
589 786 808 859 efficiendam
825 808 919 867 esse,
944 786 1041 878 quod
1057 783 1181 854 videli-
1232 782 1329 852 iuxta
1358 783 1498 874 regulas
1529 788 1863 880 consequentiarum
1888 789 1993 864 husius
2022 794 2222 884 analogiae.

194 912 250 969 cet
265 897 374 967 altera
398 918 482 986 pars
502 888 769 970 exhauriretur,
795 912 870 956 non
888 901 1028 958 servata
1052 912 1182 983 aequa·
1233 884 1452 956 Observetur
1472 885 1557 955 item
1582 889 1778 960 similitudo
1796 896 2085 986 proportionum.
2143 895 2222 967 Etsi

194 1002 306 1071 litate,
1233 988 1340 1078 igitur
1367 988 1571 1079 longissime
1600 991 1770 1064 differunt
1803 997 2014 1088 Apostolus,
2064 1012 2222 1082 senator,

282 1103 358 1173 b'os
375 1123 459 1169 vero
476 1095 596 1166 diviua
613 1119 683 1165 vox
696 1096 800 1163 (locet
813 1089 906 1163 hanc
921 1084 1035 1185 ipsa'm
1052 1116 1182 1185 aequa·
1233 1092 1385 1159 bellator
1410 1104 1445 1159 et
1468 1088 1716 1178 scholasticus,
1756 1109 1876 1168 tamen
1902 1096 1989 1170 baec
2012 1104 2133 1171 omnia
2159 1126 2221 1171 ne·

195 1206 333 1276 litatem
351 1204 384 1273 1.
402 1197 526 1270 Thess.
543 1197 579 1281 4,
595 1196 681 1292 (6.):
717 1198 801 1269 Non
817 1197 896 1288 plns
914 1198 1051 1265 auferre
1069 1195 1107 1263 in
1120 1220 1182 1264 ne·
1206 1180 1211 1328 1
1234 1192 1422 1262 cessariam
1436 1189 1571 1263 habent
1589 1198 1869 1285 connexionem,
1904 1216 1938 1272 et
1952 1207 2041 1273 liunt
2056 1204 2221 1298 aequalia

196 1308 315 1401 gotio,
353 1301 404 1398 μὴ
438 1303 679 1375 πλεονεκτεῖν.
747 1300 894 1368 Caetera
924 1324 1031 1390 supra
1064 1298 1183 1380 citavi,
1233 1321 1307 1364 uon
1323 1296 1448 1380 rebus,
1475 1300 1535 1366 sed
1550 1297 1782 1371 similitudine
1800 1306 2086 1397 proportionum.
2128 1308 2222 1377 Tam

197 1435 288 1506 quae
314 1421 504 1499 utramque
529 1402 683 1495 speciem
707 1402 860 1472 institiae
888 1403 1183 1492 complectuntur,
1233 1398 1450 1468 necessarius
1474 1412 1525 1468 est
1549 1401 1642 1469 vitae
1666 1399 1913 1492 scholasticus,
1939 1435 2046 1501 qnam
2075 1435 2156 1493 rex,
2187 1423 2223 1480 et

196 1527 232 1583 et
274 1514 312 1580 in
353 1523 504 1602 utraque
544 1504 693 1576 sancivit
731 1505 828 1575 Deus
841 1503 889 1598 ⁴⁷)
931 1504 1182 1597 aequalitatem
1234 1514 1287 1570 est
1301 1525 1379 1592 par,
1405 1524 1479 1569 non
1495 1527 1659 1587 numero,
1685 1531 1746 1576 seu
1763 1511 1887 1594 rebus,
1912 1514 1973 1580 sed
1987 1512 2223 1584 similitudine

197 1610 344 1711 (blaatth.
372 1612 439 1695 19,
474 1609 571 1704 19.);
620 1606 756 1698 Diligas
788 1607 992 1698 proximum
1026 1607 1118 1677 sicut
1149 1619 1183 1675 te
1234 1601 1491 1694 proportionis.

197 1720 325 1812 ipsum.
374 1714 437 1785 Et:
471 1713 578 1806 Quod
594 1711 659 1778 tihi
675 1734 749 1778 non
766 1709 819 1778 vis
834 1708 931 1793 fieri,
959 1708 1062 1778 alteri
1075 1733 1120 1778 ne
1135 1710 1183 1777 fe·
1336 1704 1496 1799 Quisque
1519 1706 1626 1798 igitur
1640 1733 1705 1778 suo
1724 1711 1804 1780 loco
1827 1716 1915 1783 sciat
1937 1714 2026 1786 alios
2048 1716 2115 1786 sibi
2138 1742 2222 1787 con·

198 1821 300 1891 ceris.
345 1810 546 1913 Ἀναλογία
563 1812 775 1903 geometrica
793 1824 862 1895 est,
896 1837 975 1880 cum
992 1812 1105 1881 trihus
1123 1823 1185 1880 aut
1234 1831 1343 1877 nexos
1361 1831 1454 1891 esse,
1482 1823 1517 1877 et
1539 1834 1642 1878 suram
1661 1814 1816 1883 officium
1831 1817 1957 1899 faciat,
1984 1832 2019 1888 et
2042 1844 2223 1891 connexos

197 1923 360 2017 pluribus
375 1917 535 1988 terminis
549 1913 748 2006 dispositis,
769 1937 1002 1983 numerorum
1017 1914 1184 1982 differen-
1235 1934 1310 1978 non
1327 1909 1517 2000 impediat,
1543 1937 1619 1980 uon
1640 1919 1828 1987 conturbet
1848 1915 1912 1989 bas
1934 1922 2076 2011 regulas
2099 1948 2222 1994 corase-

197 2028 246 2096 tia
262 2023 471 2114 negligitur,
498 2020 558 2088 sed
572 2018 747 2086 retinetur
762 2014 957 2086 similitudo
979 2017 1184 2108 proportio·
1236 2013 1482 2105 quentiarum,
1522 2038 1597 2082 uon
1621 2020 1760 2087 studeat
1783 2016 2030 2119 ζυγομαχεῖν,
2070 2037 2104 2092 et
2128 2021 2223 2095 banc

198 2153 306 2210 num,
332 2137 372 2193 ut
392 2124 426 2193 8.
443 2123 480 2193 6.
500 2125 557 2193 12.
574 2120 636 2193 24.
701 2117 799 2188 Sicut
821 2144 857 2188 se
879 2114 1013 2187 habent
1033 2120 1057 2189 3
1079 2121 1124 2189 ad
1148 2116 1184 2200 6,
1236 2114 1324 2183 dixit
1351 2115 1455 2184 Plato
1485 2115 1677 2207 imaginem
1710 2145 1783 2191 esse
1813 2125 1941 2215 optimi
1968 2139 2098 2211 status,
2137 2153 2223 2196 cou-

198 2231 301 2302 sicse
323 2222 457 2296 habent
479 2227 526 2297 12
543 2225 589 2292 ad
606 2220 668 2296 24.
725 2221 886 2314 Utraque
910 2221 1006 2290 euim
1031 2235 1083 2292 est
1104 2223 1184 2290 snb
1235 2231 1418 2309 gruentem
1445 2221 1490 2287 ad
1520 2221 1794 2311 proportionem
1826 2229 2097 2317 geometricam,
2139 2256 2221 2301 enm

198 2333 319 2424 dupla.
371 2328 817 2416 ludefitargumentuma
843 2337 1078 2394 transmutata
1100 2349 1184 2416 pro·
1235 2320 1366 2390 scilicet
1396 2321 1514 2411 Scipio
1544 2336 1597 2391 est
1625 2323 1842 2417 imperator,
1887 2329 2030 2400 Laelius
2063 2347 2222 2417 seruator,

197 2435 382 2530 portione:
421 2429 518 2522 Ergo
541 2429 632 2499 sicut
654 2452 690 2496 se
714 2423 846 2496 habent
872 2427 956 2496 aad
978 2431 1044 2512 12,
1082 2428 1131 2496 sic
1147 2451 1184 2496 se
1236 2424 1325 2493 Cato
1340 2437 1526 2516 quaestor,
1551 2426 1714 2518 Aquilius
1730 2428 1942 2527 praetor*),
1967 2448 2001 2502 et
2023 2460 2146 2504 onmes
2169 2437 2221 2506 ita

196 2536 369 2609 habento
386 2533 509 2607 ad24.
550 2532 711 2624 Utraque
726 2529 821 2597 euim
839 2543 890 2599 est
905 2531 1185 2624 subquadrupla.
1236 2539 1318 2595 sunt
1334 2527 1504 2610 connexi,
1531 2553 1576 2596 ue
1600 2535 1813 2602 conturbent
1835 2537 2091 2606 connexionem
2117 2540 2225 2623 odiis,

198 2642 387 2712 Postremo
415 2651 450 2706 et
472 2647 588 2705 totum
610 2635 656 2703 ad
677 2645 793 2702 totum
815 2626 961 2701 habebit
982 2633 1185 2725 proportio·
1236 2627 1402 2713 dissidiis,
1428 2630 1583 2720 ignaria,
1610 2647 1671 2701 aru
1685 2634 2095 2735 πολυπραγμοσύνῃ11).
2130 2642 2222 2712 Cum

197 2768 282 2815 nem
307 2742 458 2813 similem
482 2738 640 2830 primae,
672 2735 852 2824 iungendo
876 2736 961 2805 aad
980 2739 1046 2818 12,
1082 2748 1185 2804 erunt
1237 2744 1356 2801 autem
1372 2730 1594 2802 arithmetica
1618 2733 1801 2836 ἀναλογία
1822 2743 2073 2833 aequalitatem
2096 2769 2222 2834 proce·

201 2845 260 2920 16.
312 2845 409 2914 llaec
424 2840 600 2930 subdupla
616 2850 668 2906 est
685 2837 820 2906 addet
835 2836 897 2909 24.
947 2838 1005 2906 Sic
1021 2838 1094 2907 sire
1109 2863 1185 2905 ma·
1237 2834 1433 2928 dentem⁴⁰)
1458 2835 1496 2902 iu
1520 2835 1699 2906 inlinitum
1723 2843 1903 2926 ostendat,
1945 2858 1979 2912 et
2001 2846 2151 2940 certam)
2175 2848 2223 2916 sit

198 2949 272 3042 gui,
298 2947 371 3018 sive
387 2944 490 3036 patrui
505 2940 646 3011 numeri
660 2939 749 3020 sint,
776 2953 897 3007 manet
912 2940 1084 3008 connexio
1103 2964 1185 3030 pro·
1237 2936 1437 3027 progressio
1462 2962 1694 3008 numerorum
1719 2966 1739 3009 a
1762 2957 1858 3012 certo
1874 2943 1997 3029 initio,
2023 2944 2110 3016 haec
2124 2964 2221 3019 recte

198 3050 420 3147 portionum.
477 3042 737 3112 Accommodat
760 3064 844 3130 ergo
859 3041 1066 3111 Aristoteles
1092 3037 1185 3109 banc
1237 3040 1407 3133 attributa
1431 3052 1482 3108 est
1505 3064 1625 3108 rernm
1647 3047 1921 3134 permutationi,
1955 3052 2224 3121 seucoutracti·

198 3158 353 3224 formam
374 3151 420 3217 ad
434 3147 563 3238 gradem
575 3142 798 3214 functionum
817 3155 851 3210 et
865 3168 1119 3235 personarum,
1145 3158 1186 3213 ut
1236 3143 1313 3211 bus.
1364 3139 1412 3208 At
1433 3142 1647 3231 geometrica
1665 3160 1827 3218 versatur
1849 3147 1943 3217 inter
1965 3164 2120 3244 quatuor
2144 3180 2223 3224 cer·

198 3253 452 3348 aequalitatem
478 3248 605 3317 efficiat
625 3271 700 3314 non
723 3269 862 3329 rerum,
896 3248 957 3316 sed
980 3246 1184 3338 proportio·
1237 3257 1290 3313 tas
1305 3243 1541 3337 quantitates,
1567 3269 1632 3315 nec
1656 3272 1726 3318 una
1749 3251 1868 3344 aliqua
1890 3251 1982 3321 linea
2008 3269 2059 3325 est
2077 3256 2223 3327 initium

198 3383 307 3439 natan,
333 3368 368 3424 et
383 3353 525 3443 coptdet
540 3351 681 3441 gradus.
1237 3347 1398 3416 onmium
1422 3347 1611 3418 linearum.
1674 3349 1758 3421 Ideo
1783 3350 1869 3422 haec
1891 3357 2054 3447 antilogia
2078 3385 2223 3449 geome-

300 3458 351 3528 Ut
366 3457 460 3526 enim
475 3451 671 3523 necessaria
692 3449 945 3543 consequentia
963 3462 997 3518 et
1011 3451 1183 3519 connexio
1236 3450 1322 3518 trica
1340 3451 1506 3518 convenit
1520 3451 1628 3520 baritis
1646 3466 1681 3523 et
1701 3456 1804 3526 certis
1826 3459 1992 3547 gradibus
2014 3460 2051 3528 iu
2073 3488 2144 3532 una
2167 3487 2224 3531 re-

200 3576 271 3646 est,
298 3562 396 3632 iuxta
413 3558 553 3649 regidos
575 3556 618 3623 de
640 3550 707 3622 bac
725 3548 925 3651 ἀναλογία,
958 3552 1007 3622 sic
1028 3578 1184 3623 necessa·
1235 3553 1396 3645 publica,
1423 3566 1463 3623 ut
1478 3554 1516 3621 in
1528 3553 1681 3625 Ecclesia
1706 3563 1962 3651 prorsusnulli
1984 3566 2113 3652 gradus
2139 3578 2223 3634 sunt

199 3667 254 3738 ria
272 3666 422 3733 dulcator
436 3659 608 3730 connexio
626 3669 661 3725 et
675 3653 920 3724 convenientia
936 3658 1110 3746 graduum
1122 3683 1184 3727 seu
1236 3657 1457 3739 Tarentum,
1483 3671 1544 3725 aut
1559 3655 1786 3730 ludaeorum.
1828 3661 2015 3736 Mutantur
2030 3668 2135 3736 etiam
2154 3668 2223 3736 im·

198 3766 434 3840 functionum.
485 3762 632 3852 Semper
651 3760 746 3826 valet
761 3754 847 3825 halec
862 3759 1002 3845 regula:
1031 3760 1129 3829 Sicut
1147 3786 1183 3830 se
1235 3759 1356 3850 peria,
1383 3761 1593 3829 conturbata
1613 3757 1679 3831 hac
1704 3765 1935 3838 connexione.
1996 3770 2117 3860 Quane
2142 3783 2222 3839 tan-

198 3866 433 3941 habentdad
453 3865 518 3947 12,
545 3857 892 3932 sicsehabentdad
908 3858 943 3930 9.
981 3860 1078 3952 Ergo
1094 3864 1184 3932 sicut
1236 3888 1343 3955 quam
1369 3862 1456 3930 alias
1478 3862 1608 3946 lineas,
1637 3867 1691 3933 vel
1715 3868 1950 3960 quantitates,
1977 3872 2045 3939 alia
2070 3872 2222 3964 imperia

199 3968 516 4050 sehabentlada,
543 3966 651 4035 sic12
668 3965 712 4032 ad
723 3962 758 4031 9.
809 3961 857 4031 Et
869 3987 991 4032 rursus
1007 3977 1122 4034 totum
1139 3970 1181 4035 ad
1235 3966 1331 4034 Deus
1347 3965 1496 4032 subinde
1514 3967 1708 4038 constituit.

199 4089 313 4148 totum
329 4069 565 4142 necessariam
579 4064 687 4136 babet
704 4064 960 4134 connexionem
979 4065 1110 4150 4513,
1133 4072 1184 4136 vi·
1339 4063 1380 4134 ln
1401 4070 1469 4135 fine
1488 4064 1593 4138 buius
1615 4071 1739 4161 capitis
1761 4074 1968 4144 observetur
1988 4076 2151 4159 collatio,
2182 4077 2222 4147 in

197 4180 326 4249 delicet
349 4177 372 4246 7
399 4175 445 4243 ad
472 4170 628 4253 12519,
653 4169 691 4237 id
707 4181 776 4252 est,
803 4170 864 4240 21.
915 4166 979 4238 Est
992 4169 1087 4238 enirn
1103 4174 1184 4242 sub-
1237 4181 1308 4238 tota
1323 4182 1450 4238 natura
1467 4183 1610 4262 oportet
1625 4176 1760 4263 agentis
1782 4189 1816 4244 et
1836 4177 2002 4267 patientis
2025 4181 2222 4272 aequalita-

197 4282 304 4374 tripla
321 4276 529 4370 proportio,
555 4274 604 4345 sic
620 4271 683 4342 etsi
699 4270 837 4339 numeri
856 4271 1042 4356 differunt,
1068 4272 1105 4341 id
1121 4290 1184 4361 est,
1237 4285 1306 4339 tem
1327 4275 1507 4365 quandam
1523 4300 1615 4354 esse,
1649 4302 1728 4347 cum
1752 4279 1844 4348 actio
1869 4303 1944 4348 nou
1969 4294 2022 4350 est
2047 4283 2220 4372 pernicies

198 4408 256 4454 res
288 4393 371 4452 sunt
399 4377 675 4457 dissimillimae,
707 4399 765 4443 ars
784 4373 968 4443 bellatoris
991 4387 1025 4442 et
1048 4375 1184 4463 literae,
1236 4375 1392 4445 alterius.
1442 4374 1484 4445 lu
1498 4378 1724 4451 calefactione
1742 4381 1901 4473 corporis
1914 4383 2140 4453 manifestum
2158 4399 2220 4469 est,

198 4500 320 4555 tamen
343 4495 384 4552 ut
409 4506 445 4551 se
467 4476 602 4549 habent
621 4477 778 4547 defensio
806 4475 982 4560 inbellis,
1009 4489 1043 4544 et
1059 4480 1184 4568 guber·
1235 4478 1428 4547 immodico
1454 4481 1570 4549 calore
1599 4483 1761 4553 consumi
1790 4509 1936 4575 eorpus:
1974 4511 2145 4577 magnum
2166 4490 2221 4559 lu·

198 4588 297 4658 natio
314 4586 352 4653 in
368 4608 473 4675 pace,
497 4583 546 4652 sic
561 4607 597 4651 se
610 4576 745 4650 habent
768 4604 824 4649 ars
848 4579 1029 4649 bellatoris
1052 4593 1087 4649 et
1108 4583 1184 4652 lite·
1237 4590 1318 4649 meu
1334 4577 1478 4650 habetat
1494 4582 1613 4655 oculos
1630 4599 1695 4655 etc.
1752 4586 1805 4655 Sit
1825 4587 1933 4677 igitur
1948 4586 2041 4658 iuter
2058 4615 2167 4680 agens
2187 4604 2223 4661 et

198 4716 272 4761 rae.
322 4686 418 4776 Ergo
436 4684 525 4754 sicut
540 4709 575 4753 se
591 4680 697 4752 habet
713 4681 870 4752 defensio
886 4683 932 4750 ad
948 4696 1060 4751 artem
1077 4685 1184 4756 bella·
1235 4684 1372 4775 patiens
1405 4689 1580 4778 quaedam
1613 4689 1820 4782 aequalitas,
1893 4690 1989 4760 Haec
2024 4692 2220 4765 similitudo

199 4793 307 4873 toris,
333 4784 562 4860 sirselmbet
585 4787 794 4876 gubernatio
816 4786 961 4875 inpare
985 4787 1030 4854 ad
1053 4786 1184 4861 literas.
1236 4789 1505 4857 accommodata
1546 4791 1591 4857 ad
1624 4791 1829 4860 societatem
1861 4789 2049 4862 homiuum
2084 4795 2221 4867 illustre

198 4895 247 4965 Et
266 4908 381 4964 toturn
405 4891 449 4959 ad
474 4902 587 4957 totum
614 4884 722 4956 habet
747 4888 1004 4957 connexionem
1027 4912 1184 4960 necessa·

197 4999 303 5069 riam.
354 4991 542 5073 Defensio,
570 5014 627 5059 ars
644 4990 787 5070 bellica,
813 5014 873 5058 seu
891 4989 1045 5075 Marius,
1074 5007 1107 5060 et
1123 5021 1184 5084 gn·
1270 4971 1303 5031 *³
1322 4971 1401 5022 ⁰⁰⁰¹·
1422 4974 1799 5037 ’111151555515155

1269 5057 1317 5121 ts)
1336 5055 1610 5128 πολυπραγμοσύνῃ]
1627 5061 1666 5110 sio
1683 5059 1766 5113 Editt.
1791 5061 1883 5143 1515,
1910 5063 2002 5130 taso„
2029 5066 2103 5118 1551.
2111 5100 2120 5132 ,
2147 5068 2223 5123 1557.

210 5141 415 5158 -·----
1304 5131 1333 5176 51
1353 5128 1442 5193 15511,
1467 5128 1539 5180 Edit.
1559 5130 1633 5182 1515.
1652 5126 1920 5196 πολοπραγμοσονη.

231 5206 725 5278 41)51]515Ε5111.1551λ,.1551.,
747 5205 980 5273 transtisse,
1007 5212 1091 5266 satta
1108 5208 1193 5265 tata.
1269 5211 1316 5276 49)
1335 5215 1542 5276 procedentem]
1567 5217 1608 5265 ste
1631 5215 1714 5265 natet.
1735 5217 1826 5282 15511,
1854 5218 1946 5282 1555,
1979 5221 2054 5271 1551.
2078 5228 2106 5271 et
2126 5223 2220 5285 15511.;

268 5291 296 5337 51
316 5286 390 5335 1515.
409 5283 453 5330 sit.
657 5316 662 5325 .
1304 5285 1621 5335 testamentare
1641 5289 1797 5348 vagantem.

233 5370 281 5440 41)
300 5369 417 5422 sanctvtt
435 5362 520 5430 Deus]
545 5363 586 5413 stc
608 5360 805 5442 5111111555,
834 5360 926 5430 1555,
952 5365 1026 5420 1557.
1045 5371 1073 5418 51
1092 5369 1184 5434 tam
1269 5369 1716 5432 accommodantius..
1751 5373 1825 5424 1515.
1850 5375 1878 5423 et
1903 5373 1994 5430 155115
2031 5376 2220 5444 1111151551,

263 5442 351 5490 115111.
371 5437 446 5488 1545.
465 5437 493 5485 51
515 5434 590 5484 tato.
612 5432 750 5487 sanciunt,
1305 5440 1381 5493 1551.
1400 5440 1642 5491 511551155515..
1806 5474 1810 5485 .
