4544 5766
195 225 270 304 ast
460 222 906 302 serenianum
929 222 998 296 ro
1022 218 1325 300 armemur
1348 211 1613 300 mumma
1634 213 1984 300 uocemue
2143 187 2232 297 soe

195 401 411 495 sanguinem
440 397 616 487 hominis,
654 401 826 472 fundetur
844 397 989 491 sanguis
1019 398 1095 470 eins
1123 421 1189 492 per
1239 396 1415 492 eripiendi
1435 397 1585 493 imperia
1609 402 1785 489 dominis,
1826 421 1904 474 non
1928 392 2092 468 solvendi
2105 392 2232 462 credi-

200 501 406 588 bominem,
441 505 501 573 vel
522 528 603 574 eum
623 501 725 574 Adae
750 502 979 575 commissum
1001 515 1054 575 est
1076 502 1189 596 impe·
1238 511 1334 586 tum,
1360 525 1441 572 cum
1455 501 1679 596 disputarent
1691 504 1858 578 dominos
1874 523 1948 574 esre
1962 519 2175 590 conputet,
2198 496 2233 566 δί

201 607 296 680 rium
313 607 352 676 in
366 606 553 680 familiam.
1239 603 1303 698 qui
1315 620 1544 696 reposcerent
1559 610 1745 681 creditum.
1795 608 1914 680 Facile
1933 602 2030 673 enirn
2053 613 2108 672 est
2129 599 2231 668 inve·

1238 706 1318 777 nire
1344 705 1383 776 iu
1413 707 1526 780 altero
1554 723 1756 802 peecatum,
1793 712 1891 808 quod
1922 704 2069 799 allegari
2096 715 2229 796 posset.

1238 809 1520 901 Argumentatur
1536 825 1572 882 et
1585 808 1654 884 boe
1670 819 1778 885 modo
1794 813 1986 887 Wiclelus:

1288 909 1395 1003 lmpii
1409 913 1584 1009 quidquid
1599 930 1728 1009 agunt,
1754 919 1883 989 iniuste
1897 923 2019 1005 aguru.
2076 993 2078 997 y

1235 1054 1238 1059 >
1288 1012 1385 1105 Ergo
1401 1014 1508 1086 etiam
1525 1017 1653 1089 iniuste
1665 1020 1849 1114 possident
1864 1042 1920 1089 res
1935 1029 1971 1085 et
1986 1009 2150 1104 imperia.
2165 1067 2167 1071 ,
2211 1047 2219 1071 ι

304 741 470 836 Denique
485 743 542 812 lex
555 742 673 835 coepit
687 767 760 814 esse
774 744 983 829 necessaria,
1000 756 1081 837 post
1089 741 1188 812 Adae

200 859 406 940 peceatum,
441 845 487 914 ad
513 841 752 917 cohercendos
773 845 923 939 impios,
965 871 1049 938 ergo
1072 844 1189 939 coepit

203 950 310 1019 etiam
328 948 544 1018 necessarius
561 974 634 1019 esse
650 949 875 1039 magistratus
894 949 957 1044 qui
975 951 1089 1041 legem
1111 973 1188 1019 exe-

203 1049 442 1148 quereturoe).
508 1050 632 1121 Potest
660 1052 769 1144 igitur
795 1052 995 1122 dominium
1023 1052 1187 1122 naturale

201 1149 271 1224 hoc
287 1178 430 1248 quoque
446 1156 556 1223 modo
573 1154 732 1238 definiri,
759 1157 857 1249 quod
871 1155 918 1226 sit
930 1156 987 1225 lex
1000 1155 1187 1238 naturalis,
1287 1115 1372 1190 ΝΜ
1387 1132 1471 1189 ⁵⁰⁰²
1484 1119 1593 1211 igilur
1609 1147 1691 1193 Vm
1710 1123 1860 1196 d⁰¹¹¹l¹¹b

201 1280 295 1352 quae
312 1257 454 1326 ordinet
474 1270 607 1340 certos,
633 1257 696 1353 qui
720 1257 897 1349 praesint,
929 1260 974 1327 ad
999 1253 1188 1330 cohercen-
1258 1319 1267 1336 .
1341 1219 1644 1343 R²⁸P⁰¹¹df¹ld¹¹¹¹¹
1673 1241 1743 1310 ‘St’
1788 1251 1864 1297 ⁰⁰¹¹
1891 1246 1992 1341 sqqm
2023 1218 2121 1313 ΨΜ
2150 1237 2228 1282 ⁰⁰¹¹

1238 1333 1311 1392 sint
1322 1347 1406 1394 vere
1421 1327 1572 1411 dommi,
1591 1340 1729 1400 tantum
1746 1325 1814 1399 hoc
1831 1349 1932 1422 sequr
1948 1324 2047 1419 quod
2061 1322 2227 1388 domimo

1239 1425 1452 1512 abutantur,
1489 1430 1574 1524 quia
1601 1455 1675 1500 non
1699 1434 1837 1503 addunt
1859 1431 1965 1502 tidem
1990 1447 2072 1515 erga
2094 1420 2227 1490 Deum·

1237 1526 1361 1624 Neque
1376 1554 1463 1601 vero
1476 1528 1535 1600 hie
1549 1534 1678 1605 abusus
1696 1548 1833 1627 pugnat
1855 1558 1934 1604 cum
1957 1540 2084 1598 natura
2108 1522 2228 1592 domi-

1237 1631 1301 1701 nii.
1353 1631 1403 1701 Ut
1417 1633 1448 1702 si
1463 1635 1543 1728 quis
1561 1651 1844 1727 argumentetur:

1287 1731 1393 1826 lmpii
1407 1737 1581 1833 quidquid
1597 1753 1727 1830 agrmt,
1753 1740 1882 1812 iniuste
1897 1748 2020 1829 agoni,
2048 1782 2054 1795 ·

1287 1834 1383 1928 Ergo
1403 1838 1509 1908 etiam
1527 1841 1655 1912 iniuste
1671 1846 1875 1926 comedunt,

1285 1935 1397 2029 Igitur
1413 1965 1487 2011 non
1503 1968 1585 2014 vere
1601 1949 1804 2018 comedunt.

1337 2040 1406 2111 Hic
1426 2045 1611 2118 manifeste
1633 2062 1782 2141 apparet
1805 2045 1981 2141 posterius
2001 2058 2225 2129 consequens

200 1360 267 1429 dos
289 1359 431 1453 impios.
482 1359 630 1430 Constat
653 1360 747 1428 enim
763 1360 879 1430 Adam
901 1374 983 1454 post
1003 1372 1187 1452 peccatum

200 1461 387 1533 retinuisse
401 1461 566 1531 notitiam
581 1463 780 1533 naturalem
795 1462 902 1554 legis,
935 1464 1025 1535 sicut
1039 1463 1190 1534 retinuit

200 1564 391 1636 rationem.
454 1564 571 1633 Porro
603 1565 704 1635 civile
732 1565 932 1636 dominium
955 1580 1007 1638 est
1026 1567 1186 1637 executio

200 1666 354 1736 dominii
369 1668 553 1738 naturalis.
598 1659 708 1739 'Nam
729 1682 770 1738 ut
790 1667 916 1738 ordine
938 1670 1187 1741 administren-

199 1783 260 1840 tur
273 1771 509 1862 respublicae,
534 1794 680 1842 necesse'
701 1784 755 1842 est
777 1771 882 1842 certis
902 1772 1064 1864 personis
1084 1796 1187 1841 man·

199 1873 286 1941 dare
301 1873 548 1965 magistratus,
575 1886 610 1943 et
630 1872 778 1969 reliquis
799 1874 1012 1945 interdicere
1035 1875 1187 1945 admini-

200 1975 384 2047 stratione.
434 1972 475 2045 ld
490 1975 619 2045 dicitnr
635 1976 736 2046 civile
751 1976 971 2063 dominium,
995 1991 1116 2073 estque
1138 1979 1186 2049 es·

198 2078 310 2148 lectus
331 2077 477 2172 quidam
492 2077 644 2147 dominii
654 2078 839 2150 naturalis.
881 2080 984 2174 Quae
1000 2106 1087 2151 vero
1104 2106 1187 2151 con·
1237 2136 1502 2220 ἀνακολούθου
1524 2175 1610 2221 εὗδε.
1668 2149 1802 2223 Iniuste
1823 2149 2023 2245 possidere,
2056 2140 2147 2210 sicut
2168 2136 2224 2206 fn.

199 2179 292 2250 s¹¹⁸¹⁰
309 2181 428 2252 finum
443 2194 533 2253 ‘³⁸²²
549 2206 670 2251 mum
686 2182 924 2274 PUhhcamm’
948 2209 1022 2254 ¹¹⁰⁰
1037 2186 1187 2254 etsaml‘
1235 2240 1326 2315 iuste
1354 2252 1560 2337 comedere,
1595 2253 1770 2345 ,significat
1795 2254 1871 2326 sine
1900 2253 1967 2321 fide
1996 2268 2118 2319 coram
2141 2240 2223 2309 Deo

1234 2347 1434 2438 possidere,
1465 2367 1528 2424 aut
1550 2359 1747 2431 comedere.
1804 2359 1889 2431 Non
1910 2351 2084 2446 significat
2105 2345 2224 2437 ipsam

1234 2453 1493 2541 possessionem
1508 2458 1641 2528 malam
1657 2484 1744 2544 esse,
1770 2474 1833 2531 aut
1847 2460 1965 2530 cibum
1981 2453 2118 2524 malum
2132 2470 2223 2518 esse.

1234 2552 1304 2623 Sed
1315 2559 1426 2648 pudet
1440 2559 1591 2632 recitare
1605 2575 1680 2633 tam
1694 2565 1821 2655 procul
1842 2560 2027 2633 accersitas
2048 2568 2084 2625 et
2107 2549 2222 2622 moler-

1234 2668 1306 2729 stas
1325 2661 1579 2736 cavillationes.
1629 2667 1846 2762 Quanquam
1867 2665 2014 2759 prodest
2035 2657 2220 2727 interdum

198 2281 404 2379 liarum⁸⁰)‚
428 2285 459 2355 si
473 2283 718 2374 magistratus,
742 2285 772 2356 si
794 2299 960 2378 parentes
982 2287 1187 2357 amitterent

199 2384 422 2472 dominium,
463 2387 602 2481 quoties
630 2387 747 2457 Deum
779 2388 1025 2459 offenderent?
1083 2390 1183 2463 Nun-

200 2512 310 2582 quam
326 2503 420 2559 certa
434 2514 505 2583 pax
520 2503 612 2562 esset
627 2491 734 2562 ullius
755 2491 909 2562 familiae
936 2504 999 2562 aut
1020 2492 1183 2565 civitatis.

199 2589 371 2684 Quotidie
386 2594 482 2662 enim
495 2589 670 2664 baberent
685 2594 843 2667 seditiosi
861 2591 1025 2667 homines
1041 2620 1183 2667 causam

198 2766 404 2785 '‘—
1234 2757 1272 2828 in
1287 2762 1417 2836 talibus
1434 2765 1732 2859 disputationibus
1747 2765 1834 2840 haec
1851 2766 2010 2860 exempla
2031 2760 2221 2832 ostendere

232 2864 282 2926 88)
300 2866 497 2929 exequeretur]
521 2864 752 2918 555555551550·
771 2866 799 2915 et
814 2863 918 2929 nard.;
945 2861 1183 2930 5551555535·
1233 2861 1439 2951 iuvenibus,
1466 2871 1511 2938 ad
1525 2874 1683 2942 acuenda
1701 2872 1851 2959 iudicia,
1875 2886 1917 2943 nt
1938 2872 2082 2940 videant
2104 2857 2221 2960 quali-

233 2944 480 3098 ωξοῖωῶᾚ]
497 2935 730 3088 ῖῖἒῖζίῖίιῗω
753 3030 896 3100 mund
921 3031 1083 3116 ww
1100 3031 1182 3087 ‘mi‘
1233 2966 1299 3037 bus
1313 2970 1461 3042 somniis
1477 2973 1652 3044 fanaticae
1667 2989 1802 3047 mentes
1820 3000 1930 3070 quum
1950 3000 1971 3044 a
1994 2968 2145 3041 veritate
2166 2987 2220 3035 se·

264 3101 382 3157 um,
1233 3071 1305 3138 mel
1320 3073 1593 3164 deerraverunt,
1618 3078 1853 3172 decipiantur.

1050 3371 1358 3387 m

325 3574 428 3671 Nota.
468 3579 634 3644 Editionen
654 3580 723 3643 anni
747 3573 859 3660 15³1„
880 3598 968 3663 quam
984 3581 1014 3642 iu
1026 3581 1248 3665 Prolegonenis
1266 3587 1507 3667 commemorari,
1527 3606 1594 3649 cum
1603 3590 1732 3671 reliquis
1752 3586 1889 3654 conferre
1911 3589 1983 3652 mibi
2003 3610 2062 3654 uon
2081 3593 2214 3674 contigit.
