4544 5766
133 221 208 299 421
460 229 462 233 ’
568 224 633 303 IV.
685 220 1031 300 constaturam]
1064 221 1113 310 IN
1146 215 1373 293 rourtca
1401 217 1729 298 ARISTOTELIS.
1777 258 1781 265 ·
1869 233 1872 241 '
2072 226 2164 314 422

130 392 396 488 providendum
417 421 492 468 esse
514 394 571 469 his
596 400 659 495 qui
675 413 798 471 tenent
814 399 1050 494 respublicas,
1076 424 1120 468 ne
1172 406 1294 486 petent
1318 405 1353 462 et
1374 396 1647 486 expectabunta
1671 396 1750 467 Deo
1774 401 1958 477 auxilium.
2021 402 2161 482 Deinde

129 511 336 569 sererentur
360 500 458 570 ullae
487 502 688 575 occasiones
710 517 774 575 aut
796 528 920 574 causae
944 515 1120 573 motuum.
1172 495 1303 566 subditi
1316 497 1453 566 maiore
1462 495 1507 593 ¹⁰)
1521 497 1693 590 religione
1707 506 1887 593 parebunt
1901 521 2073 604 tanquam
2092 514 2161 584 Dei

129 601 249 670 Semel
266 601 406 671 excitati
421 605 606 689 tumultus,
632 620 755 698 postca
770 606 890 677 multis
904 605 1030 676 seculis
1045 630 1120 674 non
1172 598 1326 681 vicariis,
1344 599 1427 692 quia
1442 602 1596 671 sentient
1610 602 1836 693 magistratus
1853 621 1888 678 et
1902 613 2086 702 politicam
2102 642 2160 687 or-

132 704 371 775 consilescunt
385 700 435 800 ⁴¹).
1171 702 1393 771 dinationem
1411 703 1560 793 perinde
1577 707 1622 773 ad
1638 706 1731 776 vitae
1745 709 1933 782 utilitatem
1949 715 2057 787 aDeo
2075 734 2160 790 con-

233 806 284 876 Ut
300 807 408 899 igitur
424 808 585 879 Socrates
603 811 707 882 initio
723 837 808 882 suae
823 811 970 904 politiae
986 809 1120 881 dimisit
1171 806 1282 874 ditam
1303 828 1396 888 esse,
1437 818 1477 875 ul
1498 802 1584 875 Ilaec
1604 831 1724 876 rerum
1746 811 1978 902 universitas,
2021 835 2062 890 ut
2089 819 2160 893 hoc

130 931 229 978 esua
247 909 388 979 civitate
406 923 546 1000 poetas:
574 912 622 984 ita
645 940 712 985 nos
735 911 920 1006 theologos
943 937 1019 982 non
1042 915 1119 1006 qui-
1170 904 1451 999 pulcherrimum
1468 909 1592 978 lumen'
1605 910 1708 994 solis,
1734 926 1775 981 ut
1796 914 1889 986 vices
1912 931 2114 1013 temporum
2138 953 2158 996 a

129 1013 211 1096 dem
230 1011 373 1082 civitate
394 1013 593 1098 eiiciemus‚
619 1020 681 1087 sed
697 1030 817 1087 tamen
834 1042 854 1086 a
871 1017 1118 1108 gubernaculis
1169 1010 1247 1079 Deo
1263 1011 1427 1081 condinae
1449 1025 1550 1096 sunt,
1578 1024 1617 1082 nt
1638 1025 1754 1084 terrae
1775 1017 1995 1094 foecunditas
2019 1041 2071 1096 est
2092 1032 2156 1098 do-

128 1113 347 1207 reipublicae
365 1117 648 1204 removebimus,
673 1144 718 1189 ne
737 1143 851 1191 novas
873 1120 967 1210 leges
989 1121 1118 1200 ferant,
1169 1126 1253 1182 nata
1270 1117 1315 1184 ad
1335 1114 1461 1183 alenda
1479 1115 1687 1186 animantia.
1740 1115 1817 1187 lmo
1833 1128 2071 1212 praesentiam
2086 1131 2156 1202 Dei

130 1229 164 1287 et
186 1217 394 1308 rogabimus
420 1243 499 1303 eos,
531 1233 572 1288 ut
592 1248 696 1292 suum
721 1223 854 1292 iaciant
878 1221 1050 1303 officium,
1084 1234 1118 1289 et
1167 1217 1317 1307 propius
1334 1216 1564 1287 cernimusin
1582 1222 1852 1291 conservatione
1875 1233 2155 1321 rerumpublica-

129 1317 365 1410 Evangelium
399 1344 488 1411 pure
522 1324 685 1409 tradant,
726 1326 771 1395 de
803 1329 892 1407 lide,
939 1348 1031 1419 quae
1066 1335 1118 1393 est
1168 1343 1270 1404 rum,
1295 1343 1401 1412 qnam
1426 1319 1465 1386 in
1487 1320 1547 1389 illa
1571 1320 1646 1412 ipsa
1671 1336 1800 1392 natura
1817 1350 1952 1400 rerum.
2002 1332 2095 1405 Nam
2118 1339 2156 1408 in

131 1433 274 1491 aeterna
306 1422 460 1507 iustitia,
501 1427 545 1494 de
579 1429 818 1519 poenitentia,
861 1430 905 1497 de
932 1424 1116 1496 charitate.
1168 1433 1266 1491 tanta
1281 1422 1427 1491 saevitia
1444 1419 1608 1507 Diaboli,
1635 1423 1671 1491 in
1687 1438 1785 1494 tanta
1800 1422 1987 1501 hominum
2006 1439 2156 1528 malitia,

130 1523 224 1593 Haec
246 1525 388 1617 privata
410 1527 572 1597 doctrina
594 1544 646 1601 est
669 1529 832 1622 piorum,
865 1532 955 1601 sicut
977 1529 1115 1621 privata
1167 1549 1241 1592 non
1257 1523 1453 1618 possent¹¹)
1469 1526 1658 1596 consistere
1676 1530 1913 1619 respublicae,
1946 1535 2016 1606 nisi
2039 1542 2154 1616 aDeo

131 1651 185 1697 ars
201 1640 256 1697 est
268 1627 458 1699 medicina.
509 1629 649 1702 Interea
664 1634 784 1704 sinant
797 1658 897 1724 reges
921 1658 962 1701 ac
984 1630 1116 1723 prinei·
1168 1638 1475 1697 conservarentur.
1527 1628 1630 1698 Nunc
1647 1631 1804 1701 defendit
1821 1631 1916 1705 Deus
1930 1640 2094 1730 politias,
2121 1662 2156 1719 et

131 1755 189 1822 pes
202 1731 251 1799 ad
265 1726 506 1802 cohercendos
523 1735 653 1826 impios
667 1738 760 1806 ferre
777 1737 890 1827 leges,
917 1749 953 1804 et
974 1735 1115 1804 munire
1167 1729 1323 1799 vindicta
1340 1755 1447 1821 quam
1465 1730 1691 1821 magistratus
1705 1747 1860 1819 exercet,
1886 1763 1970 1809 verc
1991 1757 2043 1814 est
2065 1774 2155 1841 opus

132 1857 253 1924 pacem
267 1832 408 1904 iudiciis
424 1848 459 1904 et
475 1838 613 1926 poenis.
670 1836 722 1908 Ita
739 1835 899 1909 Christus
917 1836 1114 1930 praecepit:
1167 1830 1245 1902 Dei.
1297 1829 1380 1901 Ideo
1407 1833 1445 1900 in
1460 1833 1605 1902 Psalmo
1622 1832 1701 1929 (82,
1719 1834 1772 1932 6.)
1799 1839 1915 1932 inquit
1930 1840 2043 1917 Deus:
2075 1850 2154 1946 Ego

134 1936 240 2028 Reges
261 1937 421 2026 gentium
436 1940 688 2025 dominantur,
719 1939 988 2034 vrosnonsicll).
1047 1938 1115 2008 Ve-
1166 1935 1240 2004 dixi
1254 1932 1315 2003 Dii
1332 1934 1432 2015 estis3
1473 1936 1646 2007 ubiDeus
1666 1937 1788 2029 palam
1806 1953 1955 2013 testatur
1977 1972 1996 2016 a
2018 1974 2054 2019 se
2070 1979 2154 2028 con.

133 2052 178 2108 tat
192 2040 290 2108 enim
305 2040 464 2131 privatos
479 2036 642 2113 homines
655 2057 840 2136 praetextu
850 2042 1035 2134 Evangelii
1050 2066 1115 2133 pn·
1166 2038 1307 2109 stitutos
1324 2061 1397 2108 esse
1414 2038 1660 2128 magistratus,
1687 2041 1737 2109 ait
1752 2042 1865 2114 enim:
1891 2045 1969 2137 Ego
1992 2051 2084 2140 dixi,
2116 2059 2153 2129 id

134 2142 236 2211 blicas
254 2142 347 2232 leges
363 2157 505 2213 mutare
521 2159 556 2214 et
572 2146 722 2238 imperia
741 2147 921 2217 invadere.
956 2145 1116 2214 Habent
1167 2155 1237 2224 est,
1265 2165 1330 2232 ego
1349 2140 1514 2210 ordinavi
1530 2144 1768 2234 magistratus.
1809 2146 1917 2238 Quod
1927 2150 2022 2224 Deos
2037 2175 2153 2247 vocat,

135 2246 328 2336 exemplum
338 2241 490 2330 Christi,
515 2244 650 2318 habent
657 2249 933 2342 Apostolorum,
960 2247 1114 2342 quinon
1166 2256 1320 2314 testatur⁴
1332 2268 1391 2313 eos
1407 2243 1562 2313 officium
1579 2269 1700 2336 gerere
1718 2247 1899 2333 divinum,
1925 2267 1960 2322 et
1975 2255 2043 2326 Dei
2060 2263 2154 2334 vica.

135 2348 361 2418 aboleverunt
374 2348 558 2421 Romanas
573 2351 687 2443 leges,
712 2375 788 2422 non
809 2352 1004 2442 attigerunt
1024 2349 1114 2442 poli·
1165 2346 1238 2416 rios
1253 2372 1337 2416 esse.
1387 2345 1451 2416 Est
1465 2347 1573 2436 igitur
1597 2350 1690 2418 bona
1715 2373 1772 2420 res
1791 2353 1934 2442 politica
1960 2361 2152 2453 ordinatio,

136 2451 215 2534 tica,
242 2462 383 2520 tantum
398 2449 465 2521 Dei
487 2455 653 2523 notitiam
668 2453 837 2547 privatim
853 2465 1062 2546 sparserunt
1075 2452 1113 2520 in
1165 2449 1255 2518 sicut
1269 2460 1303 2517 et
1318 2449 1452 2518 Paulus
1468 2451 1571 2518 docet
1586 2450 1694 2522 Rom.
1716 2454 1775 2535 13,
1799 2456 1851 2546 (1.
1866 2461 1902 2528 2.
1919 2456 1954 2529 4.
1974 2461 2038 2558 6.).

136 2553 216 2644 pios.
269 2555 339 2623 Sed
354 2555 446 2624 facio
463 2557 582 2642 linem,
609 2583 688 2628 cum
705 2553 770 2626 hac
788 2560 831 2626 de
846 2581 886 2625 re
901 2580 1006 2647 saepe
1024 2554 1112 2624 alias
1266 2550 1362 2619 Haec
1385 2565 1469 2620 sunt
1492 2549 1701 2621 inculcanda
1725 2555 1853 2626 animis
1877 2554 2086 2652 hominum,
2112 2586 2151 2642 ut

136 2656 259 2727 dictum
282 2657 338 2728 sit,
1163 2650 1285 2743 magni
1299 2653 1431 2723 faciant
1444 2669 1648 2745 praesentes
1662 2656 1755 2746 leges
1771 2669 1806 2725 et
1821 2663 2059 2753 magistratus,
2087 2674 2151 2744 eis.

310 2826 323 2843 ,
981 2828 989 2847 .
1023 2827 1032 2844 ‚
1165 2779 1233 2849 que
1257 2755 1419 2847 religiose
1442 2769 1603 2848 pareant.
1664 2758 1796 2849 Quales
1821 2774 1940 2833 autem
1963 2793 2037 2839 esse
2057 2774 2150 2865 leges

136 2829 254 2922 (2¹¹0d
292 2824 591 2949 Evangelium
630 2832 856 2950 ‘'{I’Pmbet
893 2829 1113 2922 P⁰l¹l¹cas
1164 2859 1332 2942 debeant,
1383 2883 1457 2928 non
1492 2859 1604 2950 magis
1637 2861 1681 2928 ad
1715 2859 1950 2953 Evangelium
1985 2876 2150 2964 pertinet,

454 2936 785 3005 ⁰f<l¹¹¹ssl¹⁰¹¹ss⁵·
1165 2985 1272 3054 quam
1302 2961 1419 3056 qualia
1448 2958 1640 3054 pharmaca
1672 2965 1789 3033 danda
1814 2967 1885 3035 sint
1907 2971 2152 3053 laborantibus

223 3063 461 3156 Evangelium
491 3068 602 3136 tradit
629 3066 800 3137 iustitiam
827 3064 1047 3157 spiritualem
1078 3075 1113 3131 et
1163 3065 1267 3134 lebri.
2079 3160 2085 3169 Ι

129 3180 328 3250 aeternam,
355 3194 446 3263 quae
462 3194 660 3261 paucorum
680 3182 752 3253 est,
787 3169 922 3237 interea
947 3192 1037 3258 opus
1061 3178 1113 3235 est
1263 3166 1320 3236 Ad
1341 3162 1428 3236 haec
1449 3164 1543 3235 male
1569 3169 1760 3239 consulunt
1785 3195 1869 3241 suae
1898 3181 2150 3272 tranquillitati

127 3272 259 3340 mundo
285 3273 331 3339 ad
355 3267 595 3343 cohercendos
614 3273 745 3364 impios
769 3284 940 3365 tanquam
972 3293 1112 3339 carcere
1164 3264 1334 3361 theologi,
1357 3273 1441 3339 dnm
1458 3271 1625 3338 affectant
1641 3271 1804 3364 imperia.
1857 3275 1964 3347 Nulla
1982 3284 2076 3353 enim
2094 3313 2150 3360 res

125 3373 195 3441 alia
226 3376 385 3467 quadarn
416 3377 599 3459 doctrina,
639 3375 801 3445 videlicet
827 3373 984 3465 politica.
1063 3371 1112 3438 Ut
1163 3370 1201 3438 in
1229 3372 1300 3441 vita
1335 3367 1442 3441 habet
1472 3383 1533 3441 aut
1557 3374 1680 3463 plura,
1724 3387 1786 3443 ant
1811 3378 1947 3449 maiora
1979 3387 2150 3476 pericula,

125 3488 243 3544 autem
262 3479 439 3569 approbat
451 3478 685 3569 Evangelium
711 3477 800 3546 alias
820 3487 913 3545 artes
935 3475 1027 3543 vitae
1051 3498 1111 3542 ne·
1164 3498 1271 3566 quam
1305 3474 1565 3544 administratio
1595 3476 1826 3565 reipublicae:
1874 3507 1985 3574 quare
2021 3501 2056 3557 et
2079 3491 2150 3563 De-

125 3578 313 3662 cessarias‚
339 3593 380 3648 ut
400 3582 674 3671 agriculturam,
700 3574 1028 3648 architectonicam:
1062 3577 1110 3644 ita
1162 3573 1364 3647 mosthenes
1380 3577 1514 3671 inquit,
1538 3600 1574 3646 se
1598 3578 1627 3648 si
1650 3591 1769 3668 posset
1789 3594 1947 3653 retexere
1967 3615 2070 3661 suam
2098 3597 2150 3663 vi.

123 3683 230 3750 etiam
248 3684 427 3773 approbat
442 3685 535 3773 leges
550 3697 585 3752 et
599 3682 765 3775 ‘politicas
787 3679 1030 3750 ordinationes
1054 3703 1111 3747 ra·
1163 3690 1256 3761 tam,
1281 3681 1388 3749 malle
1406 3693 1537 3750 certam
1553 3691 1706 3748 mortem
1725 3680 1845 3767 obire,
1873 3712 1981 3779 quam
1996 3695 2041 3762 ad
2055 3721 2148 3766 rem-

121 3785 213 3853 tioni
235 3786 507 3856 consentientes.
559 3786 662 3856 Hunc
679 3785 797 3854 locum
820 3778 1006 3873 theologus
1029 3781 1111 3850 illu·
1162 3781 1340 3872 publicam
1357 3786 1541 3867 accedere,
1579 3783 1718 3853 etiamsi
1740 3798 1839 3854 certo
1862 3789 1967 3860 sciret
1990 3822 2148 3871 summos

121 3900 236 3957 strare
259 3889 382 3971 debet,
414 3902 454 3960 ut
473 3888 683 3978 dignitatem
706 3886 977 3976 magistratuum
1001 3910 1042 3953 ac
1062 3885 1110 3953 le·
1161 3909 1198 3955 se
1221 3880 1376 3955 honores
1397 3897 1699 3978 consequnturum
1723 3911 1809 3958 esse.
1867 3887 1909 3959 ln
1934 3907 1988 3964 tot
2008 3903 2147 3990 pericu·
2225 3908 2226 3913 ’

120 3990 480 4086 gumintelligantl),
503 4006 538 4062 et
552 3992 614 4085 qui
627 4003 817 4083 praesunt,
842 4003 878 4059 et
893 3987 955 4082 qui
971 3999 1109 4079 parent.
1161 3987 1204 4056 lis
1230 3986 1327 4058 Deus
1346 3991 1446 4059 adest
1468 3989 1535 4058 rite
1562 3989 1716 4070 vocatis,
1754 4014 1828 4058 non
1852 3996 1951 4064 adest
1974 3995 2046 4084 his,
2085 4006 2147 4097 qui

120 4092 159 4161 ld
186 4093 344 4184 primum
370 4096 643 4185 magistratuum
672 4092 907 4164 conscientiae
936 4091 1110 4183 proderit,
1160 4114 1225 4182 per
1247 4092 1478 4161 ambitionem
1496 4104 1682 4181 capessunt
1707 4094 1964 4185 rempublicam
1987 4127 2061 4172 non
2083 4131 2146 4176 vo·

122 4222 235 4289 quum
261 4198 375 4268 scient
397 4222 434 4269 se
454 4222 575 4289 gerere
593 4222 724 4268 munus
742 4196 853 4266 aDeo
868 4193 1109 4277 commissum,
1161 4194 1232 4263 cati
1248 4207 1313 4265 etc.

626 4487 682 4547 IN
718 4485 942 4549 PRIMUM
977 4481 1199 4544 LlBRUbl
1232 4481 1648 4545 POLI'I'lCORUIII.

222 4670 460 4748 SicutEthica
484 4677 527 4744 de
553 4673 702 4767 privatis
725 4673 886 4745 moribus
913 4670 1108 4762 disputant,
1160 4672 1227 4741 tica
1246 4669 1482 4763 disputant¹⁹l
1505 4670 1548 4738 de
1565 4670 1732 4740 societate
1754 4672 1868 4759 civili,
1903 4689 1939 4746 et
1959 4681 2083 4754 officiis
2101 4687 2148 4755 ad

122 4792 214 4849 etex
235 4791 367 4851 natura
390 4803 511 4850 causas
534 4780 706 4850 virtutum
728 4778 918 4869 colligunt,
950 4774 999 4843 ita
1019 4772 1109 4864 poli·
1161 4775 1364 4846 societatem
1391 4771 1672 4861 pertinentibus,
1708 4786 1742 4843 et
1764 4800 1887 4849 causas
1906 4782 2084 4856 societatis
2104 4812 2146 4858 ex

1161 4890 1289 4947 natura
1308 4873 1416 4943 ducit.

1260 4978 1423 5048 Primum
1441 4975 1550 5068 igitur
1564 4977 1664 5048 locus
1679 4991 1731 5049 est
1745 4979 1783 5048 in
1797 4976 1866 5053 hoc
1879 4981 1973 5053 libro
1995 4987 2040 5057 de
2065 5013 2145 5079 cau-

157 5078 248 5149 *)Ac
263 5082 357 5135 videte
380 5094 449 5146 qnae
473 5084 510 5132 sit
535 5081 654 5162 stultitia
673 5105 707 5118 -
731 5077 940 5138 consilescunt]
965 5076 1006 5127 sle
1023 5074 1107 5128 Editt.
1158 5080 1205 5153 sis
1225 5079 1413 5153 societatis,
1475 5078 1540 5149 Est
1560 5079 1680 5175 itaque
1701 5082 1844 5153 initium
1865 5086 2042 5161 societatis
2061 5116 2146 5162 con-

192 5153 268 5204 Im
287 5157 316 5204 ot
335 5152 428 5216 Idm
452 5152 481 5211 ln
500 5152 570 5202 Edit.
588 5152 675 5205 Basll,
691 5152 757 5199 haec
774 5149 882 5200 desunt.

156 5270 189 5333 θ)
203 5271 300 5323 mco.
313 5269 359 5334 ²⁰.
376 5269 419 5322 ²⁵·
436 5269 481 5322 ²⁶·
506 5270 590 5319 nare.
605 5268 647 5333 ¹⁰,
665 5267 707 5319 ⁴²·
727 5266 769 5318 ⁴³·
795 5267 858 5315 unc.
871 5264 916 5328 ²²2
933 5264 977 5319 ²⁸·
995 5264 1038 5315 ²⁶·
1193 5281 1239 5339 co)
1258 5281 1377 5344 maiore]
1394 5282 1433 5333 uc
1450 5281 1534 5334 ratu
1550 5282 1626 5333 raro.
1645 5285 1674 5334 et
1691 5283 1790 5348 onia,
1815 5282 1887 5336 aare
1903 5287 1979 5341 assa.
2000 5275 2106 5348 onom

157 5392 187 5459 a)
204 5389 376 5455 rotstagnus]
399 5391 438 5440 aa
463 5393 539 5440 recte
556 5388 639 5439 auru.
663 5387 737 5437 taso.
763 5389 791 5435 et
808 5385 908 5448 nasu,
942 5384 1013 5436 aaa.
1030 5383 1113 5435 taso:
1195 5366 1241 5433 ¹¹)
1260 5367 1640 5455 1³⁰³⁵0¹¹II⁸I⁰IIIIM³⁰·
1659 5371 1687 5420 et
1704 5368 1807 5434 rasam
1826 5371 1898 5427 rau
1910 5374 1985 5425 Μ
2003 5384 2128 5451 murm.

188 5460 336 5533 intelligat.
1193 5453 1240 5521 12)
1258 5456 1413 5519 disputant]
1432 5453 1555 5506 sleltdlt.
1571 5453 1663 5521 lang
1681 5454 1768 5507 totta.
1783 5454 2012 5513 ΜΛΝ
2024 5461 2169 5522 θυμω,
2235 5472 2237 5475 ·

1444 5525 1493 5602 27
1512 5521 1535 5561 '⁶

124 4973 328 4989 w
