4544 5766
103 188 155 259 tbi
292 188 383 264 viti:
440 186 723 265 ENAIIRA'I'IO
762 182 1024 259 ottarlon'ls
1062 178 1310 257 CICERONIS
1346 184 1447 258 PRO
1478 184 1655 261 ARCHIA
1695 191 1869 270 POETA.
1997 196 2105 275 898'

103 380 138 421 tun
160 361 238 421 hanc
258 379 342 442 spem
361 362 402 424 de
422 373 454 424 te
474 359 673 439 conceperim,
699 368 733 419 nt
752 360 802 419 rel
821 356 1061 438 significationem
1082 354 1208 454 aliquam
1229 366 1330 435 gratae
1351 359 1456 418 mentis
1477 359 1544 419 honi
1564 362 1712 445 consulas,
1738 367 1855 429 minime
1875 376 2069 447 praetercun-

102 451 428 594 ppatpspledoeccpppprppnm
449 447 629 593 epippiemavi,
656 463 715 524 qua
742 455 773 506 et
791 462 888 504 meam
913 443 997 503 Inte
1023 440 1247 519 parentinen,
1269 460 1339 521 erga
1359 444 1503 505 studiosos
1524 464 1593 506 vero
1613 467 1729 527 omnes,
1754 455 1994 533 promptissimam
2016 476 2069 516 ro.

197 650 279 711 llaec
299 651 423 731 epistola
443 669 508 711 eam
529 650 565 709 oh
585 666 699 709 caumas
719 646 751 709 h.
770 646 792 707 1.
814 656 861 707 ert
880 662 999 719 οοοοοο,
1029 645 1106 724 quod
1128 663 1168 705 ex
1188 663 1224 705 ea
1246 657 1379 724 tempus,
1414 667 1471 725 quo
1491 647 1575 707 buius
1594 651 1729 711 orationis
1749 656 1894 717 enarratio
1912 675 1931 717 a
1951 656 2066 719 hlelan·

103 752 160 795 one
181 736 362 815 scriptasit,
383 734 571 815 cognoscitur.
613 734 648 793 ln
668 731 724 794 Ed.
747 728 841 796 1568.
864 739 895 793 et
914 728 1093 811 dispositioni
1114 742 1145 795 et
1165 731 1334 813 paraphrasi
1355 751 1448 793 annus
1474 730 1565 797 lats.
1587 735 1746 817 adscriptus
1768 750 1820 803 est.

918 976 1062 987 ...ι-ι...-
1068 976 1103 987 -0-
1118 976 1220 985 rom-n·-

335 1248 370 1321 1.
418 1237 774 1317 nrsrosrrro
810 1178 1158 1317 'ouariouts
1198 1236 1311 1315 nno
1354 1238 1581 1317 ancara
1617 1240 1816 1321 ronna

578 1395 828 1458 AUCTORE
858 1394 1108 1459 PHILIPPO
1138 1392 1508 1455 MELANTHONE
1525 1391 1564 1473 ι),

103 1616 191 1685 nitio
210 1609 427 1709 οἰκονομίαν
442 1614 578 1685 exordii
593 1615 784 1685 trademus.
834 1612 890 1683 De
908 1615 1044 1710 reliqua
1098 1616 1229 1698 videre,
1256 1638 1348 1713 quae
1363 1626 1572 1684 ornamenta
1588 1616 1766 1688 accedant.
1815 1616 1937 1691 Prima
1951 1624 2068 1714 perio-

103 1720 255 1804 :atione,
289 1731 324 1789 et
354 1717 441 1815 de‘)
474 1741 578 1788 causa
609 1730 730 1809 postea
764 1715 893 1787 dicturi
914 1744 1046 1788 sumus.
1098 1722 1162 1788 durs
1186 1719 1343 1789 continet
1364 1718 1639 1797 incrementum3
1665 1743 1749 1787 nam
1769 1715 1837 1791 hae
1859 1725 2066 1823 cognatae⁸)

103 1850 118 1894 r
149 1823 281 1891 multas
310 1821 479 1890 utilitates
509 1821 623 1889 adiert
648 1815 735 1888 baec
750 1819 782 1914 ⁸)
813 1821 906 1889 ratio
929 1820 1046 1891 distri·
1097 1822 1228 1913 species
1258 1823 1435 1891 adunam
1467 1819 1677 1890 sententiam
1704 1824 1943 1916 amplificandi
1964 1851 2067 1899 causa

103 1928 292 1996 rendamm
312 1922 580 2006 sententiarum,
606 1946 675 2016 qna
695 1919 753 1991 hic
766 1919 918 1993 utemur.
968 1922 1046 1994 Pri·
1096 1924 1317 2007 reseruntur,
1342 1922 1544 2014 ingenium,
1571 1923 1791 2010 exercitatio,
1815 1928 1921 2013 ratio,
1946 1930 2067 2016 idest,

104 2056 167 2101 um
192 2027 286 2095 enim
307 2026 526 2096 voluntatem
555 2024 830 2118 uniuscuiusque
853 2026 987 2096 autoris
1017 2026 1047 2095 is
1098 2050 1166 2097 ars.
1216 2024 1257 2094 ln
1287 2028 1439 2097 secunda
1466 2023 1614 2119 periodo
1640 2050 1754 2118 paene
1780 2030 1918 2099 nullum
1939 2044 1990 2104 est
2011 2058 2068 2102 or-

103 2155 214 2202 :mum
229 2141 322 2199 recte
338 2128 483 2222 adsequi
499 2128 642 2218 poterit,
668 2128 729 2223 qui
741 2128 868 2197 seriem
886 2128 1044 2197 omnium
1096 2142 1321 2207 namentnm;
1346 2142 1485 2199 tantum
1507 2128 1589 2198 iecit
1608 2131 1825 2201 mentionem
1842 2132 2068 2205 circumstan-

103 2233 324 2304 ntentiarum
350 2230 665 2321 contemplabitur,
707 2242 741 2300 ct
775 2229 1046 2315 animadvertet,
1096 2232 1185 2316 tiae,
1215 2255 1261 2299 ne
1283 2228 1390 2302 nimis
1410 2230 1527 2302 brevis
1548 2242 1638 2302 esset
1661 2232 1924 2308 circumductio.
1975 2236 2069 2307 Con·

104 2337 253 2407 uomodo
277 2335 368 2403 inter
389 2359 425 2404 se
448 2333 682 2402 consentiant.
732 2332 869 2401 Deinde
899 2358 979 2402 cnm
1007 2332 1046 2401 in
1098 2333 1206 2403 elusio
1237 2346 1290 2404 est
1316 2334 1408 2402 facta
1441 2328 1711 2426 enthymematis
1726 2334 1758 2430 ο)
1789 2339 1915 2421 modo,
1952 2350 1987 2410 et
2017 2354 2069 2411 est

104 2440 194 2509 ienis
217 2436 354 2529 seriptis
374 2439 549 2505 rationem
566 2434 803 2525 coniungendi
817 2432 1045 2531 sententias⁴)
1096 2432 1259 2526 repetitio
1284 2438 1435 2507 duarum
1455 2435 1685 2527 periodorum
1709 2440 1950 2529 superiorum:
1977 2440 2068 2513 Cum

103 2540 444 2622 aimadterterimus,
477 2538 670 2608 scribemus
697 2551 732 2607 et
761 2538 826 2631 ipsi
856 2537 968 2627 magis
989 2560 1046 2608 co·
1096 2532 1183 2608 baec
1207 2562 1277 2607 vox
1300 2537 1346 2607 sit
1371 2539 1415 2606 ab
1439 2532 1568 2607 Archia
1590 2539 1636 2606 ad
1663 2539 1810 2610 salutem
1839 2541 1991 2613 aliorum
2013 2569 2068 2617 as·

103 2642 265 2714 terentia.
316 2642 515 2711 Plurimum
543 2640 664 2735 itaque
691 2644 837 2731 prodest
858 2636 946 2712 haec
968 2641 1046 2709 dili·
1096 2640 1247 2710 suefacta
1263 2638 1329 2735 1’),
1358 2664 1442 2733 ergo
1465 2638 1569 2710 debet
1593 2640 1698 2711 etiam
1719 2639 1870 2714 Archiae
1889 2646 2068 2737 prodesse.

103 2751 187 2816 :ntia
226 2745 502 2815 considerandae
532 2742 773 2834 dispositionis
802 2745 840 2813 in
873 2742 1046 2828 oratione,
1095 2743 1188 2814 Nam
1220 2744 1348 2813 omissa
1374 2754 1426 2815 cst
1452 2742 1569 2813 maior
1597 2743 1780 2817 absolvens
1809 2747 2066 2843 syllogismum:

103 2875 144 2918 tm
166 2851 212 2918 ad
235 2848 484 2930 imitationem,
511 2846 714 2915 tumeliam
738 2848 783 2915 ad
806 2846 1046 2916 iudicandum.
1095 2846 1260 2940 Aequum
1286 2857 1349 2929 est,
1373 2858 1415 2915 ut
1438 2846 1585 2942 quisque
1608 2848 1760 2918 fructum
1781 2850 1872 2919 ferat
1893 2850 2067 2921 suibene-

103 2977 160 3022 am
187 2950 325 3021 etiamsi
348 2945 439 3018 nibil
467 2949 635 3039 scripturi
664 2973 804 3032 sumus,
834 2961 955 3019 tamen
979 2945 1046 3018 hac
1096 2947 1177 3018 licii.
1228 2946 1386 3018 Tametsi
1414 2943 1507 3018 hanc
1534 2947 1707 3019 rationem
1735 2951 1949 3037 subindicat,
1987 2978 2066 3024 cum

103 3056 208 3124 itione
241 3052 423 3124 iudicandi
451 3054 495 3121 de
518 3050 642 3121 alienis
667 3052 805 3143 scriptis
828 3076 947 3121 carere
972 3075 1046 3120 non
1099 3052 1272 3147 quaedum
1295 3052 1403 3119 verba
1428 3052 1472 3119 ab
1496 3075 1536 3120 ea
1557 3064 1741 3122 mutuatur
1758 3052 1815 3149 ¹¹).

103 3181 265 3229 assutam.
1172 3152 1310 3222 Deinde
1323 3166 1519 3247 sequuntur
1534 3156 1781 3245 occupationes
1794 3158 1896 3229 duae.
1927 3158 2065 3227 Prima:

169 3258 286 3329 Locus
312 3255 446 3324 exordii
463 3268 623 3346 sumptus
638 3265 690 3323 est
704 3279 747 3323 ex
760 3255 938 3325 communi
955 3256 1046 3337 leco,
1098 3254 1288 3349 Quomodo
1318 3266 1435 3348 potest
1462 3268 1565 3348 poeta
1596 3256 1765 3328 adiuvare
1780 3258 1826 3357 ¹⁹)
1863 3258 2068 3330 oratorem?

106 3362 201 3431 ilicet
231 3386 273 3428 ex
295 3359 410 3426 officio
440 3359 644 3426 referendae
668 3358 814 3447 gratiae.
864 3358 968 3429 Nulla
996 3370 1048 3427 est
1096 3358 1303 3450 Respondet
1324 3359 1547 3427 brevissime:
1574 3357 1667 3450 Quia
1689 3385 1812 3432 omnes
1829 3375 1921 3432 artes
1939 3386 2067 3455 cogna-

103 3478 189 3533 ttem
212 3461 386 3532 efficacior
400 3460 492 3529 ratio
511 3457 752 3528 conciliandae
768 3459 1046 3542 benevolentiae,
1096 3473 1153 3530 tae
1183 3474 1283 3545 sunt,
1317 3471 1408 3529 etse
1434 3473 1559 3530 mutuo
1590 3460 1771 3532 adiuvant.
1821 3462 1941 3533 Altera
1966 3488 2067 3534 occu-

103 3592 179 3637 ram
210 3589 300 3660 quae
333 3565 378 3631 ab
406 3559 555 3631 liunesto
587 3574 648 3631 aut
679 3563 723 3629 ab
755 3564 870 3631 officio
894 3562 1060 3631 ducitur.
1098 3562 1193 3655 patio
1219 3576 1286 3634 est:
1312 3560 1462 3631 Videtur
1479 3562 1639 3653 ineptum
1664 3563 1703 3635 in
1725 3566 1803 3633 iuro
1826 3566 1924 3661 loqui
1947 3568 1990 3636 de
2010 3588 2066 3635 ar-

103 3683 202 3763 stquc
224 3667 311 3736 baec
334 3665 552 3757 propositio,
578 3687 620 3732 ex
636 3689 704 3758 qua
723 3677 837 3735 totum
860 3665 1042 3734 exordium
1096 3664 1186 3734 tium
1220 3677 1254 3734 ct
1281 3664 1479 3734 litterarum
1513 3664 1655 3749 studiis,
1694 3666 1729 3735 id
1761 3671 1857 3762 qnod
1885 3670 1956 3738 iam
1985 3668 2067 3739 iecit

103 3776 244 3852 tscitur,
276 3771 315 3838 in
342 3768 457 3859 prima
486 3767 635 3859 periodo
665 3767 797 3859 posita:
831 3767 908 3858 Ego
933 3767 1045 3837 debeo
1097 3768 1239 3851 Cicero,
1265 3779 1300 3836 et
1321 3766 1428 3860 paulo
1450 3778 1530 3859 post
1553 3768 1728 3858 copiosius
1748 3769 1861 3841 saciet.
1912 3771 1989 3840 Hoc
2010 3796 2067 3840 ex-

103 3871 237 3943 rcbiam
279 3871 383 3953 tueri,
426 3882 468 3939 ut
504 3871 656 3938 reseram
696 3869 730 3938 ei
767 3870 927 3961 gratiam.
1005 3866 1045 3937 ln
1097 3882 1348 3961 cusatsumpto
1364 3882 1573 3961 argumento
1589 3896 1608 3937 a
1626 3895 1777 3963 persona
1791 3868 1960 3944 Archiae:
1983 3871 2066 3966 qnia

103 3977 223 4047 cunda
252 3973 401 4068 periodo
433 3972 593 4065 sequitur
623 3968 844 4071 αἰτιολογία,
881 3968 949 4043 hoc
982 3985 1045 4054 est,
1097 4000 1163 4067 pro
1184 3986 1289 4066 poeta
1310 3972 1358 4041 ita
1383 3974 1571 4041 conveniat
1591 3974 1724 4058 dicere,
1757 3999 1802 4044 ne
1825 3975 1935 4066 magis
1960 3973 2065 4042 etiam

103 4078 234 4149 :nbatio
250 4073 355 4147 huius
369 4075 578 4146 sententiae:
600 4073 695 4165 Quia
709 4071 857 4146 Archias
872 4074 1044 4170 adiuvit⁸)
1097 4078 1321 4170 perturbetur
1335 4098 1338 4107 ¹
1353 4074 1429 4159 ille,
1463 4076 1525 4170 qui
1555 4099 1737 4169 nunquam
1768 4090 1925 4146 versatus
1957 4088 2008 4144 cst
2029 4078 2067 4145 in

103 4208 137 4251 nc
170 4205 289 4250 meum
314 4179 469 4250 studium
501 4176 652 4246 dicendi.
704 4176 828 4248 Tertio
840 4177 873 4272 θ)
903 4191 956 4250 est
984 4178 1046 4247 ad·
1097 4178 1235 4251 iudiciis
1250 4176 1316 4275 ¹⁸),
1341 4178 1371 4247 si
1391 4202 1445 4247 res
1468 4189 1593 4268 agatur
1613 4178 1740 4249 usitata
1761 4178 1997 4247 contentione.

103 4299 142 4354 ta
170 4281 367 4353 conclusio:
393 4280 482 4351 Cum
497 4278 665 4347 beneficio
679 4273 831 4348 Archiae
846 4279 924 4351 aliis
941 4303 1044 4371 opem

103 4412 159 4457 rre
173 4387 205 4482 ⁷)
225 4385 378 4478 possim,
411 4382 577 4499 corruenit
605 4393 645 4450 nt
674 4380 790 4471 ipsum
822 4406 965 4476 quoque
987 4383 1046 4450 de·
1129 4428 1638 4497 speognsmeuu.1nat.oognitse.

103 4493 223 4559 ssdssm·
277 4487 366 4556 cum
398 4497 592 4555 Semfflmae
624 4484 669 4550 ad
698 4479 792 4552 hunc
814 4487 960 4554 m⁰d¹¹m
986 4486 1046 4554 ἀὲ·
1129 4534 1162 4593 a)
1179 4530 1407 4594 remunerantis]
1431 4530 1474 4581 sio
1498 4530 1693 4583 omneshditt.
1711 4532 1888 4594 exceptant.
1907 4534 1999 4600 15⁹2,
2024 4535 2070 4589 ubl

103 4592 190 4662 actis
213 4587 431 4658 ornamentis
451 4589 680 4678 digeruntur,
711 4586 813 4655 facile
840 4600 961 4679 postea
995 4598 1047 4655 est
1164 4600 1279 4664 regitur:
1298 4599 1534 4662 anonymos-utin.
1552 4625 1588 4636 -
1603 4600 1643 4650 ⁰⁰
1660 4600 1860 4663 enthymemate
1876 4605 1946 4656 ⁰⁰⁰¹·
1962 4603 2069 4655 nelm-

103 4734 273 4748 ........
969 4696 973 4707 ·
1165 4669 1256 4720 thenis
1280 4671 1392 4718 erotem.
1410 4668 1517 4718 dulcet.
1535 4668 1563 4718 in
1583 4669 1662 4719 huius
1680 4670 1759 4733 corp.
1777 4671 1898 4724 nerorn.
1916 4673 1978 4725 Vol.
1996 4674 2068 4725 xlii

104 4800 136 4857 1)
153 4795 204 4847 Ed.
220 4794 295 4846 taes.
312 4794 339 4843 h.
356 4793 377 4844 l.
394 4793 464 4842 hanc
479 4790 560 4840 habet
577 4788 796 4853 inscriptionem:
815 4786 966 4855 Dispositio
979 4799 1047 4840 ora·
1165 4752 1191 4801 Ρ·
1209 4736 1261 4787 ⁶¹⁶
1279 4749 1336 4799 “ii-

134 4862 336 4995 iiffissffiff
351 4858 520 4982 haiim
536 4861 618 4921 poeto
635 4858 730 4911 cicero
746 4859 849 4926 habult,
867 4860 965 4911 autore
982 4857 1046 4909 Phi-
1133 4838 1263 4969 ww?
1279 4838 1492 4971 lssffi'lfgwit
1502 4841 1594 4967 filas,
1605 4832 1787 4971 Ἢὲῗξόῑὲἔ·
1806 4840 2069 4962 Ιὶὅξᾱῗξὶωῑῗῗῶ

103 5002 135 5061 2)
154 5003 203 5062 ue]
222 5001 251 5050 in
269 5001 319 5052 Ea,
340 4998 415 5049 1554.
433 4998 518 5048 deest,
1166 4988 1220 5027 vox
1237 4976 1271 5025 ab
1283 4976 1383 5026 Archia
1399 4976 1432 5025 ad
1450 4978 1566 5028 satutem
1582 4976 1698 5027 aliorum
1709 4978 1881 5039 adsuefacta3
1898 4978 2069 5059 &uittam

103 5086 135 5145 ³)
154 5088 236 5143 hm]
255 5087 289 5134 ,b
305 5084 390 5134 mm·
411 5083 486 5133 ¹533·
505 5083 549 5137 P..
571 5080 644 5130 ¹539·
667 5080 695 5129 1,,
716 5082 802 5130 ΕΜ
1168 5047 1195 5094 ct
1216 5042 1329 5097 Goion:
1360 5045 1427 5095 cum
1444 5048 1511 5097 haec
1530 5058 1585 5098 ror
1601 5047 1635 5097 ah
1652 5046 1753 5097 Archia
1769 5045 1805 5094 ad
1821 5047 1937 5097 salntem
1953 5049 2069 5099 altorum

1165 5115 1323 5163 assuefacta
1339 5118 1392 5164 eat.

268 5170 274 5183 '
385 5206 391 5219 .
479 5170 742 5218 .t·or.rror:
901 5202 908 5215 .

103 5176 134 5316 ii
153 5168 673 5317 :gppppttpapdunpbpsspmpp‘guipp'
713 5179 728 5216 e
761 5166 900 5218 ”mum
1134 5213 1183 5273 11)
1199 5216 1352 5275 motuum]
1370 5215 1420 5267 Ed·
1439 5215 1514 5267 Μ
1532 5217 1561 5267 1³.
1581 5217 1743 5267 nutmnur.

103 5346 136 5403 ς)
155 5343 262 5402 rento]
280 5343 330 5394 pa,
348 5341 424 5391 1503,
442 5339 543 5390 perita,
1134 5313 1182 5373 ¹2)
1200 5314 1346 5377 adiuvare]
1363 5317 1413 5368 tto.
1434 5318 1508 5368 loti.
1527 5321 1637 5383 typogr.
1656 5328 1766 5367 errore:
1782 5318 1912 5366 adutvurr.

105 5428 139 5490 7)
155 5429 247 5488 terro]
264 5428 313 5479 lid.
333 5427 409 5478 thas.
428 5423 457 5474 P.
474 5428 585 5488 typogr.
605 5434 717 5475 emoto:
734 5424 802 5475 iere.
1136 5417 1183 5479 tt)
1200 5418 1321 5482 indiciis]
1337 5418 1387 5471 Ed.
1407 5422 1482 5473 tm.
1499 5420 1633 5475 latidum.

103 5514 254 5579 [masan.
277 5510 383 5576 Onna.
407 5509 490 5572 Vua.
512 5509 577 5571 XV
578 5511 603 5571 1.
1435 5488 1485 5560 57
