<?xml version="1.0" encoding="UTF-8"?>
<!DOCTYPE html PUBLIC "-//W3C//DTD XHTML 1.0 Transitional//EN"
    "http://www.w3.org/TR/xhtml1/DTD/xhtml1-transitional.dtd">
<html xmlns="http://www.w3.org/1999/xhtml" xml:lang="en" lang="en">
 <head>
  <title>
</title>
<meta http-equiv="Content-Type" content="text/html;charset=utf-8" />
  <meta name='ocr-system' content='tesseract 3.04.00' />
  <meta name='ocr-capabilities' content='ocr_page ocr_carea ocr_par ocr_line ocrx_word'/>
</head>
<body>
  <div class='ocr_page' id='page_1' title='image "./corpusreformato12melagoog/corpusreformato12melagoog_0096.png"; bbox 0 0 4544 5766; ppageno 0'>
   <div class='ocr_carea' id='block_1_1' title="bbox 60 190 2089 279">
    <p class='ocr_par' dir='ltr' id='par_1_1' title="bbox 60 190 2089 279">
     <span class='ocr_line' id='line_1_1' title="bbox 60 190 2089 279; baseline 0.006 -13"><span class='ocrx_word' id='word_1_1' title='bbox 60 192 137 266; x_wconf 79' lang='lat' dir='ltr'>tat</span> <span class='ocrx_word' id='word_1_2' title='bbox 346 202 567 267; x_wconf 66' lang='lat' dir='ltr'>,tt..¹.·&#39;t&#39;5¹</span> <span class='ocrx_word' id='word_1_3' title='bbox 587 190 654 269; x_wconf 64' lang='lat'>5⁴&amp;</span> <span class='ocrx_word' id='word_1_4' title='bbox 684 190 1590 269; x_wconf 62' lang='lat' dir='ltr'>mnmttfflwwoffltt</span> <span class='ocrx_word' id='word_1_5' title='bbox 1619 192 1817 261; x_wconf 43' lang='lat' dir='ltr'>lidii-&#39;³‘</span> <span class='ocrx_word' id='word_1_6' title='bbox 2009 195 2089 279; x_wconf 63' lang='grc' dir='ltr'>Μ</span> 
     </span>
    </p>
   </div>
   <div class='ocr_carea' id='block_1_2' title="bbox 55 363 2084 975">
    <p class='ocr_par' dir='ltr' id='par_1_2' title="bbox 55 363 2084 975">
     <span class='ocr_line' id='line_1_2' title="bbox 59 363 2084 469; baseline 0.004 -32"><span class='ocrx_word' id='word_1_7' title='bbox 59 366 146 437; x_wconf 88' lang='lat' dir='ltr'>illae</span> <span class='ocrx_word' id='word_1_8' title='bbox 158 377 244 438; x_wconf 84' lang='lat' dir='ltr'>sunt</span> <span class='ocrx_word' id='word_1_9' title='bbox 258 363 757 440; x_wconf 47' lang='lat' dir='ltr'>cressementum-tntae</span> <span class='ocrx_word' id='word_1_10' title='bbox 774 382 827 440; x_wconf 83' lang='lat' dir='ltr'>cst</span> <span class='ocrx_word' id='word_1_11' title='bbox 843 369 941 439; x_wconf 80' lang='lat' dir='ltr'>alter</span> <span class='ocrx_word' id='word_1_12' title='bbox 962 393 1048 460; x_wconf 66' lang='lat' dir='ltr'>egog</span> <span class='ocrx_word' id='word_1_13' title='bbox 1099 368 1206 438; x_wconf 88' lang='lat' dir='ltr'>etiam</span> <span class='ocrx_word' id='word_1_14' title='bbox 1220 368 1260 437; x_wconf 90' lang='lat' dir='ltr'>in</span> <span class='ocrx_word' id='word_1_15' title='bbox 1271 365 1384 438; x_wconf 84' lang='lat' dir='ltr'>saeris</span> <span class='ocrx_word' id='word_1_16' title='bbox 1396 366 1511 436; x_wconf 79' lang='lat' dir='ltr'>literis</span> <span class='ocrx_word' id='word_1_17' title='bbox 1525 366 1708 439; x_wconf 58' lang='lat' dir='ltr'>laudata·</span> <span class='ocrx_word' id='word_1_18' title='bbox 1732 367 1959 468; x_wconf 76' lang='lat' dir='ltr'>·Rosu·.12,¹⁴)</span> <span class='ocrx_word' id='word_1_19' title='bbox 1974 372 2084 469; x_wconf 66' lang='lat' dir='ltr'>(ld).</span> 
     </span>
     <span class='ocr_line' id='line_1_3' title="bbox 57 465 2084 564; baseline 0.003 -25"><span class='ocrx_word' id='word_1_20' title='bbox 57 484 113 540; x_wconf 86' lang='lat' dir='ltr'>et:</span> <span class='ocrx_word' id='word_1_21' title='bbox 141 469 313 541; x_wconf 75' lang='lat' dir='ltr'>Amicitia</span> <span class='ocrx_word' id='word_1_22' title='bbox 327 482 381 540; x_wconf 80' lang='lat' dir='ltr'>cst</span> <span class='ocrx_word' id='word_1_23' title='bbox 394 469 601 564; x_wconf 74' lang='lat' dir='ltr'>acqmlitas.</span> <span class='ocrx_word' id='word_1_24' title='bbox 650 471 813 541; x_wconf 82' lang='lat' dir='ltr'>Proinde</span> <span class='ocrx_word' id='word_1_25' title='bbox 834 472 975 543; x_wconf 89' lang='lat' dir='ltr'>etiamsi</span> <span class='ocrx_word' id='word_1_26' title='bbox 991 472 1049 540; x_wconf 82' lang='lat' dir='ltr'>in·</span> <span class='ocrx_word' id='word_1_27' title='bbox 1096 471 1194 541; x_wconf 83' lang='lat' dir='ltr'>Sicut</span> <span class='ocrx_word' id='word_1_28' title='bbox 1209 472 1318 562; x_wconf 80' lang='lat' dir='ltr'>igitur</span> <span class='ocrx_word' id='word_1_29' title='bbox 1333 470 1371 538; x_wconf 80' lang='lat' dir='ltr'>iu</span> <span class='ocrx_word' id='word_1_30' title='bbox 1384 465 1451 538; x_wconf 84' lang='lat' dir='ltr'>bac</span> <span class='ocrx_word' id='word_1_31' title='bbox 1470 470 1584 560; x_wconf 85' lang='lat' dir='ltr'>specie</span> <span class='ocrx_word' id='word_1_32' title='bbox 1600 466 1734 540; x_wconf 86' lang='lat' dir='ltr'>iudicio</span> <span class='ocrx_word' id='word_1_33' title='bbox 1755 486 1907 545; x_wconf 83' lang='lat' dir='ltr'>naturae</span> <span class='ocrx_word' id='word_1_34' title='bbox 1926 479 1972 544; x_wconf 90' lang='lat' dir='ltr'>ad</span> <span class='ocrx_word' id='word_1_35' title='bbox 1995 478 2084 546; x_wconf 86' lang='lat' dir='ltr'>ami·</span> 
     </span>
     <span class='ocr_line' id='line_1_4' title="bbox 57 571 2082 669; baseline 0.003 -27"><span class='ocrx_word' id='word_1_36' title='bbox 57 586 117 642; x_wconf 85' lang='lat' dir='ltr'>ter-</span> <span class='ocrx_word' id='word_1_37' title='bbox 137 574 296 666; x_wconf 83' lang='lat' dir='ltr'>impares</span> <span class='ocrx_word' id='word_1_38' title='bbox 308 585 401 644; x_wconf 72' lang='lat' dir='ltr'>sunt</span> <span class='ocrx_word' id='word_1_39' title='bbox 419 572 616 656; x_wconf 73' lang='lat' dir='ltr'>amicitiae,</span> <span class='ocrx_word' id='word_1_40' title='bbox 642 586 764 647; x_wconf 85' lang='lat' dir='ltr'>tamen</span> <span class='ocrx_word' id='word_1_41' title='bbox 785 575 903 665; x_wconf 87' lang='lat' dir='ltr'>ipsum</span> <span class='ocrx_word' id='word_1_42' title='bbox 925 574 1048 644; x_wconf 91' lang='lat' dir='ltr'>amici-</span> <span class='ocrx_word' id='word_1_43' title='bbox 1097 574 1214 642; x_wconf 90' lang='lat' dir='ltr'>citiam</span> <span class='ocrx_word' id='word_1_44' title='bbox 1237 572 1419 656; x_wconf 86' lang='lat' dir='ltr'><strong>ducimur,</strong></span> <span class='ocrx_word' id='word_1_45' title='bbox 1445 573 1495 640; x_wconf 87' lang='lat' dir='ltr'>ita</span> <span class='ocrx_word' id='word_1_46' title='bbox 1511 585 1547 639; x_wconf 89' lang='lat' dir='ltr'>et</span> <span class='ocrx_word' id='word_1_47' title='bbox 1564 571 1602 639; x_wconf 90' lang='lat' dir='ltr'>in</span> <span class='ocrx_word' id='word_1_48' title='bbox 1617 573 1764 645; x_wconf 88' lang='lat' dir='ltr'>caeteris</span> <span class='ocrx_word' id='word_1_49' title='bbox 1778 572 1907 648; x_wconf 80' lang='lat' dir='ltr'>natura</span> <span class='ocrx_word' id='word_1_50' title='bbox 1924 580 2006 669; x_wconf 88' lang='lat' dir='ltr'>plus</span> <span class='ocrx_word' id='word_1_51' title='bbox 2020 602 2082 648; x_wconf 75' lang='lat' dir='ltr'>va·</span> 
     </span>
     <span class='ocr_line' id='line_1_5' title="bbox 55 672 2083 772; baseline 0.003 -27"><span class='ocrx_word' id='word_1_52' title='bbox 55 676 132 745; x_wconf 83' lang='lat' dir='ltr'>tiae</span> <span class='ocrx_word' id='word_1_53' title='bbox 146 678 274 746; x_wconf 83' lang='lat' dir='ltr'>foedus</span> <span class='ocrx_word' id='word_1_54' title='bbox 286 677 373 745; x_wconf 84' lang='lat' dir='ltr'>tales</span> <span class='ocrx_word' id='word_1_55' title='bbox 388 700 449 745; x_wconf 84' lang='lat' dir='ltr'>eos</span> <span class='ocrx_word' id='word_1_56' title='bbox 466 674 587 768; x_wconf 88' lang='lat' dir='ltr'>aliquo</span> <span class='ocrx_word' id='word_1_57' title='bbox 599 678 712 746; x_wconf 93' lang='lat' dir='ltr'>modo</span> <span class='ocrx_word' id='word_1_58' title='bbox 725 676 852 762; x_wconf 84' lang='lat' dir='ltr'>efficit,</span> <span class='ocrx_word' id='word_1_59' title='bbox 869 701 935 746; x_wconf 87' lang='lat' dir='ltr'>nec</span> <span class='ocrx_word' id='word_1_60' title='bbox 950 678 1048 747; x_wconf 86' lang='lat' dir='ltr'>sasti-</span> <span class='ocrx_word' id='word_1_61' title='bbox 1096 678 1189 760; x_wconf 87' lang='lat' dir='ltr'>lere,</span> <span class='ocrx_word' id='word_1_62' title='bbox 1216 700 1324 770; x_wconf 91' lang='lat' dir='ltr'>quam</span> <span class='ocrx_word' id='word_1_63' title='bbox 1345 674 1439 745; x_wconf 87' lang='lat' dir='ltr'>ratio</span> <span class='ocrx_word' id='word_1_64' title='bbox 1460 672 1624 744; x_wconf 81' lang='lat' dir='ltr'>utilitatis</span> <span class='ocrx_word' id='word_1_65' title='bbox 1648 677 1771 761; x_wconf 90' lang='lat' dir='ltr'>debet,</span> <span class='ocrx_word' id='word_1_66' title='bbox 1791 703 1882 753; x_wconf 30' lang='lat' dir='ltr'>,nam</span> <span class='ocrx_word' id='word_1_67' title='bbox 1906 693 1942 749; x_wconf 81' lang='lat' dir='ltr'>et</span> <span class='ocrx_word' id='word_1_68' title='bbox 1962 683 2083 772; x_wconf 83' lang='lat' dir='ltr'>potius</span> 
     </span>
     <span class='ocr_line' id='line_1_6' title="bbox 56 777 2081 878; baseline 0.003 -30"><span class='ocrx_word' id='word_1_69' title='bbox 56 779 184 848; x_wconf 89' lang='lat' dir='ltr'>diendi</span> <span class='ocrx_word' id='word_1_70' title='bbox 204 791 287 849; x_wconf 90' lang='lat' dir='ltr'>sunt</span> <span class='ocrx_word' id='word_1_71' title='bbox 314 777 420 846; x_wconf 90' lang='lat' dir='ltr'>amici</span> <span class='ocrx_word' id='word_1_72' title='bbox 442 779 541 847; x_wconf 90' lang='lat' dir='ltr'>velut</span> <span class='ocrx_word' id='word_1_73' title='bbox 564 777 773 864; x_wconf 85' lang='lat' dir='ltr'>inferiores,</span> <span class='ocrx_word' id='word_1_74' title='bbox 806 781 869 849; x_wconf 87' lang='lat' dir='ltr'>sed</span> <span class='ocrx_word' id='word_1_75' title='bbox 892 780 1047 870; x_wconf 84' lang='lat' dir='ltr'>comple·</span> <span class='ocrx_word' id='word_1_76' title='bbox 1098 792 1150 848; x_wconf 87' lang='lat' dir='ltr'>est</span> <span class='ocrx_word' id='word_1_77' title='bbox 1176 786 1325 848; x_wconf 87' lang='lat' dir='ltr'>naturae</span> <span class='ocrx_word' id='word_1_78' title='bbox 1357 777 1529 848; x_wconf 90' lang='lat' dir='ltr'>iudicium</span> <span class='ocrx_word' id='word_1_79' title='bbox 1557 780 1665 869; x_wconf 87' lang='lat' dir='ltr'>atque</span> <span class='ocrx_word' id='word_1_80' title='bbox 1686 780 1929 865; x_wconf 75' lang='lat' dir='ltr'>conservatio,</span> <span class='ocrx_word' id='word_1_81' title='bbox 1973 808 2081 878; x_wconf 84' lang='lat' dir='ltr'>quam</span> 
     </span>
     <span class='ocr_line' id='line_1_7' title="bbox 56 881 2082 975; baseline 0.003 -25"><span class='ocrx_word' id='word_1_82' title='bbox 56 881 179 951; x_wconf 89' lang='lat' dir='ltr'>ctendi</span> <span class='ocrx_word' id='word_1_83' title='bbox 204 894 375 975; x_wconf 75' lang='lat' dir='ltr'>tanquam</span> <span class='ocrx_word' id='word_1_84' title='bbox 399 905 523 971; x_wconf 88' lang='lat' dir='ltr'>pares,</span> <span class='ocrx_word' id='word_1_85' title='bbox 555 892 591 948; x_wconf 89' lang='lat' dir='ltr'>et</span> <span class='ocrx_word' id='word_1_86' title='bbox 614 882 767 950; x_wconf 91' lang='lat' dir='ltr'>amicitia</span> <span class='ocrx_word' id='word_1_87' title='bbox 792 895 915 951; x_wconf 88' lang='lat' dir='ltr'>nostra</span> <span class='ocrx_word' id='word_1_88' title='bbox 936 883 1046 972; x_wconf 81' lang='lat' dir='ltr'>digni,</span> <span class='ocrx_word' id='word_1_89' title='bbox 1096 881 1251 965; x_wconf 90' lang='lat' dir='ltr'>utilitas,</span> <span class='ocrx_word' id='word_1_90' title='bbox 1299 904 1379 949; x_wconf 90' lang='lat' dir='ltr'>cum</span> <span class='ocrx_word' id='word_1_91' title='bbox 1414 892 1544 948; x_wconf 86' lang='lat' dir='ltr'>natura</span> <span class='ocrx_word' id='word_1_92' title='bbox 1580 881 1626 947; x_wconf 87' lang='lat' dir='ltr'>ad</span> <span class='ocrx_word' id='word_1_93' title='bbox 1661 882 1866 954; x_wconf 88' lang='lat' dir='ltr'>societatem</span> <span class='ocrx_word' id='word_1_94' title='bbox 1895 887 2082 972; x_wconf 69' lang='lat' dir='ltr'>deleamur,</span> 
     </span>
    </p>
   </div>
   <div class='ocr_carea' id='block_1_3' title="bbox 56 982 2192 1076">
    <p class='ocr_par' dir='ltr' id='par_1_3' title="bbox 56 982 2192 1076">
     <span class='ocr_line' id='line_1_8' title="bbox 56 982 2192 1076; baseline 0.006 -24"><span class='ocrx_word' id='word_1_95' title='bbox 56 983 218 1053; x_wconf 82' lang='lat' dir='ltr'>maxime</span> <span class='ocrx_word' id='word_1_96' title='bbox 242 1008 324 1052; x_wconf 90' lang='lat' dir='ltr'>eum</span> <span class='ocrx_word' id='word_1_97' title='bbox 348 982 481 1053; x_wconf 88' lang='lat' dir='ltr'>iustitia</span> <span class='ocrx_word' id='word_1_98' title='bbox 506 983 681 1076; x_wconf 82' lang='lat' dir='ltr'>quaedam</span> <span class='ocrx_word' id='word_1_99' title='bbox 702 984 748 1053; x_wconf 89' lang='lat' dir='ltr'>sit</span> <span class='ocrx_word' id='word_1_100' title='bbox 770 985 831 1053; x_wconf 92' lang='lat' dir='ltr'>illa</span> <span class='ocrx_word' id='word_1_101' title='bbox 848 997 972 1054; x_wconf 91' lang='lat' dir='ltr'>mutua</span> <span class='ocrx_word' id='word_1_102' title='bbox 986 986 1046 1053; x_wconf 91' lang='lat' dir='ltr'>be·</span> <span class='ocrx_word' id='word_1_103' title='bbox 1097 983 1236 1053; x_wconf 87' lang='lat' dir='ltr'>etiamsi</span> <span class='ocrx_word' id='word_1_104' title='bbox 1257 982 1393 1052; x_wconf 87' lang='lat' dir='ltr'>utilitas</span> <span class='ocrx_word' id='word_1_105' title='bbox 1413 982 1510 1051; x_wconf 76' lang='lat' dir='ltr'>nulla</span> <span class='ocrx_word' id='word_1_106' title='bbox 1535 998 1828 1075; x_wconf 81' lang='lat' dir='ltr'>consequeretur,</span> <span class='ocrx_word' id='word_1_107' title='bbox 1870 998 1904 1055; x_wconf 94' lang='lat' dir='ltr'>et</span> <span class='ocrx_word' id='word_1_108' title='bbox 1923 987 2004 1060; x_wconf 82' lang='lat' dir='ltr'>lons</span> <span class='ocrx_word' id='word_1_109' title='bbox 2028 1003 2082 1060; x_wconf 88' lang='lat' dir='ltr'>est</span> <span class='ocrx_word' id='word_1_110' title='bbox 2188 1055 2192 1064; x_wconf 94' lang='lat'>.</span> 
     </span>
    </p>
   </div>
   <div class='ocr_carea' id='block_1_4' title="bbox 10 1082 2088 4202">
    <p class='ocr_par' dir='ltr' id='par_1_4' title="bbox 10 1082 2088 4202">
     <span class='ocr_line' id='line_1_9' title="bbox 56 1082 2080 1181; baseline 0.003 -25"><span class='ocrx_word' id='word_1_111' title='bbox 56 1085 280 1156; x_wconf 66' lang='lat' dir='ltr'>molestia.</span> <span class='ocrx_word' id='word_1_112' title='bbox 335 1085 458 1177; x_wconf 80' lang='lat' dir='ltr'>Quare</span> <span class='ocrx_word' id='word_1_113' title='bbox 472 1085 697 1156; x_wconf 85' lang='lat' dir='ltr'>sentiendum</span> <span class='ocrx_word' id='word_1_114' title='bbox 715 1099 769 1157; x_wconf 87' lang='lat' dir='ltr'>est</span> <span class='ocrx_word' id='word_1_115' title='bbox 782 1085 884 1178; x_wconf 86' lang='lat' dir='ltr'>paria</span> <span class='ocrx_word' id='word_1_116' title='bbox 899 1111 966 1179; x_wconf 91' lang='lat' dir='ltr'>pro</span> <span class='ocrx_word' id='word_1_117' title='bbox 982 1112 1045 1178; x_wconf 89' lang='lat' dir='ltr'>pa·</span> <span class='ocrx_word' id='word_1_118' title='bbox 1097 1082 1272 1156; x_wconf 77' lang='lat' dir='ltr'>amicitiae</span> <span class='ocrx_word' id='word_1_119' title='bbox 1289 1084 1479 1153; x_wconf 89' lang='lat' dir='ltr'>domestica</span> <span class='ocrx_word' id='word_1_120' title='bbox 1500 1083 1703 1154; x_wconf 86' lang='lat' dir='ltr'>coniunctio</span> <span class='ocrx_word' id='word_1_121' title='bbox 1720 1100 1825 1181; x_wconf 87' lang='lat' dir='ltr'>atque</span> <span class='ocrx_word' id='word_1_122' title='bbox 1846 1090 2080 1164; x_wconf 81' lang='lat' dir='ltr'>necessitudo.</span> 
     </span>
     <span class='ocr_line' id='line_1_10' title="bbox 55 1184 2080 1282; baseline 0.002 -23"><span class='ocrx_word' id='word_1_123' title='bbox 55 1188 158 1259; x_wconf 75' lang='lat' dir='ltr'>ribus</span> <span class='ocrx_word' id='word_1_124' title='bbox 172 1189 290 1258; x_wconf 87' lang='lat' dir='ltr'>reddi.</span> <span class='ocrx_word' id='word_1_125' title='bbox 339 1186 436 1257; x_wconf 83' lang='lat' dir='ltr'>llaec</span> <span class='ocrx_word' id='word_1_126' title='bbox 450 1189 626 1257; x_wconf 87' lang='lat' dir='ltr'>sententia</span> <span class='ocrx_word' id='word_1_127' title='bbox 641 1189 837 1281; x_wconf 91' lang='lat' dir='ltr'>plurimum</span> <span class='ocrx_word' id='word_1_128' title='bbox 851 1184 959 1259; x_wconf 88' lang='lat' dir='ltr'>babet</span> <span class='ocrx_word' id='word_1_129' title='bbox 979 1185 1046 1259; x_wconf 90' lang='lat' dir='ltr'>hu·</span> <span class='ocrx_word' id='word_1_130' title='bbox 1096 1189 1174 1258; x_wconf 90' lang='lat' dir='ltr'>Hoc</span> <span class='ocrx_word' id='word_1_131' title='bbox 1203 1200 1451 1278; x_wconf 75' lang='lat' dir='ltr'>argumentum</span> <span class='ocrx_word' id='word_1_132' title='bbox 1482 1186 1566 1255; x_wconf 87' lang='lat' dir='ltr'>satis</span> <span class='ocrx_word' id='word_1_133' title='bbox 1597 1187 1691 1256; x_wconf 88' lang='lat' dir='ltr'>clare</span> <span class='ocrx_word' id='word_1_134' title='bbox 1721 1191 1850 1260; x_wconf 83' lang='lat' dir='ltr'>refellit</span> <span class='ocrx_word' id='word_1_135' title='bbox 1870 1190 2080 1282; x_wconf 72' lang='lat' dir='ltr'>Epicunrmt</span> 
     </span>
     <span class='ocr_line' id='line_1_11' title="bbox 54 1289 2081 1387; baseline 0.002 -26"><span class='ocrx_word' id='word_1_136' title='bbox 54 1290 262 1373; x_wconf 72' lang='lat' dir='ltr'>inuitatis,</span> <span class='ocrx_word' id='word_1_137' title='bbox 304 1302 342 1360; x_wconf 85' lang='lat' dir='ltr'>et</span> <span class='ocrx_word' id='word_1_138' title='bbox 371 1291 410 1359; x_wconf 88' lang='lat' dir='ltr'>in</span> <span class='ocrx_word' id='word_1_139' title='bbox 437 1291 511 1358; x_wconf 88' lang='lat' dir='ltr'>vita</span> <span class='ocrx_word' id='word_1_140' title='bbox 540 1294 735 1362; x_wconf 91' lang='lat' dir='ltr'>admodum</span> <span class='ocrx_word' id='word_1_141' title='bbox 756 1292 852 1361; x_wconf 90' lang='lat' dir='ltr'>utilis</span> <span class='ocrx_word' id='word_1_142' title='bbox 875 1303 943 1362; x_wconf 86' lang='lat' dir='ltr'>est:</span> <span class='ocrx_word' id='word_1_143' title='bbox 982 1291 1047 1361; x_wconf 93' lang='lat' dir='ltr'>alit</span> <span class='ocrx_word' id='word_1_144' title='bbox 1097 1293 1159 1386; x_wconf 90' lang='lat' dir='ltr'>qui</span> <span class='ocrx_word' id='word_1_145' title='bbox 1179 1291 1280 1362; x_wconf 89' lang='lat' dir='ltr'>iubet</span> <span class='ocrx_word' id='word_1_146' title='bbox 1300 1315 1366 1358; x_wconf 89' lang='lat' dir='ltr'>nos</span> <span class='ocrx_word' id='word_1_147' title='bbox 1389 1289 1510 1357; x_wconf 90' lang='lat' dir='ltr'>omnia</span> <span class='ocrx_word' id='word_1_148' title='bbox 1535 1301 1657 1357; x_wconf 89' lang='lat' dir='ltr'>nostra</span> <span class='ocrx_word' id='word_1_149' title='bbox 1681 1308 1805 1376; x_wconf 84' lang='lat' dir='ltr'>causa,</span> <span class='ocrx_word' id='word_1_150' title='bbox 1846 1319 1909 1364; x_wconf 87' lang='lat' dir='ltr'>seu</span> <span class='ocrx_word' id='word_1_151' title='bbox 1930 1309 2081 1387; x_wconf 85' lang='lat' dir='ltr'>propter</span> 
     </span>
     <span class='ocr_line' id='line_1_12' title="bbox 52 1390 2081 1491; baseline 0.001 -27"><span class='ocrx_word' id='word_1_152' title='bbox 52 1393 155 1464; x_wconf 85' lang='lat' dir='ltr'>enim</span> <span class='ocrx_word' id='word_1_153' title='bbox 174 1391 369 1476; x_wconf 83' lang='lat' dir='ltr'>amicitias,</span> <span class='ocrx_word' id='word_1_154' title='bbox 400 1393 457 1461; x_wconf 85' lang='lat' dir='ltr'>vel</span> <span class='ocrx_word' id='word_1_155' title='bbox 472 1393 627 1462; x_wconf 82' lang='lat' dir='ltr'>maxime</span> <span class='ocrx_word' id='word_1_156' title='bbox 641 1390 838 1463; x_wconf 84' lang='lat' dir='ltr'>honorifica</span> <span class='ocrx_word' id='word_1_157' title='bbox 856 1395 899 1462; x_wconf 89' lang='lat' dir='ltr'>de</span> <span class='ocrx_word' id='word_1_158' title='bbox 923 1393 1045 1463; x_wconf 90' lang='lat' dir='ltr'>amicis</span> <span class='ocrx_word' id='word_1_159' title='bbox 1096 1407 1255 1465; x_wconf 90' lang='lat' dir='ltr'>nostram</span> <span class='ocrx_word' id='word_1_160' title='bbox 1269 1393 1458 1462; x_wconf 88' lang='lat' dir='ltr'>utilitatem</span> <span class='ocrx_word' id='word_1_161' title='bbox 1472 1394 1606 1472; x_wconf 85' lang='lat' dir='ltr'>facere,</span> <span class='ocrx_word' id='word_1_162' title='bbox 1638 1394 1835 1467; x_wconf 88' lang='lat' dir='ltr'>reclamant</span> <span class='ocrx_word' id='word_1_163' title='bbox 1850 1396 2000 1466; x_wconf 90' lang='lat' dir='ltr'>enimin</span> <span class='ocrx_word' id='word_1_164' title='bbox 2017 1424 2081 1491; x_wconf 85' lang='lat' dir='ltr'>pa·</span> 
     </span>
     <span class='ocr_line' id='line_1_13' title="bbox 52 1483 1894 1588; baseline 0.001 -21"><span class='ocrx_word' id='word_1_165' title='bbox 52 1497 206 1588; x_wconf 81' lang='lat' dir='ltr'>opinio,</span> <span class='ocrx_word' id='word_1_166' title='bbox 233 1483 457 1588; x_wconf 64' lang='lat' dir='ltr'>c&#39;ontemptus</span> <span class='ocrx_word' id='word_1_167' title='bbox 470 1492 650 1581; x_wconf 88' lang='lat' dir='ltr'>dissolvit,</span> <span class='ocrx_word' id='word_1_168' title='bbox 676 1498 725 1565; x_wconf 88' lang='lat' dir='ltr'>ita</span> <span class='ocrx_word' id='word_1_169' title='bbox 740 1521 820 1565; x_wconf 90' lang='lat' dir='ltr'>cum</span> <span class='ocrx_word' id='word_1_170' title='bbox 836 1499 1045 1588; x_wconf 84' lang='lat' dir='ltr'>profiteatur</span> <span class='ocrx_word' id='word_1_171' title='bbox 1095 1497 1254 1565; x_wconf 88' lang='lat' dir='ltr'>rentibus</span> <span class='ocrx_word' id='word_1_172' title='bbox 1270 1519 1370 1564; x_wconf 89' lang='lat' dir='ltr'>mens</span> <span class='ocrx_word' id='word_1_173' title='bbox 1389 1493 1611 1563; x_wconf 88' lang='lat' dir='ltr'>etnaturalis</span> <span class='ocrx_word' id='word_1_174' title='bbox 1626 1495 1783 1568; x_wconf 81' lang='lat' dir='ltr'>affectus.</span> <span class='ocrx_word' id='word_1_175' title='bbox 1890 1550 1894 1555; x_wconf 89' lang='lat'>-</span> 
     </span>
     <span class='ocr_line' id='line_1_14' title="bbox 53 1595 2081 1693; baseline 0 -24"><span class='ocrx_word' id='word_1_176' title='bbox 53 1596 156 1669; x_wconf 81' lang='lat' dir='ltr'>Deus</span> <span class='ocrx_word' id='word_1_177' title='bbox 180 1623 221 1669; x_wconf 87' lang='lat' dir='ltr'>se</span> <span class='ocrx_word' id='word_1_178' title='bbox 244 1598 349 1667; x_wconf 90' lang='lat' dir='ltr'>nobis</span> <span class='ocrx_word' id='word_1_179' title='bbox 364 1599 517 1668; x_wconf 89' lang='lat' dir='ltr'>amicum</span> <span class='ocrx_word' id='word_1_180' title='bbox 534 1624 627 1683; x_wconf 90' lang='lat' dir='ltr'>esse,</span> <span class='ocrx_word' id='word_1_181' title='bbox 655 1595 850 1668; x_wconf 86' lang='lat' dir='ltr'>honorifice</span> <span class='ocrx_word' id='word_1_182' title='bbox 874 1600 919 1668; x_wconf 88' lang='lat' dir='ltr'>de</span> <span class='ocrx_word' id='word_1_183' title='bbox 940 1599 1044 1668; x_wconf 90' lang='lat' dir='ltr'>nobis</span> <span class='ocrx_word' id='word_1_184' title='bbox 1195 1598 1259 1668; x_wconf 83' lang='lat' dir='ltr'>Est</span> <span class='ocrx_word' id='word_1_185' title='bbox 1277 1611 1313 1666; x_wconf 89' lang='lat' dir='ltr'>et</span> <span class='ocrx_word' id='word_1_186' title='bbox 1329 1597 1472 1665; x_wconf 81' lang='lat' dir='ltr'>cuilibet</span> <span class='ocrx_word' id='word_1_187' title='bbox 1484 1596 1562 1665; x_wconf 85' lang='lat' dir='ltr'>viro</span> <span class='ocrx_word' id='word_1_188' title='bbox 1577 1596 1674 1665; x_wconf 87' lang='lat' dir='ltr'>bono</span> <span class='ocrx_word' id='word_1_189' title='bbox 1686 1623 1768 1668; x_wconf 85' lang='lat' dir='ltr'>cum</span> <span class='ocrx_word' id='word_1_190' title='bbox 1785 1600 1967 1693; x_wconf 87' lang='lat' dir='ltr'>republica</span> <span class='ocrx_word' id='word_1_191' title='bbox 1991 1602 2081 1670; x_wconf 91' lang='lat' dir='ltr'>ami·</span> 
     </span>
     <span class='ocr_line' id='line_1_15' title="bbox 55 1699 2079 1795; baseline 0.001 -23"><span class='ocrx_word' id='word_1_192' title='bbox 55 1703 186 1785; x_wconf 80' lang='lat' dir='ltr'>sentit,</span> <span class='ocrx_word' id='word_1_193' title='bbox 211 1725 350 1794; x_wconf 85' lang='lat' dir='ltr'>nosque</span> <span class='ocrx_word' id='word_1_194' title='bbox 369 1700 437 1771; x_wconf 86' lang='lat' dir='ltr'>sibi</span> <span class='ocrx_word' id='word_1_195' title='bbox 460 1702 581 1795; x_wconf 89' lang='lat' dir='ltr'>aliquo</span> <span class='ocrx_word' id='word_1_196' title='bbox 600 1704 708 1771; x_wconf 92' lang='lat' dir='ltr'>modo</span> <span class='ocrx_word' id='word_1_197' title='bbox 725 1726 848 1792; x_wconf 90' lang='lat' dir='ltr'>pares,</span> <span class='ocrx_word' id='word_1_198' title='bbox 873 1714 908 1770; x_wconf 88' lang='lat' dir='ltr'>et</span> <span class='ocrx_word' id='word_1_199' title='bbox 921 1726 1043 1770; x_wconf 90' lang='lat' dir='ltr'>amore</span> <span class='ocrx_word' id='word_1_200' title='bbox 1096 1700 1199 1783; x_wconf 77' lang='lat' dir='ltr'>citio,</span> <span class='ocrx_word' id='word_1_201' title='bbox 1224 1725 1298 1769; x_wconf 90' lang='lat' dir='ltr'>nou</span> <span class='ocrx_word' id='word_1_202' title='bbox 1312 1700 1472 1790; x_wconf 75' lang='lat' dir='ltr'>privatae</span> <span class='ocrx_word' id='word_1_203' title='bbox 1489 1699 1651 1768; x_wconf 89' lang='lat' dir='ltr'>utilitatis</span> <span class='ocrx_word' id='word_1_204' title='bbox 1668 1713 1826 1786; x_wconf 90' lang='lat' dir='ltr'>tantum,</span> <span class='ocrx_word' id='word_1_205' title='bbox 1853 1706 1913 1772; x_wconf 86' lang='lat' dir='ltr'>sed</span> <span class='ocrx_word' id='word_1_206' title='bbox 1938 1704 2079 1775; x_wconf 88' lang='lat' dir='ltr'>virtutis</span> 
     </span>
     <span class='ocr_line' id='line_1_16' title="bbox 57 1800 2079 1896; baseline 0.001 -24"><span class='ocrx_word' id='word_1_207' title='bbox 57 1805 191 1896; x_wconf 67' lang='lat' dir='ltr'>dignos</span> <span class='ocrx_word' id='word_1_208' title='bbox 205 1804 358 1886; x_wconf 86' lang='lat' dir='ltr'>iudicat,</span> <span class='ocrx_word' id='word_1_209' title='bbox 384 1815 491 1896; x_wconf 88' lang='lat' dir='ltr'>atque</span> <span class='ocrx_word' id='word_1_210' title='bbox 504 1800 597 1873; x_wconf 85' lang='lat' dir='ltr'>hanc</span> <span class='ocrx_word' id='word_1_211' title='bbox 610 1803 689 1873; x_wconf 88' lang='lat' dir='ltr'>Deo</span> <span class='ocrx_word' id='word_1_212' title='bbox 712 1806 818 1874; x_wconf 87' lang='lat' dir='ltr'>fidem</span> <span class='ocrx_word' id='word_1_213' title='bbox 841 1800 1044 1873; x_wconf 66' lang='lat' dir='ltr'>ac&#39;bonita·</span> <span class='ocrx_word' id='word_1_214' title='bbox 1096 1828 1220 1886; x_wconf 77' lang='lat' dir='ltr'>carisa,</span> <span class='ocrx_word' id='word_1_215' title='bbox 1247 1805 1336 1871; x_wconf 86' lang='lat' dir='ltr'>adeo</span> <span class='ocrx_word' id='word_1_216' title='bbox 1350 1814 1390 1870; x_wconf 90' lang='lat' dir='ltr'>ut</span> <span class='ocrx_word' id='word_1_217' title='bbox 1405 1826 1480 1870; x_wconf 90' lang='lat' dir='ltr'>non</span> <span class='ocrx_word' id='word_1_218' title='bbox 1494 1803 1631 1871; x_wconf 91' lang='lat' dir='ltr'>dubitet</span> <span class='ocrx_word' id='word_1_219' title='bbox 1645 1827 1712 1893; x_wconf 88' lang='lat' dir='ltr'>pro</span> <span class='ocrx_word' id='word_1_220' title='bbox 1728 1805 1908 1896; x_wconf 84' lang='lat' dir='ltr'>republica</span> <span class='ocrx_word' id='word_1_221' title='bbox 1924 1819 2079 1876; x_wconf 86' lang='lat' dir='ltr'>mortem</span> 
     </span>
     <span class='ocr_line' id='line_1_17' title="bbox 58 1904 2079 2000; baseline 0.002 -25"><span class='ocrx_word' id='word_1_222' title='bbox 58 1920 129 1976; x_wconf 83' lang='lat' dir='ltr'>tem</span> <span class='ocrx_word' id='word_1_223' title='bbox 144 1907 306 1975; x_wconf 86' lang='lat' dir='ltr'>tribuere</span> <span class='ocrx_word' id='word_1_224' title='bbox 319 1906 419 1997; x_wconf 91' lang='lat' dir='ltr'>pium</span> <span class='ocrx_word' id='word_1_225' title='bbox 435 1919 505 1991; x_wconf 89' lang='lat' dir='ltr'>est,</span> <span class='ocrx_word' id='word_1_226' title='bbox 531 1909 630 2000; x_wconf 91' lang='lat' dir='ltr'>quod</span> <span class='ocrx_word' id='word_1_227' title='bbox 651 1907 817 1976; x_wconf 89' lang='lat' dir='ltr'>videlicet</span> <span class='ocrx_word' id='word_1_228' title='bbox 838 1909 932 1998; x_wconf 86' lang='lat' dir='ltr'>apud</span> <span class='ocrx_word' id='word_1_229' title='bbox 949 1931 1044 1989; x_wconf 75' lang='lat' dir='ltr'>etim,</span> <span class='ocrx_word' id='word_1_230' title='bbox 1097 1919 1282 1997; x_wconf 87' lang='lat' dir='ltr'>oppetere,</span> <span class='ocrx_word' id='word_1_231' title='bbox 1308 1905 1337 1974; x_wconf 92' lang='lat' dir='ltr'>si</span> <span class='ocrx_word' id='word_1_232' title='bbox 1355 1904 1400 1973; x_wconf 90' lang='lat' dir='ltr'>sit</span> <span class='ocrx_word' id='word_1_233' title='bbox 1417 1922 1526 1995; x_wconf 89' lang='lat' dir='ltr'>opus,</span> <span class='ocrx_word' id='word_1_234' title='bbox 1552 1917 1641 1973; x_wconf 84' lang='lat' dir='ltr'>utut</span> <span class='ocrx_word' id='word_1_235' title='bbox 1659 1905 1707 1974; x_wconf 90' lang='lat' dir='ltr'>sic</span> <span class='ocrx_word' id='word_1_236' title='bbox 1726 1906 1900 1995; x_wconf 87' lang='lat' dir='ltr'>sentiant,</span> <span class='ocrx_word' id='word_1_237' title='bbox 1926 1934 2001 1979; x_wconf 90' lang='lat' dir='ltr'>non</span> <span class='ocrx_word' id='word_1_238' title='bbox 2022 1935 2079 1979; x_wconf 90' lang='lat' dir='ltr'>so·</span> 
     </span>
     <span class='ocr_line' id='line_1_18' title="bbox 58 2002 2078 2102; baseline 0.003 -27"><span class='ocrx_word' id='word_1_239' title='bbox 58 2010 155 2079; x_wconf 80' lang='lat' dir='ltr'>velut</span> <span class='ocrx_word' id='word_1_240' title='bbox 169 2010 264 2077; x_wconf 88' lang='lat' dir='ltr'>alter</span> <span class='ocrx_word' id='word_1_241' title='bbox 279 2008 353 2099; x_wconf 90' lang='lat' dir='ltr'>ipse</span> <span class='ocrx_word' id='word_1_242' title='bbox 372 2008 501 2093; x_wconf 90' lang='lat' dir='ltr'>simus,</span> <span class='ocrx_word' id='word_1_243' title='bbox 534 2012 658 2078; x_wconf 88' lang='lat' dir='ltr'>codem</span> <span class='ocrx_word' id='word_1_244' title='bbox 680 2013 789 2079; x_wconf 91' lang='lat' dir='ltr'>modo</span> <span class='ocrx_word' id='word_1_245' title='bbox 813 2033 894 2099; x_wconf 81' lang='lat' dir='ltr'>erga</span> <span class='ocrx_word' id='word_1_246' title='bbox 912 2007 957 2102; x_wconf 65' lang='grc' dir='ltr'>η)</span> <span class='ocrx_word' id='word_1_247' title='bbox 978 2034 1044 2077; x_wconf 90' lang='lat' dir='ltr'>nos</span> <span class='ocrx_word' id='word_1_248' title='bbox 1094 2009 1169 2078; x_wconf 90' lang='lat' dir='ltr'>lum</span> <span class='ocrx_word' id='word_1_249' title='bbox 1192 2004 1413 2077; x_wconf 86' lang='lat' dir='ltr'>Christianae</span> <span class='ocrx_word' id='word_1_250' title='bbox 1433 2006 1566 2075; x_wconf 84' lang='lat' dir='ltr'>literae</span> <span class='ocrx_word' id='word_1_251' title='bbox 1595 2002 1743 2094; x_wconf 81' lang='lat' dir='ltr'>docent,</span> <span class='ocrx_word' id='word_1_252' title='bbox 1782 2012 1845 2081; x_wconf 89' lang='lat' dir='ltr'>sed</span> <span class='ocrx_word' id='word_1_253' title='bbox 1869 2011 1977 2080; x_wconf 89' lang='lat' dir='ltr'>etiam</span> <span class='ocrx_word' id='word_1_254' title='bbox 2000 2012 2078 2102; x_wconf 90' lang='lat' dir='ltr'>ipsa</span> 
     </span>
     <span class='ocr_line' id='line_1_19' title="bbox 54 2108 2080 2209; baseline 0 -28"><span class='ocrx_word' id='word_1_255' title='bbox 54 2125 92 2181; x_wconf 88' lang='lat' dir='ltr'>et</span> <span class='ocrx_word' id='word_1_256' title='bbox 106 2112 232 2202; x_wconf 82' lang='lat' dir='ltr'>angeli</span> <span class='ocrx_word' id='word_1_257' title='bbox 246 2109 362 2179; x_wconf 81' lang='lat' dir='ltr'>affecti</span> <span class='ocrx_word' id='word_1_258' title='bbox 379 2122 472 2180; x_wconf 87' lang='lat' dir='ltr'>sunt.</span> <span class='ocrx_word' id='word_1_259' title='bbox 521 2112 579 2180; x_wconf 86' lang='lat' dir='ltr'>Sic</span> <span class='ocrx_word' id='word_1_260' title='bbox 593 2137 673 2182; x_wconf 89' lang='lat' dir='ltr'>cum</span> <span class='ocrx_word' id='word_1_261' title='bbox 689 2113 783 2182; x_wconf 86' lang='lat' dir='ltr'>inter</span> <span class='ocrx_word' id='word_1_262' title='bbox 798 2111 964 2201; x_wconf 85' lang='lat' dir='ltr'>coniuges</span> <span class='ocrx_word' id='word_1_263' title='bbox 984 2114 1044 2179; x_wconf 87' lang='lat' dir='ltr'>dc·</span> <span class='ocrx_word' id='word_1_264' title='bbox 1068 2162 1073 2192; x_wconf 89' lang='lat'>,</span> <span class='ocrx_word' id='word_1_265' title='bbox 1096 2113 1151 2178; x_wconf 85' lang='lat' dir='ltr'>lex</span> <span class='ocrx_word' id='word_1_266' title='bbox 1180 2122 1329 2207; x_wconf 86' lang='lat' dir='ltr'>naturae</span> <span class='ocrx_word' id='word_1_267' title='bbox 1358 2108 1407 2177; x_wconf 89' lang='lat' dir='ltr'>ita</span> <span class='ocrx_word' id='word_1_268' title='bbox 1429 2112 1571 2192; x_wconf 87' lang='lat' dir='ltr'>statuit,</span> <span class='ocrx_word' id='word_1_269' title='bbox 1610 2109 1726 2179; x_wconf 88' lang='lat' dir='ltr'>Deum</span> <span class='ocrx_word' id='word_1_270' title='bbox 1757 2112 1861 2183; x_wconf 88' lang='lat' dir='ltr'>irasci</span> <span class='ocrx_word' id='word_1_271' title='bbox 1889 2113 1978 2198; x_wconf 88' lang='lat' dir='ltr'>illis,</span> <span class='ocrx_word' id='word_1_272' title='bbox 2017 2114 2080 2209; x_wconf 91' lang='lat' dir='ltr'>qui</span> 
     </span>
     <span class='ocr_line' id='line_1_20' title="bbox 53 2211 2080 2308; baseline 0 -24"><span class='ocrx_word' id='word_1_273' title='bbox 53 2216 140 2284; x_wconf 86' lang='lat' dir='ltr'>beat</span> <span class='ocrx_word' id='word_1_274' title='bbox 158 2214 309 2285; x_wconf 81' lang='lat' dir='ltr'>existere</span> <span class='ocrx_word' id='word_1_275' title='bbox 327 2213 480 2283; x_wconf 89' lang='lat' dir='ltr'>amicitia</span> <span class='ocrx_word' id='word_1_276' title='bbox 501 2225 672 2308; x_wconf 91' lang='lat' dir='ltr'>tanquam</span> <span class='ocrx_word' id='word_1_277' title='bbox 693 2241 773 2285; x_wconf 91' lang='lat' dir='ltr'>cum</span> <span class='ocrx_word' id='word_1_278' title='bbox 796 2215 876 2304; x_wconf 88' lang='lat' dir='ltr'>pari</span> <span class='ocrx_word' id='word_1_279' title='bbox 891 2214 1044 2283; x_wconf 89' lang='lat' dir='ltr'>benevo-</span> <span class='ocrx_word' id='word_1_280' title='bbox 1096 2211 1351 2305; x_wconf 82' lang='lat' dir='ltr'>rempublicam</span> <span class='ocrx_word' id='word_1_281' title='bbox 1368 2236 1442 2280; x_wconf 92' lang='lat' dir='ltr'>non</span> <span class='ocrx_word' id='word_1_282' title='bbox 1460 2225 1600 2296; x_wconf 83' lang='lat' dir='ltr'>amant,</span> <span class='ocrx_word' id='word_1_283' title='bbox 1626 2235 1701 2281; x_wconf 91' lang='lat' dir='ltr'>non</span> <span class='ocrx_word' id='word_1_284' title='bbox 1718 2217 1922 2287; x_wconf 83' lang='lat' dir='ltr'>defenduut.</span> <span class='ocrx_word' id='word_1_285' title='bbox 1952 2221 1957 2295; x_wconf 68' lang='lat' dir='ltr'>J</span> <span class='ocrx_word' id='word_1_286' title='bbox 1971 2214 2080 2286; x_wconf 88' lang='lat' dir='ltr'>Intel-</span> 
     </span>
     <span class='ocr_line' id='line_1_21' title="bbox 53 2310 2080 2409; baseline 0.001 -23"><span class='ocrx_word' id='word_1_287' title='bbox 53 2316 190 2399; x_wconf 85' lang='lat' dir='ltr'>lentia,</span> <span class='ocrx_word' id='word_1_288' title='bbox 217 2330 254 2384; x_wconf 93' lang='lat' dir='ltr'>et</span> <span class='ocrx_word' id='word_1_289' title='bbox 270 2328 405 2384; x_wconf 87' lang='lat' dir='ltr'>caetera</span> <span class='ocrx_word' id='word_1_290' title='bbox 421 2315 535 2384; x_wconf 85' lang='lat' dir='ltr'>officia</span> <span class='ocrx_word' id='word_1_291' title='bbox 553 2318 849 2387; x_wconf 89' lang='lat' dir='ltr'>communicanda</span> <span class='ocrx_word' id='word_1_292' title='bbox 864 2327 958 2398; x_wconf 89' lang='lat' dir='ltr'>sunt,</span> <span class='ocrx_word' id='word_1_293' title='bbox 986 2341 1044 2383; x_wconf 87' lang='lat' dir='ltr'>eo·</span> <span class='ocrx_word' id='word_1_294' title='bbox 1095 2316 1173 2407; x_wconf 83' lang='lat' dir='ltr'>ligit</span> <span class='ocrx_word' id='word_1_295' title='bbox 1192 2330 1311 2384; x_wconf 86' lang='lat' dir='ltr'>autem</span> <span class='ocrx_word' id='word_1_296' title='bbox 1327 2329 1362 2384; x_wconf 87' lang='lat' dir='ltr'>et</span> <span class='ocrx_word' id='word_1_297' title='bbox 1375 2311 1443 2384; x_wconf 93' lang='lat' dir='ltr'>hoc</span> <span class='ocrx_word' id='word_1_298' title='bbox 1459 2310 1615 2384; x_wconf 88' lang='lat' dir='ltr'>bumana</span> <span class='ocrx_word' id='word_1_299' title='bbox 1632 2341 1752 2400; x_wconf 87' lang='lat' dir='ltr'>ruens,</span> <span class='ocrx_word' id='word_1_300' title='bbox 1779 2318 1858 2388; x_wconf 88' lang='lat' dir='ltr'>Deo</span> <span class='ocrx_word' id='word_1_301' title='bbox 1880 2321 2080 2409; x_wconf 88' lang='lat' dir='ltr'>parendum</span> 
     </span>
     <span class='ocr_line' id='line_1_22' title="bbox 53 2417 2080 2512; baseline 0 -23"><span class='ocrx_word' id='word_1_302' title='bbox 53 2420 140 2489; x_wconf 83' lang='lat' dir='ltr'>dem</span> <span class='ocrx_word' id='word_1_303' title='bbox 162 2421 276 2488; x_wconf 91' lang='lat' dir='ltr'>modo</span> <span class='ocrx_word' id='word_1_304' title='bbox 297 2432 332 2486; x_wconf 90' lang='lat' dir='ltr'>et</span> <span class='ocrx_word' id='word_1_305' title='bbox 347 2431 513 2509; x_wconf 87' lang='lat' dir='ltr'>parentes</span> <span class='ocrx_word' id='word_1_306' title='bbox 528 2443 609 2510; x_wconf 86' lang='lat' dir='ltr'>erga</span> <span class='ocrx_word' id='word_1_307' title='bbox 634 2420 783 2502; x_wconf 88' lang='lat' dir='ltr'>liberos,</span> <span class='ocrx_word' id='word_1_308' title='bbox 817 2430 851 2487; x_wconf 92' lang='grc' dir='ltr'>ει</span> <span class='ocrx_word' id='word_1_309' title='bbox 865 2418 1045 2510; x_wconf 88' lang='lat' dir='ltr'>principes</span> <span class='ocrx_word' id='word_1_310' title='bbox 1097 2444 1190 2500; x_wconf 87' lang='lat' dir='ltr'>csse,</span> <span class='ocrx_word' id='word_1_311' title='bbox 1224 2417 1365 2488; x_wconf 86' lang='lat' dir='ltr'>etiamsi</span> <span class='ocrx_word' id='word_1_312' title='bbox 1385 2417 1504 2486; x_wconf 88' lang='lat' dir='ltr'>nullae</span> <span class='ocrx_word' id='word_1_313' title='bbox 1527 2431 1759 2512; x_wconf 87' lang='lat' dir='ltr'>sequerentur</span> <span class='ocrx_word' id='word_1_314' title='bbox 1779 2421 1959 2491; x_wconf 85' lang='lat' dir='ltr'>utilitates.</span> <span class='ocrx_word' id='word_1_315' title='bbox 2010 2419 2080 2489; x_wconf 92' lang='lat' dir='ltr'>lta-</span> 
     </span>
     <span class='ocr_line' id='line_1_23' title="bbox 54 2518 2080 2617; baseline 0.001 -28"><span class='ocrx_word' id='word_1_316' title='bbox 54 2545 139 2614; x_wconf 74' lang='lat' dir='ltr'>erga</span> <span class='ocrx_word' id='word_1_317' title='bbox 160 2522 255 2591; x_wconf 80' lang='lat' dir='ltr'>cives</span> <span class='ocrx_word' id='word_1_318' title='bbox 268 2521 383 2589; x_wconf 87' lang='lat' dir='ltr'>affecti</span> <span class='ocrx_word' id='word_1_319' title='bbox 397 2521 478 2591; x_wconf 87' lang='lat' dir='ltr'>sint.</span> <span class='ocrx_word' id='word_1_320' title='bbox 530 2521 612 2592; x_wconf 87' lang='lat' dir='ltr'>Non</span> <span class='ocrx_word' id='word_1_321' title='bbox 629 2522 790 2594; x_wconf 90' lang='lat' dir='ltr'>estenim</span> <span class='ocrx_word' id='word_1_322' title='bbox 808 2521 983 2603; x_wconf 89' lang='lat' dir='ltr'>amicitia,</span> <span class='ocrx_word' id='word_1_323' title='bbox 1015 2518 1046 2589; x_wconf 90' lang='lat' dir='ltr'>si</span> <span class='ocrx_word' id='word_1_324' title='bbox 1097 2545 1165 2614; x_wconf 91' lang='lat' dir='ltr'>que</span> <span class='ocrx_word' id='word_1_325' title='bbox 1180 2519 1283 2590; x_wconf 91' lang='lat' dir='ltr'>Plato</span> <span class='ocrx_word' id='word_1_326' title='bbox 1297 2520 1464 2612; x_wconf 89' lang='lat' dir='ltr'>patriam,</span> <span class='ocrx_word' id='word_1_327' title='bbox 1490 2519 1619 2613; x_wconf 92' lang='lat' dir='ltr'>inquit,</span> <span class='ocrx_word' id='word_1_328' title='bbox 1644 2545 1778 2590; x_wconf 90' lang='lat' dir='ltr'>numen</span> <span class='ocrx_word' id='word_1_329' title='bbox 1794 2525 1974 2617; x_wconf 89' lang='lat' dir='ltr'>quoddam</span> <span class='ocrx_word' id='word_1_330' title='bbox 1993 2547 2080 2607; x_wconf 88' lang='lat' dir='ltr'>esse,</span> 
     </span>
     <span class='ocr_line' id='line_1_24' title="bbox 55 2619 2080 2717; baseline -0 -23"><span class='ocrx_word' id='word_1_331' title='bbox 55 2625 290 2694; x_wconf 77' lang='lat' dir='ltr'>fastidiantur</span> <span class='ocrx_word' id='word_1_332' title='bbox 320 2637 491 2717; x_wconf 92' lang='lat' dir='ltr'>tanquam</span> <span class='ocrx_word' id='word_1_333' title='bbox 522 2624 676 2715; x_wconf 87' lang='lat' dir='ltr'>impares</span> <span class='ocrx_word' id='word_1_334' title='bbox 699 2638 734 2693; x_wconf 88' lang='lat' dir='ltr'>et</span> <span class='ocrx_word' id='word_1_335' title='bbox 755 2623 893 2713; x_wconf 87' lang='lat' dir='ltr'>indigui</span> <span class='ocrx_word' id='word_1_336' title='bbox 922 2635 1044 2691; x_wconf 89' lang='lat' dir='ltr'>nostra</span> <span class='ocrx_word' id='word_1_337' title='bbox 1096 2619 1164 2692; x_wconf 92' lang='lat' dir='ltr'>boc</span> <span class='ocrx_word' id='word_1_338' title='bbox 1188 2635 1257 2704; x_wconf 90' lang='lat' dir='ltr'>est,</span> <span class='ocrx_word' id='word_1_339' title='bbox 1292 2622 1476 2691; x_wconf 83' lang='lat' dir='ltr'>colendam</span> <span class='ocrx_word' id='word_1_340' title='bbox 1499 2647 1596 2705; x_wconf 89' lang='lat' dir='ltr'>esse,</span> <span class='ocrx_word' id='word_1_341' title='bbox 1623 2624 1705 2715; x_wconf 88' lang='lat' dir='ltr'>quia</span> <span class='ocrx_word' id='word_1_342' title='bbox 1727 2622 1825 2694; x_wconf 88' lang='lat' dir='ltr'>Deus</span> <span class='ocrx_word' id='word_1_343' title='bbox 1844 2626 2000 2717; x_wconf 90' lang='lat' dir='ltr'>postulet</span> <span class='ocrx_word' id='word_1_344' title='bbox 2019 2626 2080 2693; x_wconf 92' lang='lat' dir='ltr'>illa</span> 
     </span>
     <span class='ocr_line' id='line_1_25' title="bbox 56 2723 2081 2818; baseline -0.001 -19"><span class='ocrx_word' id='word_1_345' title='bbox 56 2727 331 2810; x_wconf 78' lang='lat' dir='ltr'>benevolentia,</span> <span class='ocrx_word' id='word_1_346' title='bbox 358 2727 611 2796; x_wconf 88' lang='lat' dir='ltr'>consuetudine</span> <span class='ocrx_word' id='word_1_347' title='bbox 637 2740 699 2797; x_wconf 89' lang='lat' dir='ltr'>aut</span> <span class='ocrx_word' id='word_1_348' title='bbox 718 2726 852 2795; x_wconf 84' lang='lat' dir='ltr'>officiis.</span> <span class='ocrx_word' id='word_1_349' title='bbox 903 2724 1046 2795; x_wconf 90' lang='lat' dir='ltr'>Postre-</span> <span class='ocrx_word' id='word_1_350' title='bbox 1097 2751 1161 2796; x_wconf 89' lang='lat' dir='ltr'>sua</span> <span class='ocrx_word' id='word_1_351' title='bbox 1190 2726 1359 2794; x_wconf 85' lang='lat' dir='ltr'>beneficia</span> <span class='ocrx_word' id='word_1_352' title='bbox 1393 2723 1554 2808; x_wconf 84' lang='lat' dir='ltr'>delendi,</span> <span class='ocrx_word' id='word_1_353' title='bbox 1597 2749 1688 2818; x_wconf 88' lang='lat' dir='ltr'>quae</span> <span class='ocrx_word' id='word_1_354' title='bbox 1709 2726 1830 2795; x_wconf 92' lang='lat' dir='ltr'>omnia</span> <span class='ocrx_word' id='word_1_355' title='bbox 1852 2726 2081 2796; x_wconf 87' lang='lat' dir='ltr'>continentur</span> 
     </span>
     <span class='ocr_line' id='line_1_26' title="bbox 58 2824 2081 2921; baseline -0.001 -22"><span class='ocrx_word' id='word_1_356' title='bbox 58 2855 139 2914; x_wconf 88' lang='lat' dir='ltr'>mo,</span> <span class='ocrx_word' id='word_1_357' title='bbox 180 2843 223 2899; x_wconf 91' lang='lat' dir='ltr'>ut</span> <span class='ocrx_word' id='word_1_358' title='bbox 250 2851 357 2919; x_wconf 88' lang='lat' dir='ltr'>supra</span> <span class='ocrx_word' id='word_1_359' title='bbox 388 2828 521 2900; x_wconf 90' lang='lat' dir='ltr'>dictum</span> <span class='ocrx_word' id='word_1_360' title='bbox 553 2840 604 2899; x_wconf 91' lang='grc' dir='ltr'>εει</span> <span class='ocrx_word' id='word_1_361' title='bbox 634 2830 677 2900; x_wconf 89' lang='lat' dir='ltr'>de</span> <span class='ocrx_word' id='word_1_362' title='bbox 708 2827 874 2911; x_wconf 90' lang='lat' dir='ltr'>obiectis,</span> <span class='ocrx_word' id='word_1_363' title='bbox 916 2824 1046 2920; x_wconf 78' lang='grc' dir='ltr'><strong>ὅμοιον</strong></span> <span class='ocrx_word' id='word_1_364' title='bbox 1098 2828 1335 2920; x_wconf 89' lang='lat' dir='ltr'>appellatione</span> <span class='ocrx_word' id='word_1_365' title='bbox 1367 2826 1524 2919; x_wconf 88' lang='lat' dir='ltr'>patriae,</span> <span class='ocrx_word' id='word_1_366' title='bbox 1561 2837 1712 2921; x_wconf 87' lang='lat' dir='ltr'>suntque</span> <span class='ocrx_word' id='word_1_367' title='bbox 1739 2836 1901 2898; x_wconf 84' lang='lat' dir='ltr'>veteres</span> <span class='ocrx_word' id='word_1_368' title='bbox 1926 2828 2081 2912; x_wconf 88' lang='lat' dir='ltr'>divinae,</span> 
     </span>
     <span class='ocr_line' id='line_1_27' title="bbox 59 2927 2082 3028; baseline -0.002 -23"><span class='ocrx_word' id='word_1_369' title='bbox 59 2927 184 3028; x_wconf 73' lang='lat' dir='ltr'>iicoitp</span> <span class='ocrx_word' id='word_1_370' title='bbox 201 2927 334 3028; x_wconf 77' lang='grc' dir='ltr'><strong>φίλον,</strong></span> <span class='ocrx_word' id='word_1_371' title='bbox 370 2931 509 3002; x_wconf 86' lang='lat' dir='ltr'>etiamsi</span> <span class='ocrx_word' id='word_1_372' title='bbox 534 2956 604 3024; x_wconf 87' lang='lat' dir='ltr'>qua</span> <span class='ocrx_word' id='word_1_373' title='bbox 625 2945 678 3002; x_wconf 89' lang='grc' dir='ltr'>εει</span> <span class='ocrx_word' id='word_1_374' title='bbox 697 2930 968 3012; x_wconf 85' lang='lat' dir='ltr'>dissimilitudo,</span> <span class='ocrx_word' id='word_1_375' title='bbox 995 2941 1046 3019; x_wconf 85' lang='lat' dir='ltr'>ta·</span> <span class='ocrx_word' id='word_1_376' title='bbox 1087 2929 1261 3013; x_wconf 79' lang='lat' dir='ltr'>¹videlicet</span> <span class='ocrx_word' id='word_1_377' title='bbox 1273 2928 1479 3023; x_wconf 81' lang='lat' dir='ltr'>religiones,</span> <span class='ocrx_word' id='word_1_378' title='bbox 1504 2929 1616 3020; x_wconf 82' lang='lat' dir='ltr'>leges,</span> <span class='ocrx_word' id='word_1_379' title='bbox 1640 2931 1852 3022; x_wconf 84' lang='lat' dir='ltr'>propagatio</span> <span class='ocrx_word' id='word_1_380' title='bbox 1868 2929 1999 3001; x_wconf 86' lang='lat' dir='ltr'>civium</span> <span class='ocrx_word' id='word_1_381' title='bbox 2016 2942 2082 3003; x_wconf 85' lang='lat' dir='ltr'>etc.</span> 
     </span>
     <span class='ocr_line' id='line_1_28' title="bbox 10 3029 2084 3129; baseline 0.001 -26"><span class='ocrx_word' id='word_1_382' title='bbox 10 3034 12 3059; x_wconf 81' lang='lat'>²</span> <span class='ocrx_word' id='word_1_383' title='bbox 59 3058 145 3103; x_wconf 88' lang='lat' dir='ltr'>men</span> <span class='ocrx_word' id='word_1_384' title='bbox 176 3031 334 3102; x_wconf 78' lang='lat' dir='ltr'>amicitia</span> <span class='ocrx_word' id='word_1_385' title='bbox 357 3033 626 3104; x_wconf 89' lang='lat' dir='ltr'>similitudinem</span> <span class='ocrx_word' id='word_1_386' title='bbox 648 3035 806 3128; x_wconf 85' lang='lat' dir='ltr'>aliquam</span> <span class='ocrx_word' id='word_1_387' title='bbox 830 3035 965 3102; x_wconf 86' lang='lat' dir='ltr'>efficere</span> <span class='ocrx_word' id='word_1_388' title='bbox 988 3032 1048 3100; x_wconf 91' lang='lat' dir='ltr'>de·</span> <span class='ocrx_word' id='word_1_389' title='bbox 1097 3033 1216 3103; x_wconf 90' lang='lat' dir='ltr'>Verba</span> <span class='ocrx_word' id='word_1_390' title='bbox 1238 3029 1325 3102; x_wconf 89' lang='lat' dir='ltr'>haec</span> <span class='ocrx_word' id='word_1_391' title='bbox 1345 3031 1486 3103; x_wconf 89' lang='lat' dir='ltr'>suntin</span> <span class='ocrx_word' id='word_1_392' title='bbox 1508 3033 1633 3125; x_wconf 90' lang='lat' dir='ltr'>quinto</span> <span class='ocrx_word' id='word_1_393' title='bbox 1658 3035 1701 3101; x_wconf 90' lang='lat' dir='ltr'>dc</span> <span class='ocrx_word' id='word_1_394' title='bbox 1726 3032 1933 3129; x_wconf 82' lang='lat' dir='ltr'>legibus¹⁶):</span> <span class='ocrx_word' id='word_1_395' title='bbox 1965 3032 2084 3127; x_wconf 60' lang='grc' dir='ltr'><strong>θεραι-</strong></span> 
     </span>
     <span class='ocr_line' id='line_1_29' title="bbox 61 3129 2084 3233; baseline -0 -26"><span class='ocrx_word' id='word_1_396' title='bbox 61 3137 138 3220; x_wconf 81' lang='lat' dir='ltr'>bet,</span> <span class='ocrx_word' id='word_1_397' title='bbox 172 3148 215 3205; x_wconf 88' lang='lat' dir='ltr'>ut</span> <span class='ocrx_word' id='word_1_398' title='bbox 236 3136 282 3205; x_wconf 90' lang='lat' dir='ltr'>sit</span> <span class='ocrx_word' id='word_1_399' title='bbox 302 3129 433 3227; x_wconf 78' lang='grc' dir='ltr'><strong>ὅμοιον</strong></span> <span class='ocrx_word' id='word_1_400' title='bbox 453 3133 573 3231; x_wconf 83' lang='grc' dir='ltr'>ὁμοίῳ</span> <span class='ocrx_word' id='word_1_401' title='bbox 593 3134 723 3233; x_wconf 78' lang='grc' dir='ltr'><strong>φίλον,</strong></span> <span class='ocrx_word' id='word_1_402' title='bbox 754 3132 822 3205; x_wconf 93' lang='lat' dir='ltr'>boc</span> <span class='ocrx_word' id='word_1_403' title='bbox 843 3134 939 3204; x_wconf 89' lang='lat' dir='ltr'>enim</span> <span class='ocrx_word' id='word_1_404' title='bbox 964 3157 1048 3226; x_wconf 90' lang='lat' dir='ltr'>pro·</span> <span class='ocrx_word' id='word_1_405' title='bbox 1099 3131 1224 3219; x_wconf 79' lang='grc' dir='ltr'><strong>πεύειν</strong></span> <span class='ocrx_word' id='word_1_406' title='bbox 1244 3131 1286 3208; x_wconf 75' lang='grc' dir='ltr'>δὲ</span> <span class='ocrx_word' id='word_1_407' title='bbox 1309 3129 1379 3230; x_wconf 82' lang='grc' dir='ltr'>τὴν</span> <span class='ocrx_word' id='word_1_408' title='bbox 1398 3129 1561 3231; x_wconf 74' lang='grc' dir='ltr'><strong><em>πατρίδα</em></strong></span> <span class='ocrx_word' id='word_1_409' title='bbox 1582 3129 1642 3206; x_wconf 76' lang='grc' dir='ltr'><strong>δεῖ</strong></span> <span class='ocrx_word' id='word_1_410' title='bbox 1653 3129 1831 3227; x_wconf 78' lang='grc' dir='ltr'><strong>μειζόνως</strong></span> <span class='ocrx_word' id='word_1_411' title='bbox 1846 3132 1925 3232; x_wconf 59' lang='lat'>⁷3¹⁸)</span> <span class='ocrx_word' id='word_1_412' title='bbox 1941 3132 2084 3228; x_wconf 75' lang='grc' dir='ltr'><strong><em>μητέρα</em></strong></span> 
     </span>
     <span class='ocr_line' id='line_1_30' title="bbox 63 3229 2084 3332; baseline 0 -25"><span class='ocrx_word' id='word_1_413' title='bbox 63 3239 138 3331; x_wconf 86' lang='lat' dir='ltr'>prie</span> <span class='ocrx_word' id='word_1_414' title='bbox 171 3240 217 3306; x_wconf 90' lang='lat' dir='ltr'>ad</span> <span class='ocrx_word' id='word_1_415' title='bbox 241 3250 408 3307; x_wconf 89' lang='lat' dir='ltr'>naturam</span> <span class='ocrx_word' id='word_1_416' title='bbox 432 3239 627 3323; x_wconf 89' lang='lat' dir='ltr'>amicitiae,</span> <span class='ocrx_word' id='word_1_417' title='bbox 668 3252 703 3308; x_wconf 89' lang='lat' dir='ltr'>et</span> <span class='ocrx_word' id='word_1_418' title='bbox 725 3239 914 3308; x_wconf 87' lang='lat' dir='ltr'>formalem</span> <span class='ocrx_word' id='word_1_419' title='bbox 938 3236 1048 3305; x_wconf 89' lang='lat' dir='ltr'>ratio·</span> <span class='ocrx_word' id='word_1_420' title='bbox 1100 3232 1255 3319; x_wconf 78' lang='grc' dir='ltr'><em>παῖδας·</em></span> <span class='ocrx_word' id='word_1_421' title='bbox 1296 3242 1352 3332; x_wconf 79' lang='grc' dir='ltr'>τῷ</span> <span class='ocrx_word' id='word_1_422' title='bbox 1373 3233 1575 3311; x_wconf 74' lang='grc' dir='ltr'><em>δέσποιναν</em></span> <span class='ocrx_word' id='word_1_423' title='bbox 1596 3233 1724 3310; x_wconf 79' lang='grc' dir='ltr'><strong><em>αὐτῶν</em></strong></span> <span class='ocrx_word' id='word_1_424' title='bbox 1747 3235 1866 3332; x_wconf 74' lang='grc' dir='ltr'><em>αὐτὴν</em></span> <span class='ocrx_word' id='word_1_425' title='bbox 1889 3229 2009 3311; x_wconf 78' lang='grc' dir='ltr'><em>οὖσαν</em></span> <span class='ocrx_word' id='word_1_426' title='bbox 2023 3235 2084 3332; x_wconf 78' lang='lat'>¹²).</span> 
     </span>
     <span class='ocr_line' id='line_1_31' title="bbox 65 3339 2085 3432; baseline 0 -24"><span class='ocrx_word' id='word_1_427' title='bbox 65 3366 169 3424; x_wconf 83' lang='lat' dir='ltr'>nem,</span> <span class='ocrx_word' id='word_1_428' title='bbox 193 3353 236 3409; x_wconf 89' lang='lat' dir='ltr'>ut</span> <span class='ocrx_word' id='word_1_429' title='bbox 251 3350 417 3423; x_wconf 85' lang='lat' dir='ltr'>vocatur,</span> <span class='ocrx_word' id='word_1_430' title='bbox 443 3341 609 3431; x_wconf 88' lang='lat' dir='ltr'>pertinet.</span> <span class='ocrx_word' id='word_1_431' title='bbox 1099 3342 1170 3411; x_wconf 86' lang='lat' dir='ltr'>Sed</span> <span class='ocrx_word' id='word_1_432' title='bbox 1185 3342 1308 3410; x_wconf 90' lang='lat' dir='ltr'>desino</span> <span class='ocrx_word' id='word_1_433' title='bbox 1324 3341 1427 3431; x_wconf 89' lang='lat' dir='ltr'>plura</span> <span class='ocrx_word' id='word_1_434' title='bbox 1444 3352 1652 3429; x_wconf 84' lang='lat' dir='ltr'>argumenta</span> <span class='ocrx_word' id='word_1_435' title='bbox 1666 3340 1842 3430; x_wconf 81' lang='lat' dir='ltr'>colligere,</span> <span class='ocrx_word' id='word_1_436' title='bbox 1863 3365 1970 3432; x_wconf 87' lang='lat' dir='ltr'>supra</span> <span class='ocrx_word' id='word_1_437' title='bbox 1987 3339 2085 3408; x_wconf 91' lang='lat' dir='ltr'>enim</span> 
     </span>
     <span class='ocr_line' id='line_1_32' title="bbox 163 3439 2082 3536; baseline -0.001 -24"><span class='ocrx_word' id='word_1_438' title='bbox 163 3442 281 3512; x_wconf 88' lang='lat' dir='ltr'>Causa</span> <span class='ocrx_word' id='word_1_439' title='bbox 303 3442 417 3512; x_wconf 90' lang='lat' dir='ltr'>finalis</span> <span class='ocrx_word' id='word_1_440' title='bbox 432 3443 587 3533; x_wconf 90' lang='lat' dir='ltr'>primum</span> <span class='ocrx_word' id='word_1_441' title='bbox 611 3458 662 3514; x_wconf 89' lang='lat' dir='ltr'>est</span> <span class='ocrx_word' id='word_1_442' title='bbox 683 3443 799 3536; x_wconf 90' lang='lat' dir='ltr'>ipsum</span> <span class='ocrx_word' id='word_1_443' title='bbox 824 3439 964 3510; x_wconf 80' lang='lat' dir='ltr'>virtutis</span> <span class='ocrx_word' id='word_1_444' title='bbox 990 3441 1049 3507; x_wconf 88' lang='lat' dir='ltr'>de·</span> <span class='ocrx_word' id='word_1_445' title='bbox 1101 3441 1559 3534; x_wconf 78' lang='lat' dir='ltr'>confutavimusEpicurum</span> <span class='ocrx_word' id='word_1_446' title='bbox 1570 3441 1607 3508; x_wconf 93' lang='lat' dir='ltr'>in</span> <span class='ocrx_word' id='word_1_447' title='bbox 1617 3465 1756 3531; x_wconf 83' lang='lat' dir='ltr'>genere,</span> <span class='ocrx_word' id='word_1_448' title='bbox 1765 3467 1916 3534; x_wconf 89' lang='lat' dir='ltr'>cumque</span> <span class='ocrx_word' id='word_1_449' title='bbox 1927 3442 2082 3510; x_wconf 91' lang='lat' dir='ltr'>amicitia</span> 
     </span>
     <span class='ocr_line' id='line_1_33' title="bbox 68 3541 2086 3641; baseline -0.001 -27"><span class='ocrx_word' id='word_1_450' title='bbox 68 3570 142 3628; x_wconf 79' lang='lat' dir='ltr'>urs,</span> <span class='ocrx_word' id='word_1_451' title='bbox 178 3546 374 3637; x_wconf 84' lang='lat' dir='ltr'>expetenda</span> <span class='ocrx_word' id='word_1_452' title='bbox 396 3546 491 3614; x_wconf 89' lang='lat' dir='ltr'>euim</span> <span class='ocrx_word' id='word_1_453' title='bbox 516 3559 622 3641; x_wconf 88' lang='lat' dir='ltr'>atque</span> <span class='ocrx_word' id='word_1_454' title='bbox 645 3548 792 3615; x_wconf 88' lang='lat' dir='ltr'>colenda</span> <span class='ocrx_word' id='word_1_455' title='bbox 817 3557 870 3614; x_wconf 88' lang='lat' dir='ltr'>cst</span> <span class='ocrx_word' id='word_1_456' title='bbox 892 3541 1048 3610; x_wconf 89' lang='lat' dir='ltr'>amicitia</span> <span class='ocrx_word' id='word_1_457' title='bbox 1100 3547 1212 3615; x_wconf 89' lang='lat' dir='ltr'>virtus</span> <span class='ocrx_word' id='word_1_458' title='bbox 1235 3546 1298 3628; x_wconf 84' lang='lat' dir='ltr'>sit,</span> <span class='ocrx_word' id='word_1_459' title='bbox 1322 3568 1462 3613; x_wconf 86' lang='lat' dir='ltr'>necesse</span> <span class='ocrx_word' id='word_1_460' title='bbox 1485 3555 1537 3612; x_wconf 89' lang='lat' dir='ltr'>est</span> <span class='ocrx_word' id='word_1_461' title='bbox 1560 3567 1657 3626; x_wconf 89' lang='lat' dir='ltr'>eam,</span> <span class='ocrx_word' id='word_1_462' title='bbox 1684 3557 1724 3613; x_wconf 89' lang='lat' dir='ltr'>ut</span> <span class='ocrx_word' id='word_1_463' title='bbox 1745 3556 1900 3614; x_wconf 88' lang='lat' dir='ltr'>caeteras</span> <span class='ocrx_word' id='word_1_464' title='bbox 1925 3544 2086 3625; x_wconf 80' lang='lat' dir='ltr'>virtutes,</span> 
     </span>
     <span class='ocr_line' id='line_1_34' title="bbox 69 3645 2085 3742; baseline -0.003 -24"><span class='ocrx_word' id='word_1_465' title='bbox 69 3647 206 3718; x_wconf 71' lang='lat' dir='ltr'>virtutis</span> <span class='ocrx_word' id='word_1_466' title='bbox 232 3673 356 3731; x_wconf 88' lang='lat' dir='ltr'>causa,</span> <span class='ocrx_word' id='word_1_467' title='bbox 389 3648 528 3718; x_wconf 91' lang='lat' dir='ltr'>etiamsi</span> <span class='ocrx_word' id='word_1_468' title='bbox 550 3651 648 3719; x_wconf 88' lang='lat' dir='ltr'>nulla</span> <span class='ocrx_word' id='word_1_469' title='bbox 673 3660 880 3742; x_wconf 87' lang='lat' dir='ltr'>sequeretur</span> <span class='ocrx_word' id='word_1_470' title='bbox 902 3645 1048 3726; x_wconf 87' lang='lat' dir='ltr'>utilitas,</span> <span class='ocrx_word' id='word_1_471' title='bbox 1099 3648 1213 3739; x_wconf 83' lang='lat' dir='ltr'>magis</span> <span class='ocrx_word' id='word_1_472' title='bbox 1243 3660 1391 3739; x_wconf 88' lang='lat' dir='ltr'>propter</span> <span class='ocrx_word' id='word_1_473' title='bbox 1414 3671 1449 3716; x_wconf 90' lang='lat' dir='ltr'>se</span> <span class='ocrx_word' id='word_1_474' title='bbox 1472 3645 1607 3736; x_wconf 91' lang='lat' dir='ltr'>ipsam,</span> <span class='ocrx_word' id='word_1_475' title='bbox 1650 3670 1758 3738; x_wconf 89' lang='lat' dir='ltr'>quam</span> <span class='ocrx_word' id='word_1_476' title='bbox 1790 3646 1953 3716; x_wconf 90' lang='lat' dir='ltr'>utilitatis</span> <span class='ocrx_word' id='word_1_477' title='bbox 1980 3670 2085 3716; x_wconf 65' lang='lat' dir='ltr'>cerusa</span> 
     </span>
     <span class='ocr_line' id='line_1_35' title="bbox 71 3746 2088 3844; baseline -0.001 -24"><span class='ocrx_word' id='word_1_478' title='bbox 71 3750 145 3843; x_wconf 77' lang='lat' dir='ltr'>qria</span> <span class='ocrx_word' id='word_1_479' title='bbox 169 3775 273 3820; x_wconf 89' lang='lat' dir='ltr'>mens</span> <span class='ocrx_word' id='word_1_480' title='bbox 293 3750 425 3820; x_wconf 90' lang='lat' dir='ltr'>iudicat</span> <span class='ocrx_word' id='word_1_481' title='bbox 445 3747 628 3820; x_wconf 89' lang='lat' dir='ltr'>homiuem</span> <span class='ocrx_word' id='word_1_482' title='bbox 652 3755 696 3820; x_wconf 93' lang='lat' dir='ltr'>ad</span> <span class='ocrx_word' id='word_1_483' title='bbox 724 3748 815 3819; x_wconf 88' lang='lat' dir='ltr'>banc</span> <span class='ocrx_word' id='word_1_484' title='bbox 845 3749 1048 3819; x_wconf 89' lang='lat' dir='ltr'>societatem</span> <span class='ocrx_word' id='word_1_485' title='bbox 1101 3751 1234 3843; x_wconf 83' lang='lat' dir='ltr'>expeti,</span> <span class='ocrx_word' id='word_1_486' title='bbox 1260 3751 1366 3844; x_wconf 88' lang='lat' dir='ltr'>idque</span> <span class='ocrx_word' id='word_1_487' title='bbox 1385 3746 1595 3819; x_wconf 88' lang='lat' dir='ltr'>Christianis</span> <span class='ocrx_word' id='word_1_488' title='bbox 1615 3748 1718 3817; x_wconf 85' lang='lat' dir='ltr'>facile</span> <span class='ocrx_word' id='word_1_489' title='bbox 1743 3761 1795 3817; x_wconf 86' lang='grc' dir='ltr'>εει</span> <span class='ocrx_word' id='word_1_490' title='bbox 1820 3748 1996 3833; x_wconf 91' lang='lat' dir='ltr'>iudicare,</span> <span class='ocrx_word' id='word_1_491' title='bbox 2026 3748 2088 3842; x_wconf 88' lang='lat' dir='ltr'>qui</span> 
     </span>
     <span class='ocr_line' id='line_1_36' title="bbox 73 3849 2088 3940; baseline -0.002 -19"><span class='ocrx_word' id='word_1_492' title='bbox 73 3854 249 3923; x_wconf 87' lang='lat' dir='ltr'>conditum</span> <span class='ocrx_word' id='word_1_493' title='bbox 266 3879 359 3938; x_wconf 87' lang='lat' dir='ltr'>esse,</span> <span class='ocrx_word' id='word_1_494' title='bbox 386 3866 421 3921; x_wconf 89' lang='grc' dir='ltr'>ει</span> <span class='ocrx_word' id='word_1_495' title='bbox 434 3855 603 3924; x_wconf 88' lang='lat' dir='ltr'>virtutem</span> <span class='ocrx_word' id='word_1_496' title='bbox 626 3879 698 3923; x_wconf 90' lang='lat' dir='ltr'>esse</span> <span class='ocrx_word' id='word_1_497' title='bbox 718 3850 864 3923; x_wconf 89' lang='lat' dir='ltr'>bomine</span> <span class='ocrx_word' id='word_1_498' title='bbox 890 3851 1048 3940; x_wconf 80' lang='lat' dir='ltr'>dignam,</span> <span class='ocrx_word' id='word_1_499' title='bbox 1100 3856 1216 3925; x_wconf 91' lang='lat' dir='ltr'>sciunt</span> <span class='ocrx_word' id='word_1_500' title='bbox 1243 3849 1331 3921; x_wconf 88' lang='lat' dir='ltr'>baec</span> <span class='ocrx_word' id='word_1_501' title='bbox 1364 3852 1476 3921; x_wconf 84' lang='lat' dir='ltr'>officia</span> <span class='ocrx_word' id='word_1_502' title='bbox 1505 3850 1686 3920; x_wconf 90' lang='lat' dir='ltr'>metienda</span> <span class='ocrx_word' id='word_1_503' title='bbox 1708 3876 1782 3921; x_wconf 89' lang='lat' dir='ltr'>esse</span> <span class='ocrx_word' id='word_1_504' title='bbox 1813 3853 1996 3922; x_wconf 89' lang='lat' dir='ltr'>voluntate</span> <span class='ocrx_word' id='word_1_505' title='bbox 2019 3849 2088 3919; x_wconf 86' lang='lat' dir='ltr'>Dei</span> 
     </span>
     <span class='ocr_line' id='line_1_37' title="bbox 72 3949 1517 4050; baseline -0.006 -25"><span class='ocrx_word' id='word_1_506' title='bbox 72 3956 180 4025; x_wconf 79' lang='lat' dir='ltr'>colere</span> <span class='ocrx_word' id='word_1_507' title='bbox 202 3951 292 4024; x_wconf 89' lang='lat' dir='ltr'>haec</span> <span class='ocrx_word' id='word_1_508' title='bbox 315 3957 458 4025; x_wconf 81' lang='lat' dir='ltr'>foedera</span> <span class='ocrx_word' id='word_1_509' title='bbox 481 3970 625 4026; x_wconf 89' lang='lat' dir='ltr'>mutuae</span> <span class='ocrx_word' id='word_1_510' title='bbox 653 3954 933 4024; x_wconf 82' lang='lat' dir='ltr'>benevolentiae.</span> <span class='ocrx_word' id='word_1_511' title='bbox 998 3949 1049 4018; x_wconf 81' lang='lat' dir='ltr'>dc</span> <span class='ocrx_word' id='word_1_512' title='bbox 1100 3958 1239 4050; x_wconf 81' lang='lat' dir='ltr'>potius,</span> <span class='ocrx_word' id='word_1_513' title='bbox 1266 3981 1374 4050; x_wconf 85' lang='lat' dir='ltr'>quam</span> <span class='ocrx_word' id='word_1_514' title='bbox 1389 3956 1517 4024; x_wconf 79' lang='lat' dir='ltr'>sumtu.</span> 
     </span>
     <span class='ocr_line' id='line_1_38' title="bbox 72 4055 1796 4202; baseline -0.005 -73"><span class='ocrx_word' id='word_1_515' title='bbox 72 4060 176 4129; x_wconf 77' lang='lat' dir='ltr'>mlta</span> <span class='ocrx_word' id='word_1_516' title='bbox 199 4059 286 4129; x_wconf 87' lang='lat' dir='ltr'>satis</span> <span class='ocrx_word' id='word_1_517' title='bbox 308 4060 495 4150; x_wconf 89' lang='lat' dir='ltr'>perspicua</span> <span class='ocrx_word' id='word_1_518' title='bbox 524 4059 652 4128; x_wconf 90' lang='lat' dir='ltr'>iudicia</span> <span class='ocrx_word' id='word_1_519' title='bbox 681 4055 868 4127; x_wconf 89' lang='lat' dir='ltr'>hominum</span> <span class='ocrx_word' id='word_1_520' title='bbox 899 4066 1047 4122; x_wconf 87' lang='lat' dir='ltr'>naturae</span> <span class='ocrx_word' id='word_1_521' title='bbox 1391 4111 1462 4192; x_wconf 46' lang='grc' dir='ltr'>ραι.</span> <span class='ocrx_word' id='word_1_522' title='bbox 1487 4113 1576 4179; x_wconf 78' lang='lat' dir='ltr'>tuni</span> <span class='ocrx_word' id='word_1_523' title='bbox 1604 4100 1796 4202; x_wconf 43' lang='lat' dir='ltr'>effectus?</span> 
     </span>
    </p>
   </div>
   <div class='ocr_carea' id='block_1_5' title="bbox 73 4158 2087 4347">
    <p class='ocr_par' dir='ltr' id='par_1_5' title="bbox 73 4158 2087 4347">
     <span class='ocr_line' id='line_1_39' title="bbox 73 4158 2069 4258; baseline 0.006 -31"><span class='ocrx_word' id='word_1_524' title='bbox 73 4158 238 4253; x_wconf 86' lang='lat' dir='ltr'>impressa</span> <span class='ocrx_word' id='word_1_525' title='bbox 253 4174 356 4244; x_wconf 90' lang='lat' dir='ltr'>sunt,</span> <span class='ocrx_word' id='word_1_526' title='bbox 382 4187 472 4254; x_wconf 87' lang='lat' dir='ltr'>quae</span> <span class='ocrx_word' id='word_1_527' title='bbox 489 4175 663 4231; x_wconf 87' lang='lat' dir='ltr'>testantur</span> <span class='ocrx_word' id='word_1_528' title='bbox 678 4160 851 4228; x_wconf 87' lang='lat' dir='ltr'>amicitias</span> <span class='ocrx_word' id='word_1_529' title='bbox 873 4181 948 4224; x_wconf 91' lang='lat' dir='ltr'>non</span> <span class='ocrx_word' id='word_1_530' title='bbox 971 4169 1049 4223; x_wconf 90' lang='lat' dir='ltr'>tan-</span> <span class='ocrx_word' id='word_1_531' title='bbox 1269 4241 1277 4258; x_wconf 45' lang='lat'><strong>·</strong></span> <span class='ocrx_word' id='word_1_532' title='bbox 1432 4241 1439 4256; x_wconf 34' lang='grc' dir='ltr'>ι</span> <span class='ocrx_word' id='word_1_533' title='bbox 1468 4242 1476 4256; x_wconf 89' lang='lat'>.</span> <span class='ocrx_word' id='word_1_534' title='bbox 1833 4236 1842 4250; x_wconf 70' lang='lat'>,</span> <span class='ocrx_word' id='word_1_535' title='bbox 1973 4232 1981 4249; x_wconf 83' lang='lat'>,</span> <span class='ocrx_word' id='word_1_536' title='bbox 2061 4232 2069 4248; x_wconf 83' lang='lat'>,</span> 
     </span>
     <span class='ocr_line' id='line_1_40' title="bbox 73 4242 2087 4347; baseline 0.001 -17"><span class='ocrx_word' id='word_1_537' title='bbox 73 4273 140 4331; x_wconf 87' lang='lat' dir='ltr'>tum</span> <span class='ocrx_word' id='word_1_538' title='bbox 173 4263 358 4347; x_wconf 88' lang='lat' dir='ltr'>utilitatis,</span> <span class='ocrx_word' id='word_1_539' title='bbox 399 4267 460 4332; x_wconf 90' lang='lat' dir='ltr'>sed</span> <span class='ocrx_word' id='word_1_540' title='bbox 487 4264 627 4335; x_wconf 79' lang='lat' dir='ltr'>virtutis</span> <span class='ocrx_word' id='word_1_541' title='bbox 650 4288 753 4332; x_wconf 88' lang='lat' dir='ltr'>causa</span> <span class='ocrx_word' id='word_1_542' title='bbox 777 4262 943 4330; x_wconf 86' lang='lat' dir='ltr'>colendas</span> <span class='ocrx_word' id='word_1_543' title='bbox 964 4282 1049 4338; x_wconf 87' lang='lat' dir='ltr'>esse,</span> <span class='ocrx_word' id='word_1_544' title='bbox 1203 4242 1300 4326; x_wconf 68' lang='grc' dir='ltr'>Εῑὸῑ,</span> <span class='ocrx_word' id='word_1_545' title='bbox 1342 4254 1382 4309; x_wconf 73' lang='lat' dir='ltr'>Ui</span> <span class='ocrx_word' id='word_1_546' title='bbox 1404 4243 1497 4325; x_wconf 67' lang='lat' dir='ltr'>dffl,</span> <span class='ocrx_word' id='word_1_547' title='bbox 1537 4253 1693 4309; x_wconf 66' lang='lat' dir='ltr'>³¹¹¹¹⁰¹l¹³</span> <span class='ocrx_word' id='word_1_548' title='bbox 1724 4259 1913 4328; x_wconf 64' lang='lat' dir='ltr'>Psaec&#39;Pue</span> <span class='ocrx_word' id='word_1_549' title='bbox 1946 4244 2087 4303; x_wconf 59' lang='lat' dir='ltr'>V¹ri¹¹¹¹⁵</span> 
     </span>
    </p>
   </div>
   <div class='ocr_carea' id='block_1_6' title="bbox 10 4335 2090 4867">
    <p class='ocr_par' dir='ltr' id='par_1_6' title="bbox 10 4335 2090 4867">
     <span class='ocr_line' id='line_1_41' title="bbox 74 4335 2088 4460; baseline -0.003 -27"><span class='ocrx_word' id='word_1_550' title='bbox 74 4358 133 4434; x_wconf 85' lang='lat' dir='ltr'>boc</span> <span class='ocrx_word' id='word_1_551' title='bbox 149 4380 223 4450; x_wconf 88' lang='lat' dir='ltr'>est,</span> <span class='ocrx_word' id='word_1_552' title='bbox 250 4378 440 4457; x_wconf 87' lang='lat' dir='ltr'>propterea</span> <span class='ocrx_word' id='word_1_553' title='bbox 467 4368 564 4460; x_wconf 92' lang='lat' dir='ltr'>quod</span> <span class='ocrx_word' id='word_1_554' title='bbox 586 4380 712 4435; x_wconf 90' lang='lat' dir='ltr'>natura</span> <span class='ocrx_word' id='word_1_555' title='bbox 737 4390 804 4434; x_wconf 90' lang='lat' dir='ltr'>nos</span> <span class='ocrx_word' id='word_1_556' title='bbox 824 4359 913 4431; x_wconf 88' lang='lat' dir='ltr'>haec</span> <span class='ocrx_word' id='word_1_557' title='bbox 934 4359 1047 4428; x_wconf 82' lang='lat' dir='ltr'>officia</span> <span class='ocrx_word' id='word_1_558' title='bbox 1102 4369 1205 4416; x_wconf 57' lang='lat' dir='ltr'>0³1³ss</span> <span class='ocrx_word' id='word_1_559' title='bbox 1233 4345 1349 4435; x_wconf 65' lang='lat' dir='ltr'>expeti</span> <span class='ocrx_word' id='word_1_560' title='bbox 1373 4344 1495 4427; x_wconf 64' lang='lat' dir='ltr'>debet,</span> <span class='ocrx_word' id='word_1_561' title='bbox 1534 4356 1655 4458; x_wconf 62' lang='lat'><em>1³¹¹}‘311</em></span> <span class='ocrx_word' id='word_1_562' title='bbox 1680 4340 1849 4457; x_wconf 52' lang='lat' dir='ltr'>utillime?</span> <span class='ocrx_word' id='word_1_563' title='bbox 1873 4363 1951 4455; x_wconf 49' lang='lat'>²³¹?</span> <span class='ocrx_word' id='word_1_564' title='bbox 1977 4335 2088 4454; x_wconf 63' lang='lat' dir='ltr'>Plufl·</span> 
     </span>
     <span class='ocr_line' id='line_1_42' title="bbox 75 4441 2087 4558; baseline -0.007 -22"><span class='ocrx_word' id='word_1_565' title='bbox 75 4468 179 4538; x_wconf 83' lang='lat' dir='ltr'>docet.</span> <span class='ocrx_word' id='word_1_566' title='bbox 234 4469 404 4537; x_wconf 86' lang='lat' dir='ltr'>Parentes</span> <span class='ocrx_word' id='word_1_567' title='bbox 419 4468 513 4539; x_wconf 91' lang='lat' dir='ltr'>enim</span> <span class='ocrx_word' id='word_1_568' title='bbox 538 4472 583 4537; x_wconf 92' lang='lat' dir='ltr'>ad</span> <span class='ocrx_word' id='word_1_569' title='bbox 604 4468 802 4558; x_wconf 88' lang='lat' dir='ltr'>diligendos</span> <span class='ocrx_word' id='word_1_570' title='bbox 822 4466 953 4534; x_wconf 88' lang='lat' dir='ltr'>liberos</span> <span class='ocrx_word' id='word_1_571' title='bbox 973 4486 1050 4529; x_wconf 87' lang='lat' dir='ltr'>mu-</span> <span class='ocrx_word' id='word_1_572' title='bbox 1102 4475 1180 4517; x_wconf 90' lang='lat' dir='ltr'>mae</span> <span class='ocrx_word' id='word_1_573' title='bbox 1197 4459 1413 4541; x_wconf 59' lang='lat' dir='ltr'>sequuntur,</span> <span class='ocrx_word' id='word_1_574' title='bbox 1437 4471 1521 4513; x_wconf 72' lang='lat' dir='ltr'>11³1ss</span> <span class='ocrx_word' id='word_1_575' title='bbox 1539 4457 1632 4514; x_wconf 66' lang='lat' dir='ltr'>111¹ss</span> <span class='ocrx_word' id='word_1_576' title='bbox 1649 4441 2013 4557; x_wconf 77' lang='lat' dir='ltr'>caeterisvrrtutrbus,</span> <span class='ocrx_word' id='word_1_577' title='bbox 2037 4450 2087 4507; x_wconf 63' lang='grc' dir='ltr'><strong>Μ</strong></span> 
     </span>
     <span class='ocr_line' id='line_1_43' title="bbox 77 4540 2087 4661; baseline -0.006 -40"><span class='ocrx_word' id='word_1_578' title='bbox 77 4585 196 4640; x_wconf 60' lang='lat' dir='ltr'>immi·</span> <span class='ocrx_word' id='word_1_579' title='bbox 218 4594 296 4638; x_wconf 66' lang='lat'>„011</span> <span class='ocrx_word' id='word_1_580' title='bbox 319 4570 491 4654; x_wconf 58' lang='lat' dir='ltr'>utilitate,</span> <span class='ocrx_word' id='word_1_581' title='bbox 530 4572 591 4640; x_wconf 65' lang='lat' dir='ltr'>sed</span> <span class='ocrx_word' id='word_1_582' title='bbox 610 4571 740 4640; x_wconf 60' lang='lat' dir='ltr'>iudicii,</span> <span class='ocrx_word' id='word_1_583' title='bbox 763 4583 797 4639; x_wconf 69' lang='lat' dir='ltr'>ei</span> <span class='ocrx_word' id='word_1_584' title='bbox 820 4565 1049 4636; x_wconf 65' lang='lat' dir='ltr'>inclinatione</span> <span class='ocrx_word' id='word_1_585' title='bbox 1102 4549 1160 4622; x_wconf 85' lang='lat' dir='ltr'>hic</span> <span class='ocrx_word' id='word_1_586' title='bbox 1177 4575 1320 4645; x_wconf 88' lang='lat' dir='ltr'>quoque</span> <span class='ocrx_word' id='word_1_587' title='bbox 1337 4545 1503 4617; x_wconf 88' lang='lat' dir='ltr'>honestas</span> <span class='ocrx_word' id='word_1_588' title='bbox 1519 4547 1614 4639; x_wconf 90' lang='lat' dir='ltr'>parit</span> <span class='ocrx_word' id='word_1_589' title='bbox 1627 4544 1817 4615; x_wconf 87' lang='lat' dir='ltr'>utilitatem</span> <span class='ocrx_word' id='word_1_590' title='bbox 1827 4597 1846 4661; x_wconf 35' lang='grc' dir='ltr'>,ο</span> <span class='ocrx_word' id='word_1_591' title='bbox 1864 4545 1925 4614; x_wconf 90' lang='lat' dir='ltr'>sed</span> <span class='ocrx_word' id='word_1_592' title='bbox 1942 4567 2001 4610; x_wconf 78' lang='lat' dir='ltr'>vus</span> <span class='ocrx_word' id='word_1_593' title='bbox 2015 4540 2087 4610; x_wconf 92' lang='lat' dir='ltr'>ulla</span> 
     </span>
     <span class='ocr_line' id='line_1_44' title="bbox 10 4646 2090 4763; baseline -0.005 -23"><span class='ocrx_word' id='word_1_594' title='bbox 10 4713 12 4721; x_wconf 30' lang='lat' dir='ltr'><strong><em>J</em></strong></span> <span class='ocrx_word' id='word_1_595' title='bbox 76 4685 236 4756; x_wconf 74' lang='lat' dir='ltr'>naturae,</span> <span class='ocrx_word' id='word_1_596' title='bbox 269 4697 311 4741; x_wconf 81' lang='lat' dir='ltr'>ae</span> <span class='ocrx_word' id='word_1_597' title='bbox 336 4674 392 4740; x_wconf 79' lang='lat' dir='ltr'>vel</span> <span class='ocrx_word' id='word_1_598' title='bbox 411 4673 565 4741; x_wconf 78' lang='lat' dir='ltr'>maxime</span> <span class='ocrx_word' id='word_1_599' title='bbox 591 4674 701 4742; x_wconf 79' lang='lat' dir='ltr'>exerit</span> <span class='ocrx_word' id='word_1_600' title='bbox 723 4699 759 4744; x_wconf 80' lang='lat' dir='ltr'>se</span> <span class='ocrx_word' id='word_1_601' title='bbox 783 4672 836 4741; x_wconf 83' lang='lat' dir='ltr'>vis</span> <span class='ocrx_word' id='word_1_602' title='bbox 859 4668 991 4738; x_wconf 81' lang='lat' dir='ltr'>amoris</span> <span class='ocrx_word' id='word_1_603' title='bbox 1014 4667 1051 4733; x_wconf 88' lang='lat' dir='ltr'>in</span> <span class='ocrx_word' id='word_1_604' title='bbox 1103 4656 1214 4723; x_wconf 86' lang='lat' dir='ltr'>virtus</span> <span class='ocrx_word' id='word_1_605' title='bbox 1237 4649 1451 4722; x_wconf 79' lang='lat' dir='ltr'>fructuosior</span> <span class='ocrx_word' id='word_1_606' title='bbox 1477 4663 1548 4733; x_wconf 83' lang='lat' dir='ltr'>est,</span> <span class='ocrx_word' id='word_1_607' title='bbox 1580 4674 1688 4743; x_wconf 82' lang='lat' dir='ltr'>quam</span> <span class='ocrx_word' id='word_1_608' title='bbox 1714 4646 1890 4729; x_wconf 66' lang='lat' dir='ltr'>amicius,</span> <span class='ocrx_word' id='word_1_609' title='bbox 1917 4669 2027 4763; x_wconf 72' lang='lat' dir='ltr'>quare</span> <span class='ocrx_word' id='word_1_610' title='bbox 2054 4656 2090 4712; x_wconf 81' lang='lat' dir='ltr'>et</span> 
     </span>
     <span class='ocr_line' id='line_1_45' title="bbox 10 4750 2089 4867; baseline -0.012 -26"><span class='ocrx_word' id='word_1_611' title='bbox 10 4768 13 4855; x_wconf 68' lang='lat' dir='ltr'>J</span> <span class='ocrx_word' id='word_1_612' title='bbox 76 4772 264 4846; x_wconf 59' lang='lat' dir='ltr'>Eurorum</span> <span class='ocrx_word' id='word_1_613' title='bbox 284 4774 553 4858; x_wconf 87' lang='lat' dir='ltr'>calamitatibus,</span> <span class='ocrx_word' id='word_1_614' title='bbox 579 4800 659 4845; x_wconf 89' lang='lat' dir='ltr'>cum</span> <span class='ocrx_word' id='word_1_615' title='bbox 673 4789 838 4867; x_wconf 83' lang='lat' dir='ltr'>parentes</span> <span class='ocrx_word' id='word_1_616' title='bbox 851 4796 967 4865; x_wconf 88' lang='lat' dir='ltr'>neque</span> <span class='ocrx_word' id='word_1_617' title='bbox 982 4769 1051 4838; x_wconf 90' lang='lat' dir='ltr'>uti·</span> <span class='ocrx_word' id='word_1_618' title='bbox 1104 4756 1215 4826; x_wconf 80' lang='lat' dir='ltr'>veteri</span> <span class='ocrx_word' id='word_1_619' title='bbox 1230 4752 1421 4847; x_wconf 87' lang='lat' dir='ltr'>proverbio</span> <span class='ocrx_word' id='word_1_620' title='bbox 1437 4751 1571 4822; x_wconf 90' lang='lat' dir='ltr'>dictum</span> <span class='ocrx_word' id='word_1_621' title='bbox 1589 4766 1658 4837; x_wconf 89' lang='grc' dir='ltr'><strong>εει,</strong></span> <span class='ocrx_word' id='word_1_622' title='bbox 1684 4750 1817 4822; x_wconf 86' lang='lat' dir='ltr'>amicos</span> <span class='ocrx_word' id='word_1_623' title='bbox 1835 4773 1948 4839; x_wconf 75' lang='lat' dir='ltr'>magas</span> <span class='ocrx_word' id='word_1_624' title='bbox 1970 4770 2089 4816; x_wconf 87' lang='lat' dir='ltr'>neces-</span> 
     </span>
    </p>
   </div>
   <div class='ocr_carea' id='block_1_7' title="bbox 1105 4880 1311 4895">
    <p class='ocr_par' dir='ltr' id='par_1_7' title="bbox 1105 4880 1311 4895">
     <span class='ocr_line' id='line_1_46' title="bbox 1105 4880 1311 4895; baseline 0 0"><span class='ocrx_word' id='word_1_625' title='bbox 1105 4880 1311 4895; x_wconf 73' lang='lat'>—-—-</span> 
     </span>
    </p>
   </div>
   <div class='ocr_carea' id='block_1_8' title="bbox 78 4872 2090 4984">
    <p class='ocr_par' dir='ltr' id='par_1_8' title="bbox 78 4872 2090 4984">
     <span class='ocr_line' id='line_1_47' title="bbox 78 4872 2090 4984; baseline -0.006 -37"><span class='ocrx_word' id='word_1_626' title='bbox 78 4872 204 4947; x_wconf 77' lang='lat' dir='ltr'>litatem</span> <span class='ocrx_word' id='word_1_627' title='bbox 228 4902 346 4970; x_wconf 89' lang='lat' dir='ltr'>neque</span> <span class='ocrx_word' id='word_1_628' title='bbox 370 4877 589 4968; x_wconf 90' lang='lat' dir='ltr'>voluptatem</span> <span class='ocrx_word' id='word_1_629' title='bbox 614 4903 738 4969; x_wconf 85' lang='lat' dir='ltr'>capere</span> <span class='ocrx_word' id='word_1_630' title='bbox 767 4879 877 4948; x_wconf 91' lang='lat' dir='ltr'>ullam</span> <span class='ocrx_word' id='word_1_631' title='bbox 911 4899 954 4943; x_wconf 80' lang='lat' dir='ltr'>ex</span> <span class='ocrx_word' id='word_1_632' title='bbox 982 4872 1052 4939; x_wconf 90' lang='lat' dir='ltr'>illis</span> <span class='ocrx_word' id='word_1_633' title='bbox 1142 4929 1152 4976; x_wconf 64' lang='grc'>1</span> <span class='ocrx_word' id='word_1_634' title='bbox 1157 4931 1188 4984; x_wconf 82' lang='lat'>⁴)</span> <span class='ocrx_word' id='word_1_635' title='bbox 1206 4926 1247 4975; x_wconf 60' lang='lat' dir='ltr'>Ro</span> <span class='ocrx_word' id='word_1_636' title='bbox 1248 4938 1283 4973; x_wconf 31' lang='lat' dir='ltr'>m,</span> <span class='ocrx_word' id='word_1_637' title='bbox 1296 4923 1353 4984; x_wconf 77' lang='lat'>¹2]</span> <span class='ocrx_word' id='word_1_638' title='bbox 1368 4921 1453 4972; x_wconf 41' lang='lat' dir='ltr'>mm·</span> <span class='ocrx_word' id='word_1_639' title='bbox 1469 4921 1544 4971; x_wconf 62' lang='grc' dir='ltr'><strong>Μ</strong></span> <span class='ocrx_word' id='word_1_640' title='bbox 1557 4921 1587 4968; x_wconf 75' lang='lat' dir='ltr'>et</span> <span class='ocrx_word' id='word_1_641' title='bbox 1601 4917 1675 4967; x_wconf 41' lang='grc' dir='ltr'>Μ.</span> <span class='ocrx_word' id='word_1_642' title='bbox 1689 4917 1776 4968; x_wconf 49' lang='lat' dir='ltr'>mm:</span> <span class='ocrx_word' id='word_1_643' title='bbox 1793 4917 1873 4966; x_wconf 44' lang='lat' dir='ltr'><strong>Rom·</strong></span> <span class='ocrx_word' id='word_1_644' title='bbox 1886 4911 1927 4964; x_wconf 45' lang='lat'>¹3·</span> <span class='ocrx_word' id='word_1_645' title='bbox 1944 4936 1979 4950; x_wconf 71' lang='grc'>,,</span> <span class='ocrx_word' id='word_1_646' title='bbox 1995 4912 2090 4963; x_wconf 57' lang='grc' dir='ltr'>Μ.</span> 
     </span>
    </p>
   </div>
   <div class='ocr_carea' id='block_1_9' title="bbox 10 4973 1762 5077">
    <p class='ocr_par' dir='ltr' id='par_1_9' title="bbox 10 4973 1762 5077">
     <span class='ocr_line' id='line_1_48' title="bbox 10 4973 1762 5077; baseline -0.009 -24"><span class='ocrx_word' id='word_1_647' title='bbox 10 4982 12 4993; x_wconf 50' lang='lat'>¹</span> <span class='ocrx_word' id='word_1_648' title='bbox 82 4981 215 5071; x_wconf 56' lang='lat' dir='ltr'>mini.</span> <span class='ocrx_word' id='word_1_649' title='bbox 267 4979 336 5049; x_wconf 75' lang='lat' dir='ltr'>ilic</span> <span class='ocrx_word' id='word_1_650' title='bbox 359 4980 503 5049; x_wconf 77' lang='lat' dir='ltr'>affectus</span> <span class='ocrx_word' id='word_1_651' title='bbox 526 4994 674 5049; x_wconf 69' lang='lat' dir='ltr'>vocatur</span> <span class='ocrx_word' id='word_1_652' title='bbox 697 4973 958 5077; x_wconf 67' lang='grc' dir='ltr'>φιλοστοργία,</span> <span class='ocrx_word' id='word_1_653' title='bbox 986 4986 1053 5044; x_wconf 77' lang='lat' dir='ltr'>esi·</span> <span class='ocrx_word' id='word_1_654' title='bbox 1173 4994 1250 5045; x_wconf 83' lang='lat' dir='ltr'>Pautt</span> <span class='ocrx_word' id='word_1_655' title='bbox 1268 4996 1347 5042; x_wconf 78' lang='lat' dir='ltr'>runt:</span> <span class='ocrx_word' id='word_1_656' title='bbox 1371 4992 1409 5049; x_wconf 78' lang='grc' dir='ltr'><strong>εις</strong></span> <span class='ocrx_word' id='word_1_657' title='bbox 1425 4984 1557 5051; x_wconf 71' lang='grc' dir='ltr'>ἀλλήλους</span> <span class='ocrx_word' id='word_1_658' title='bbox 1574 4980 1762 5054; x_wconf 73' lang='grc' dir='ltr'>φιλόστοργοι.</span> 
     </span>
    </p>
   </div>
   <div class='ocr_carea' id='block_1_10' title="bbox 85 5050 2088 5193">
    <p class='ocr_par' dir='ltr' id='par_1_10' title="bbox 85 5050 2088 5193">
     <span class='ocr_line' id='line_1_49' title="bbox 85 5050 2088 5193; baseline -0.004 -41"><span class='ocrx_word' id='word_1_659' title='bbox 85 5106 139 5175; x_wconf 71' lang='lat' dir='ltr'>que</span> <span class='ocrx_word' id='word_1_660' title='bbox 160 5108 238 5153; x_wconf 89' lang='lat' dir='ltr'>non</span> <span class='ocrx_word' id='word_1_661' title='bbox 260 5083 378 5154; x_wconf 91' lang='lat' dir='ltr'>solum</span> <span class='ocrx_word' id='word_1_662' title='bbox 400 5083 440 5150; x_wconf 89' lang='lat' dir='ltr'>in</span> <span class='ocrx_word' id='word_1_663' title='bbox 448 5081 494 5178; x_wconf 68' lang='grc'>13)</span> <span class='ocrx_word' id='word_1_664' title='bbox 516 5082 616 5152; x_wconf 88' lang='lat' dir='ltr'>libris</span> <span class='ocrx_word' id='word_1_665' title='bbox 636 5078 953 5174; x_wconf 89' lang='lat' dir='ltr'>pbilosophorum,</span> <span class='ocrx_word' id='word_1_666' title='bbox 992 5077 1054 5146; x_wconf 89' lang='lat' dir='ltr'>sed</span> <span class='ocrx_word' id='word_1_667' title='bbox 1140 5061 1448 5193; x_wconf 39' lang='grc' dir='ltr'>Ῑὸζῶξαξιῗᾙξῑ</span> <span class='ocrx_word' id='word_1_668' title='bbox 1467 5061 1501 5110; x_wconf 81' lang='lat'>¹¹·</span> <span class='ocrx_word' id='word_1_669' title='bbox 1519 5057 1611 5120; x_wconf 49' lang='lat' dir='ltr'>‘mih&#39;</span> <span class='ocrx_word' id='word_1_670' title='bbox 1629 5056 1659 5108; x_wconf 56' lang='grc' dir='ltr'>Τ·</span> <span class='ocrx_word' id='word_1_671' title='bbox 1673 5055 1707 5105; x_wconf 86' lang='lat'>¹¹·</span> <span class='ocrx_word' id='word_1_672' title='bbox 1725 5052 1910 5119; x_wconf 53' lang='lat'>&#39;’⁷⁴⁰³&#39;&#39;</span> <span class='ocrx_word' id='word_1_673' title='bbox 1927 5050 2088 5114; x_wconf 58' lang='lat' dir='ltr'>‘mim&#39;</span> 
     </span>
    </p>
   </div>
   <div class='ocr_carea' id='block_1_11' title="bbox 10 5188 2094 5401">
    <p class='ocr_par' dir='ltr' id='par_1_11' title="bbox 10 5188 2094 5401">
     <span class='ocr_line' id='line_1_50' title="bbox 10 5188 1835 5261; baseline -0.017 11"><span class='ocrx_word' id='word_1_674' title='bbox 10 5208 17 5237; x_wconf 89' lang='lat'>&#39;</span> <span class='ocrx_word' id='word_1_675' title='bbox 87 5236 276 5257; x_wconf 81' lang='lat'>—--</span> <span class='ocrx_word' id='word_1_676' title='bbox 1142 5201 1189 5261; x_wconf 76' lang='lat' dir='ltr'>as)</span> <span class='ocrx_word' id='word_1_677' title='bbox 1208 5192 1238 5260; x_wconf 80' lang='lat' dir='ltr'>i]</span> <span class='ocrx_word' id='word_1_678' title='bbox 1256 5199 1340 5250; x_wconf 75' lang='lat' dir='ltr'>ratu.</span> <span class='ocrx_word' id='word_1_679' title='bbox 1358 5200 1429 5261; x_wconf 70' lang='lat' dir='ltr'>rin</span> <span class='ocrx_word' id='word_1_680' title='bbox 1450 5193 1527 5249; x_wconf 74' lang='lat' dir='ltr'>asco.</span> <span class='ocrx_word' id='word_1_681' title='bbox 1546 5196 1574 5243; x_wconf 79' lang='lat' dir='ltr'>u</span> <span class='ocrx_word' id='word_1_682' title='bbox 1593 5191 1668 5243; x_wconf 74' lang='lat' dir='ltr'>asse.</span> <span class='ocrx_word' id='word_1_683' title='bbox 1686 5191 1776 5243; x_wconf 68' lang='lat' dir='ltr'>mm</span> <span class='ocrx_word' id='word_1_684' title='bbox 1802 5188 1835 5241; x_wconf 80' lang='lat' dir='ltr'>u.</span> 
     </span>
     <span class='ocr_line' id='line_1_51' title="bbox 1142 5246 2093 5329; baseline -0.02 -9"><span class='ocrx_word' id='word_1_685' title='bbox 1142 5269 1189 5329; x_wconf 82' lang='grc'>17)</span> <span class='ocrx_word' id='word_1_686' title='bbox 1207 5269 1245 5317; x_wconf 72' lang='lat' dir='ltr'>aa}</span> <span class='ocrx_word' id='word_1_687' title='bbox 1267 5264 1418 5318; x_wconf 74' lang='grc' dir='ltr'>δέσποιναν</span> <span class='ocrx_word' id='word_1_688' title='bbox 1434 5257 1527 5314; x_wconf 71' lang='grc' dir='ltr'><em>αὐτῶν</em></span> <span class='ocrx_word' id='word_1_689' title='bbox 1543 5255 1630 5324; x_wconf 69' lang='grc' dir='ltr'><em>αὐτὴν</em></span> <span class='ocrx_word' id='word_1_690' title='bbox 1646 5246 1750 5321; x_wconf 72' lang='grc' dir='ltr'>οὖσαν]</span> <span class='ocrx_word' id='word_1_691' title='bbox 1767 5259 1808 5309; x_wconf 78' lang='lat' dir='ltr'>rto</span> <span class='ocrx_word' id='word_1_692' title='bbox 1820 5256 1909 5311; x_wconf 24' lang='lat' dir='ltr'>,ratu</span> <span class='ocrx_word' id='word_1_693' title='bbox 1928 5253 2000 5315; x_wconf 73' lang='lat' dir='ltr'>rapit.</span> <span class='ocrx_word' id='word_1_694' title='bbox 2018 5252 2093 5302; x_wconf 78' lang='lat' dir='ltr'>taso</span> 
     </span>
     <span class='ocr_line' id='line_1_52' title="bbox 114 5315 2094 5401; baseline -0.02 8"><span class='ocrx_word' id='word_1_695' title='bbox 114 5316 153 5385; x_wconf 71' lang='lat'>¹¹)</span> <span class='ocrx_word' id='word_1_696' title='bbox 168 5319 255 5385; x_wconf 56' lang='grc' dir='ltr'>Ψ]</span> <span class='ocrx_word' id='word_1_697' title='bbox 273 5315 316 5367; x_wconf 62' lang='lat'>&#39;¹⁰</span> <span class='ocrx_word' id='word_1_698' title='bbox 332 5315 384 5368; x_wconf 62' lang='grc' dir='ltr'>Μ’</span> <span class='ocrx_word' id='word_1_699' title='bbox 401 5315 495 5381; x_wconf 49' lang='lat'>¹³⁴⁶&amp;</span> <span class='ocrx_word' id='word_1_700' title='bbox 520 5315 569 5368; x_wconf 63' lang='lat' dir='ltr'>m·</span> <span class='ocrx_word' id='word_1_701' title='bbox 590 5315 664 5365; x_wconf 69' lang='lat'><strong>¹⁵⁴⁰·</strong></span> <span class='ocrx_word' id='word_1_702' title='bbox 682 5319 794 5379; x_wconf 50' lang='grc' dir='ltr'>ΨΜ·</span> <span class='ocrx_word' id='word_1_703' title='bbox 812 5324 926 5365; x_wconf 61' lang='lat' dir='ltr'>fflm‘</span> <span class='ocrx_word' id='word_1_704' title='bbox 944 5322 1021 5377; x_wconf 65' lang='lat'>“3⁰⁸</span> <span class='ocrx_word' id='word_1_705' title='bbox 1177 5342 1205 5390; x_wconf 85' lang='lat' dir='ltr'>et</span> <span class='ocrx_word' id='word_1_706' title='bbox 1224 5316 1316 5401; x_wconf 49' lang='lat' dir='ltr'>iustu</span> <span class='ocrx_word' id='word_1_707' title='bbox 1346 5336 1471 5388; x_wconf 79' lang='lat' dir='ltr'>Platontr</span> <span class='ocrx_word' id='word_1_708' title='bbox 1497 5333 1583 5381; x_wconf 78' lang='lat' dir='ltr'>verus</span> <span class='ocrx_word' id='word_1_709' title='bbox 1600 5329 1719 5394; x_wconf 77' lang='lat' dir='ltr'>gerulus</span> <span class='ocrx_word' id='word_1_710' title='bbox 1735 5331 1801 5379; x_wconf 77' lang='lat' dir='ltr'>aaut</span> <span class='ocrx_word' id='word_1_711' title='bbox 1817 5329 1900 5376; x_wconf 71' lang='lat' dir='ltr'>bees:</span> <span class='ocrx_word' id='word_1_712' title='bbox 1927 5319 1966 5388; x_wconf 75' lang='lat' dir='ltr'>ai</span> <span class='ocrx_word' id='word_1_713' title='bbox 1982 5316 2030 5370; x_wconf 75' lang='lat' dir='ltr'>sal</span> <span class='ocrx_word' id='word_1_714' title='bbox 2046 5316 2094 5373; x_wconf 76' lang='lat' dir='ltr'>tt·</span> 
     </span>
    </p>
   </div>
   <div class='ocr_carea' id='block_1_12' title="bbox 94 5386 2042 5573">
    <p class='ocr_par' dir='ltr' id='par_1_12' title="bbox 94 5386 2042 5573">
     <span class='ocr_line' id='line_1_53' title="bbox 114 5386 2042 5483; baseline -0.019 -2"><span class='ocrx_word' id='word_1_715' title='bbox 114 5420 157 5480; x_wconf 57' lang='grc' dir='ltr'>Β)</span> <span class='ocrx_word' id='word_1_716' title='bbox 169 5422 216 5483; x_wconf 75' lang='grc' dir='ltr'>ιι]</span> <span class='ocrx_word' id='word_1_717' title='bbox 232 5421 277 5472; x_wconf 76' lang='lat' dir='ltr'>rte</span> <span class='ocrx_word' id='word_1_718' title='bbox 294 5418 346 5473; x_wconf 76' lang='grc' dir='ltr'>Ιι.</span> <span class='ocrx_word' id='word_1_719' title='bbox 365 5419 457 5483; x_wconf 67' lang='grc' dir='ltr'><strong>ιιιας</strong></span> <span class='ocrx_word' id='word_1_720' title='bbox 484 5418 512 5468; x_wconf 86' lang='lat' dir='ltr'>ln</span> <span class='ocrx_word' id='word_1_721' title='bbox 529 5418 579 5468; x_wconf 78' lang='lat' dir='ltr'>lta.</span> <span class='ocrx_word' id='word_1_722' title='bbox 600 5417 674 5469; x_wconf 74' lang='grc' dir='ltr'><strong>ιιιι.</strong></span> <span class='ocrx_word' id='word_1_723' title='bbox 692 5417 834 5470; x_wconf 62' lang='lat' dir='ltr'>omasum.</span> <span class='ocrx_word' id='word_1_724' title='bbox 1177 5421 1314 5471; x_wconf 78' lang='grc' dir='ltr'>σποιναν,</span> <span class='ocrx_word' id='word_1_725' title='bbox 1332 5402 1400 5457; x_wconf 72' lang='grc' dir='ltr'><strong>θεὸν</strong></span> <span class='ocrx_word' id='word_1_726' title='bbox 1417 5386 1631 5464; x_wconf 68' lang='lat' dir='ltr'>adciscitur,</span> <span class='ocrx_word' id='word_1_727' title='bbox 1653 5397 1765 5461; x_wconf 70' lang='grc' dir='ltr'>θνητῶν</span> <span class='ocrx_word' id='word_1_728' title='bbox 1783 5391 1872 5446; x_wconf 77' lang='grc' dir='ltr'><strong><em>ὄντων</em></strong></span> <span class='ocrx_word' id='word_1_729' title='bbox 1887 5387 2042 5458; x_wconf 67' lang='grc' dir='ltr'><strong>γεγονέναι.</strong></span> 
     </span>
     <span class='ocr_line' id='line_1_54' title="bbox 94 5474 1822 5573; baseline -0.023 2"><span class='ocrx_word' id='word_1_730' title='bbox 94 5500 256 5573; x_wconf 66' lang='lat' dir='ltr'>hm.</span> <span class='ocrx_word' id='word_1_731' title='bbox 284 5502 392 5569; x_wconf 76' lang='lat' dir='ltr'>orsa.</span> <span class='ocrx_word' id='word_1_732' title='bbox 421 5502 506 5567; x_wconf 74' lang='lat' dir='ltr'>Vos.</span> <span class='ocrx_word' id='word_1_733' title='bbox 529 5500 619 5566; x_wconf 83' lang='lat' dir='ltr'>xvl.</span> <span class='ocrx_word' id='word_1_734' title='bbox 1437 5474 1481 5545; x_wconf 95' lang='lat'>11</span> <span class='ocrx_word' id='word_1_735' title='bbox 1818 5495 1822 5502; x_wconf 93' lang='lat'><em>·</em></span> 
     </span>
    </p>
   </div>
   <div class='ocr_carea' id='block_1_13' title="bbox 0 0 2288 5764">
    <p class='ocr_par' dir='ltr' id='par_1_13' title="bbox 0 0 2288 5764">
     <span class='ocr_line' id='line_1_55' title="bbox 0 0 2288 5764; baseline 0 0"><span class='ocrx_word' id='word_1_736' title='bbox 0 0 2288 5764; x_wconf 95' lang='lat' dir='ltr'> </span> 
     </span>
    </p>
   </div>
  </div>
 </body>
</html>
