4544 5766
131 214 203 290 6⁰1

130 386 251 458 mitius
273 385 496 470 iudicarunt,
537 411 618 457 cum
638 398 712 455 tam
732 383 888 477 vulgaris
911 393 1109 452 contractus

129 489 192 574 sit,
226 490 423 561 noluerunt
440 486 534 560 bane
556 492 709 559 sormam
732 489 771 556 in
793 487 998 559 universum
1025 507 1108 552 con-

128 595 318 679 demnare,
344 594 434 665 sicut
443 594 581 664 Gerson
589 592 636 687 ²¹)
654 592 786 686 inquit:
814 591 896 661 Non
910 588 1011 657 facile
1025 609 1107 654 con-

127 708 300 779 tractum,
326 697 365 764 in
380 721 450 791 quo
465 696 652 765 mediocris
667 694 860 788 aequalitas
883 687 1107 780 conspicitur,

126 798 433 889 pronuntiandum
464 823 536 869 esse
565 798 778 868 usurarium.
837 796 1024 888 Quaerunt
1046 813 1107 859 au-

126 912 217 984 tem,
245 925 293 970 an
307 896 366 971 hic
382 902 428 971 sit
441 926 542 971 merx
564 915 658 971 certa
683 898 893 970 conveniens
913 892 995 965 huic
1014 895 1107 962 redi-

126 1003 187 1073 tui.
244 1003 430 1095 Quaerunt
443 1005 548 1087 item,
576 1029 622 1073 an
645 1005 690 1073 sit
712 1001 925 1095 aequalitas,
958 1023 1038 1066 cum
1062 997 1105 1064 de

125 1104 245 1174 reditu
260 1102 351 1176 nihil
366 1108 586 1190 remittatur,
612 1105 748 1176 etiamsi
765 1106 883 1197 aliqua
899 1124 981 1193 pars
997 1099 1106 1169 facul·

125 1220 240 1277 tatum
267 1210 479 1280 detrimento
510 1210 702 1290 afficiatur,
740 1209 799 1277 sed
820 1206 870 1276 sic
890 1205 1105 1295 respondent

124 1305 178 1393 bi,
205 1310 270 1404 qui
286 1312 407 1382 mitius
423 1312 600 1393 iudicant,
634 1311 761 1404 quibus
784 1307 982 1388 adsentior,
1014 1299 1106 1372 hanc

123 1412 268 1482 tertiam
283 1416 455 1498 formam,
481 1414 626 1483 caeteris
642 1413 805 1505 paribus,
832 1410 937 1479 etiam
954 1431 1027 1477 esse
1046 1430 1104 1473 ve·

120 1539 201 1584 ram
225 1528 263 1585 et
284 1517 412 1587 iustam
435 1521 664 1610 emptionem.
728 1514 829 1584 Merx
853 1511 947 1581 enim
973 1520 1025 1579 est
1051 1507 1104 1576 ius

121 1617 344 1710 percipiendi
360 1620 513 1703 reditus,
540 1623 637 1713 quod
654 1645 733 1689 curn
749 1618 788 1686 in
812 1616 931 1709 aliquo
956 1634 1103 1701 corpore

123 1721 294 1792 constitui
323 1748 461 1795 necesse
495 1722 559 1804 sit,
601 1747 728 1814 corpus
757 1732 839 1791 sunt
862 1717 982 1787 omnia
1008 1714 1102 1781 bona

121 1824 371 1895 fructificantia
389 1826 489 1896 istius
503 1825 729 1916 reipublicae.
760 1822 853 1895 Nam
869 1821 907 1887 in
920 1816 975 1890 his
991 1815 1104 1885 omni-

120 1925 189 1995 bus
201 1927 320 2009 simul,
346 1930 415 1997 tale
431 1930 485 1999 ius
503 1929 669 1999 constitui
683 1938 810 2019 potest,
831 1924 920 1994 sicut
935 1922 973 1990 in
987 1919 1103 1988 alieno

122 2053 212 2118 agro
227 2032 378 2102 servitus
396 2032 513 2124 aliqua
539 2031 782 2112 constituitur,
813 2025 974 2095 videlicet
996 2035 1104 2103 actus,

122 2142 186 2199 aut
207 2131 285 2203 iter.
351 2133 419 2202 Sed
444 2134 575 2203 dietum
597 2131 795 2203 lnnocentii
816 2125 1045 2198 memorabile
1067 2125 1105 2190 in

120 2228 192 2302 bac
207 2235 413 2328 quaestione
431 2239 623 2305 tenendum
639 2249 708 2321 est,
738 2233 800 2329 qui
817 2231 948 2325 inquit:
983 2227 1105 2294 riden-

121 2338 211 2406 dum
235 2360 309 2408 esse
331 2339 370 2408 in
392 2335 460 2408 boc
484 2336 666 2408 contractu
677 2368 693 2423 ,·
712 2351 753 2407 ut
766 2335 900 2404 reditus
917 2329 1105 2401 constitua-

123 2451 184 2508 tur
201 2440 238 2507 in
254 2464 305 2523 re,
329 2466 391 2512 seu
407 2444 452 2511 ad
469 2467 545 2513 rem
562 2444 746 2523 referatur,
771 2462 845 2507 non
858 2438 902 2504 ad
916 2455 1104 2527 personam

123 2544 330 2628 vendentis,
371 2559 405 2614 ct
429 2546 527 2613 addit
550 2542 792 2624 Innocentius,
833 2540 939 2613 talem
966 2547 1105 2604 contra-

121 2657 221 2715 ctum
235 2670 311 2714 non
326 2671 398 2718 csse
416 2647 639 2731 usurarium,
666 2672 746 2717 cum
770 2645 807 2712 in
828 2666 869 2711 co
892 2641 937 2710 sit
956 2662 1056 2706 merx
1070 2648 1105 2704 et

123 2749 301 2840 pretium,
327 2764 362 2819 ct
385 2751 468 2819 talia
490 2751 569 2819 iura
590 2751 699 2819 realia
720 2748 856 2816 licitum
876 2743 922 2814 sit·
942 2742 1104 2809 vendere.

124 2851 275 2943 Semper
292 2877 375 2942 ergo
397 2853 601 2923 meminerit
621 2854 752 2936 lector,
784 2849 838 2919 ius
860 2846 955 2941 quod
977 2842 1105 2914 emitur

125 2954 163 3023 in
179 2950 249 3024 hoc
265 2979 366 3039 casu,
394 2956 432 3024 in
455 2981 605 3046 corpore
628 2956 747 3049 aliquo
771 2951 1000 3022 fructificante
1022 2969 1105 3015 con-

123 3058 342 3128 stituendum
371 3083 465 3143 esse,
504 3059 594 3128 sicut
621 3082 727 3149 supra
749 3057 792 3126 de
812 3054 963 3125 secunda
990 3051 1103 3118 torma

124 3160 342 3232 dictumest.
402 3159 460 3232 lus
484 3162 578 3230 enim
604 3161 832 3230 constitutum
859 3167 910 3224 est
934 3152 1104 3221 infundo

124 3277 241 3349 certo,
266 3264 329 3333 ubi
345 3264 573 3356 pereuntibus
592 3264 704 3354 agris,
732 3261 838 3331 etiam
853 3257 987 3327 reditus
1002 3254 1105 3346 perit.

125 3363 175 3434 lta
192 3362 252 3436 hic
272 3367 439 3437 universa
459 3369 554 3437 bona
575 3360 708 3435 habent
730 3390 765 3434 se
787 3376 957 3453 tanquam
979 3381 1106 3447 corpus

125 3483 279 3553 certum,
310 3472 371 3540 sed
396 3471 465 3554 ita,
503 3470 533 3541 si
555 3483 747 3539 onerentur
770 3491 836 3558 pro
860 3460 1105 3554 proportione,

124 3586 157 3641 et
178 3572 230 3656 is,
268 3574 330 3665 qui
351 3572 479 3664 accipit
499 3573 673 3655 reditum,
713 3568 883 3642 sustineat
908 3561 1105 3654 periculum

123 3701 190 3766 pro
211 3676 467 3768 proportione,
491 3687 532 3744 ut
556 3676 750 3769 aequalitas
770 3666 958 3740 mediocris
979 3664 1105 3734 efficia-

125 3791 200 3861 tur,
237 3778 322 3872 quia
349 3792 487 3849 constat
509 3778 798 3870 inaequalitatem
820 3792 1022 3850 enormem,
1052 3766 1105 3835 in-

122 3881 273 3965 iustam,
300 3880 406 3951 aDeo
422 3884 650 3966 damnatam,
676 3895 711 3951 et
724 3877 906 3949 exitiosam
923 3894 995 3942 csse
1010 3894 1104 3939 com-

121 3983 224 4056 muni
241 3984 414 4056 societati.

222 4087 334 4179 Quod
349 4101 466 4158 autem
487 4098 521 4155 et
536 4086 639 4155 tertia
656 4085 770 4153 forma
786 4080 832 4150 sit
851 4077 942 4148 iusta
960 4071 1104 4165 emptio,

120 4189 174 4263 bis
198 4191 420 4281 argumentis
445 4188 653 4260 ostenditur.
716 4183 899 4262 Primum,
933 4176 1105 4269 emptioni

122 4293 313 4388 proprium
330 4306 400 4376 est,
427 4304 624 4384 emptorem
640 4312 785 4381 prorsus
802 4284 963 4353 amittere
980 4279 1033 4348 ius
1050 4302 1105 4347 re-

120 4395 266 4492 petendi
283 4396 408 4488 pretii,
434 4396 472 4464 in
488 4390 555 4464 hac
571 4392 673 4463 tertia
689 4392 803 4460 forma
821 4408 939 4455 emens
959 4380 1104 4464 reditus,

122 4525 269 4594 prorsus
285 4499 417 4567 amittit
431 4499 484 4568 ius
500 4496 710 4587 repetendae
727 4489 907 4584 pecuniae.
957 4483 1104 4556 Necesse

122 4619 173 4677 est
194 4602 307 4694 igitur
330 4601 484 4673 uicissim
508 4599 546 4667 in
567 4623 647 4669 eum
664 4594 808 4689 aliquod
824 4592 878 4662 ius
893 4587 1102 4657 translatum

123 4730 193 4778 esse
210 4718 385 4798 tanquam
401 4728 574 4786 mercem,
592 4697 735 4793 alioqui
746 4721 819 4765 uon
840 4704 930 4764 essct
949 4688 1104 4784 aequali·

124 4826 176 4880 tas
189 4808 287 4877 inter
303 4809 446 4877 dantem
461 4805 668 4898 pecuniam,
686 4814 721 4869 et
735 4798 976 4891 accipientem.
1009 4791 1103 4859 Haec

124 4912 213 4983 ratio
230 4935 273 4981 ex
294 4923 423 4981 natura
447 4907 637 5001 emptionis
660 4914 820 4994 sumpta,
844 4922 918 4969 non
943 4907 996 4967 est
1021 4918 1104 4962 con-

126 5015 333 5098 temnenda,
366 5016 412 5083 ad
430 5036 538 5107 quam
554 5024 588 5080 et
604 5009 692 5078 aliae
710 5006 957 5092 adiungantur.
1015 4997 1104 5066 Pars

127 5119 243 5213 aliqua
267 5117 411 5186 onerari
436 5127 528 5185 certa
551 5112 718 5184 servitute
746 5117 872 5200 potest.
937 5098 1049 5191 lgitur
1070 5111 1105 5166 ct

126 5221 288 5292 universa
302 5221 399 5290 bona
414 5230 562 5311 possunt
578 5213 720 5286 onerari
737 5206 880 5280 caeteris
892 5203 1049 5297 paribus.

128 5379 329 5393 ——-

160 5461 207 5521 ²¹)
227 5456 308 5521 cont.
324 5462 409 5517 supra
426 5465 454 5515 p.
470 5449 528 5499 sn.
544 5448 611 5497 nota
621 5444 664 5497 81.

847 208 907 284 vl.
957 206 1023 279 DE
1056 203 1434 281 conmortuus,

2055 206 2131 291 ⁶⁰2

1576 375 1713 451 Alia.

1256 514 1378 584 Potest
1420 511 1524 580 alicui
1558 514 1691 584 donare
1722 514 1919 606 respublica
1951 517 2129 589 redituum

1155 628 1313 709 partein,
1338 628 1378 684 ut
1394 640 1496 707 saepe
1512 616 1567 699 lit,
1594 629 1628 684 et
1641 613 1708 685 boc
1721 616 1774 686 ins
1791 618 1974 704 donatum,
2000 622 2041 706 is,
2068 620 2130 715 qui

1156 733 1270 805 tenet,
1293 721 1445 788 vendere
1461 730 1587 810 potest.
1637 720 1734 787 Talis
1752 733 1868 789 autem
1892 723 2024 792 reditus
2046 749 2129 793 eon-

1081 891 1089 906 ,
1155 823 1295 893 stitutus
1317 834 1368 891 est
1395 821 1433 889 in
1463 820 1629 890 universo
1659 846 1806 913 corpore
1835 824 2059 911 facultatum,
2094 820 2130 896 e‘t

1156 923 1287 1018 iure²²)
1310 923 1449 992 defendi
1471 935 1506 991 et
1526 926 1595 991 emi
1616 937 1743 1015 potest.
1793 924 2046 1017 Expendantur
2067 952 2129 998 au-

1157 1040 1227 1096 tem
1246 1040 1280 1096 et
1297 1052 1358 1112 ea,
1384 1050 1474 1120 quae
1492 1039 1732 1117 opponuntur.
1783 1027 1875 1098 Nam
1890 1031 2029 1100 collatio
2045 1020 2129 1100 cori·

1156 1130 1346 1200 trariorum
1364 1141 1652 1220 argumentorum
1669 1129 1782 1219 magis
1797 1133 1948 1201 ostendit
1963 1147 2127 1203 naturam

1157 1245 1374 1316 contractus,
1401 1232 1543 1325 quando
1561 1231 1607 1301 sit
1621 1233 1711 1302 iusta
1728 1233 1880 1324 emptio,
1905 1237 2048 1327 quando
2062 1237 2129 1305 cir-

1156 1334 1373 1405 cumstantiis
1389 1335 1613 1425 depravetur.
1661 1333 1754 1406 Nam
1775 1330 1951 1405 humanae
1975 1326 2129 1410 actiones

1157 1463 1297 1522 omnes,
1323 1462 1413 1531 quae
1430 1462 1449 1504 a
1472 1437 1713 1506 voluntatibus
1732 1438 1913 1522 oriuntur,
1938 1453 2019 1510 sunt
2034 1441 2131 1511 flexi-

1154 1541 1259 1624 biles,
1286 1553 1320 1608 et
1334 1539 1435 1609 facile
1452 1540 1709 1631 depravantur,
1728 1536 1773 1608 'ut
1793 1563 1811 1606 a
1832 1541 2016 1612 severitate
2030 1545 2130 1613 facile

1156 1644 1345 1714 disceditur
1359 1645 1406 1711 ad
1423 1642 1682 1724 crudelitatem,
1709 1654 1744 1710 et
1762 1642 1888 1712 usitate
1904 1644 2053 1731 dicitur,
2078 1647 2131 1714 vi-

1155 1747 1204 1815 tia
1220 1747 1335 1814 vicina
1351 1770 1424 1815 esse
1439 1745 1647 1827 virtutibus,
1673 1744 1768 1813 iuxta
1784 1744 1940 1842 illud”):

1238 1865 1278 1924 Et
1298 1866 1372 1924 bons
1392 1875 1460 1922 sunt
1480 1863 1575 1921 vicina
1596 1863 1679 1921 malis
1692 1859 1751 1945 Ξ4).
1793 1863 1901 1923 Errore
1922 1866 1973 1924 sub
1995 1865 2046 1924 illo

1238 1967 1294 2026 Pro
1315 1967 1384 2025 sitio
1406 1967 1494 2024 virtus
1517 1964 1635 2023 crimina
1659 1981 1749 2042 saepe
1771 1966 1849 2027 tulit.

1205 2067 1321 2137 Facile
1345 2068 1453 2158 igitur
1474 2078 1557 2135 sunt
1585 2066 1854 2157 depravationes
1875 2081 2130 2152 contractuum,

1156 2185 1190 2241 et
1205 2172 1305 2240 facile
1321 2171 1365 2240 ab
1382 2168 1593 2262 aequalitate
1608 2168 1809 2242 disceditur.
1860 2171 2075 2265 Quanquam
2093 2171 2131 2240 in

1157 2286 1254 2343 tanta
1284 2272 1488 2342 infirmitate
1519 2265 1674 2340 bumana
1707 2272 1830 2361 exigua
1857 2287 1972 2342 errata
2002 2275 2131 2342 condo-

1156 2389 1307 2458 nantur,
1333 2388 1452 2444 tamen
1469 2399 1546 2443 cum
1564 2372 1751 2464 conspicua
1768 2389 1830 2457 est,
1858 2389 1893 2444 et
1909 2376 2063 2445 enormis
2079 2377 2132 2445 in-

1157 2477 1370 2573 aequalitas,
1412 2475 1645 2544 conscicntiae
1677 2500 1753 2544 eam
1788 2477 1943 2546 iudicare
1974 2491 2132 2569 possunt.

1157 2582 1362 2650 Cavendum
1393 2590 1445 2649 cst
1473 2590 1611 2662 autem,
1655 2602 1699 2646 ne
1730 2591 1853 2649 contra
1882 2581 2131 2650 conscientiam

1156 2697 1293 2777 agatur.

1575 2849 1711 2920 Alia.

1257 2985 1500 3079 opponuntur
1514 2997 1632 3055 autern
1649 2982 1736 3054 hacc
1752 2986 1942 3059 contraria.
1974 2984 2015 3056 In
2029 2987 2132 3058 titulo

1155 3092 1240 3162 Plus
1255 3092 1372 3181 valere
1389 3090 1484 3184 quod
1500 3088 1628 3178 agitur,
1651 3111 1757 3181 quam
1773 3090 1868 3182 quod
1883 3090 2134 3189 simulatur“),

1155 3195 1320 3284 leguntur
1333 3188 1421 3261 haec
1437 3189 1615 3286 verba’“)2
1649 3188 1840 3283 Emptione
1854 3191 2013 3283 pignoris
2029 3196 2133 3264 causa

1155 3298 1246 3367 lacta
1259 3319 1335 3365 non
1348 3296 1444 3391 quod
1459 3294 1629 3385 scriptum
1645 3305 1708 3378 est,
1733 3295 1795 3363 sed
1808 3297 1905 3390 quod
1921 3309 2055 3387 gestum
2072 3308 2135 3380 est,

1157 3399 1354 3491 inspicitur.
2095 3404 2099 3411 '

1256 3498 1298 3569 ln
1312 3499 1416 3568 tertio
1433 3522 1515 3568 casu
1533 3496 1739 3590 simpliciter
1760 3499 1799 3567 lit
1823 3499 1954 3591 emptio
1976 3500 2134 3593 pignoris

1156 3626 1284 3687 causa,
1319 3603 1356 3670 id
1388 3614 1456 3685 est,
1494 3601 1534 3669 lit
1561 3600 1831 3693 oppignoratio,
1876 3627 1951 3672 non
1981 3600 2132 3696 emptio:

1156 3730 1239 3797 ergo
1255 3729 1400 3798 prorsus
1414 3717 1465 3774 est
1479 3703 1663 3774 simulatus
1686 3716 1896 3776 contractus.
1946 3705 2134 3776 'Minorem

1156 3810 1289 3902 probo,
1316 3808 1399 3902 quia
1414 3807 1509 3876 bona
1526 3804 1605 3892 illa,
1631 3805 1669 3874 in
1684 3806 1811 3900 quibus
1825 3808 1958 3900 emptio
1979 3809 2134 3901 lingitur,

1155 3925 1294 3982 tantum
1307 3923 1389 3982 sunt
1403 3935 1441 3980 re
1456 3910 1531 4001 ipsa
1549 3909 1693 4003 pignus,
1718 3911 1855 3980 etiamsi
1868 3912 2013 4003 propter
2032 3932 2134 4003 prae-

1156 4027 1289 4084 textum
1315 4013 1457 4084 additur
1478 4036 1609 4082 nomen
1630 4013 1829 4102 emptionis.
1881 4010 1955 4081 lmo
1979 4006 2134 4082 fatentur

1094 4175 1103 4190 .
1156 4118 1408 4200 instrumenta,
1435 4118 1531 4212 quod
1548 4117 1781 4207 oppignorata
1797 4115 1868 4184 sint
1884 4116 2003 4183 omnia
2027 4115 2133 4186 bona.

1155 4221 1232 4290 Hoc
1247 4232 1495 4312 argumentum
1516 4242 1599 4288 sane
1621 4217 1817 4309 speciosum
1841 4229 1912 4301 est,
1938 4230 1972 4285 et
1987 4217 2133 4287 difficul-

1157 4337 1210 4394 ter
1222 4324 1371 4394 relutari
1386 4333 1512 4415 potest.

1254 4425 1367 4496 Multa
1398 4423 1551 4517 speciose
1581 4421 1716 4513 opponi
1743 4433 1892 4512 possunt
1918 4434 2040 4491 contra
2064 4435 2133 4491 ter-

1155 4529 1241 4597 tiam
1254 4530 1426 4612 lormam‚
1453 4539 1487 4594 ct
1502 4549 1627 4594 rerum
1645 4536 1714 4609 est,
1740 4548 1844 4616 saepe
1862 4521 2050 4617 depravari
2067 4526 2132 4594 cir-

1188 4803 1237 4862 22)
1255 4801 1329 4860 iure]
1348 4798 1388 4847 sle
1404 4796 1475 4848 Edit.
1491 4795 1583 4858 tasa.;
1605 4793 1676 4845 Edit.
1693 4794 1766 4845 154&
1784 4795 1837 4849 ius.

1189 4889 1238 4947 2³)
1258 4885 1338 4939 ovid.
1355 4881 1474 4932 remedie
1491 4881 1592 4932 amoris
1609 4880 1668 4932 ⁸2³.
1685 4880 1744 4931 ³24.

1188 4972 1236 5038 2⁴)
1253 4974 1289 5022 rt
1307 4968 1564 5021 maurannetus
1582 4967 1685 5026 mrsu]
1706 4966 1747 5015 ne
1763 4966 1847 5017 rates.
1872 4936 1951 5015 iuius
1975 4967 2131 5035 cesserat,

1223 5040 1335 5095 ovidius
1353 5037 1480 5099 scripsit:
1502 5038 1536 5087 rt
1554 5038 1626 5086 mete
1645 5041 1710 5085 seint
1727 5035 1817 5084 steina
1835 5035 1920 5084 tants.

1188 5128 1236 5186 25)
1256 5135 1337 5187 quen
1353 5122 1427 5185 qued
1444 5122 1603 5181 slmutrtur]
1619 5120 1659 5169 sio
1675 5120 1760 5169 reite.
1775 5119 1856 5169 holus
1874 5117 2001 5179 dissert3
2031 5121 2060 5172 lu
2080 5123 2133 5173 hoc

1222 5195 1306 5326 iiii
1324 5190 1424 5243 codols
1446 5191 1577 5254 scriptun
1602 5193 1660 5239 est:
1695 5198 1775 5253 quem
1799 5186 1869 5249 quod
1892 5187 2018 5238 stmutrts
2040 5192 2132 5241 conct-

1188 5349 1246 5470 κζ’
1258 5344 1514 5475 (ἰοᾱλζωίὶιη.
1536 5344 1594 5397 ta.
1620 5342 1717 5408 (Corn.
1742 5342 1793 5391 tur.
1816 5341 1867 5389 civ.
1893 5341 1934 5389 ccl.
1954 5343 2026 5391 Beck
2051 5344 2130 5401 Ml.

1248 5453 1256 5469 .
1304 5432 1331 5481 p.
1422 5451 1429 5467 .

1454 5476 1541 5559 32*
