4544 5766
124 185 193 259 1111
397 168 600 250 SCRIPTA
623 168 701 245 ΡΗ.
724 164 840 241 Mllb.
863 164 930 239 an
953 164 1165 246 Erotem
1189 171 1257 246 ΕΤ
1280 170 1537 247 POllllOEN
1562 167 1872 246 senectam

124 371 160 427 et
175 354 355 427 adulteros
369 343 664 422 iudicabitDens.
713 339 1109 438 ltem(sap.11,1t.):
1262 347 1369 417 Tales
1390 346 1579 417 interiores
1599 360 1719 416 motus
1735 343 1813 415 Deo
1836 344 2034 436 placentes,
2060 341 2151 413 scia.

122 460 195 531 Per
211 481 303 552 qnae
321 455 400 551 quis
416 460 557 545 peccat,
583 470 649 539 per
665 447 789 515 eadem
806 444 966 538 punitur.
1162 471 1241 520 mus
1255 474 1332 520 non
1344 451 1423 519 beri
1437 450 1512 520 sine
1528 449 1661 519 auxilio
1680 448 1833 540 Spiritus
1854 443 1987 528 sancti,
2012 457 2151 513 nec-ta-

226 559 406 631 Utilitates
437 566 556 623 autem
592 549 798 640 disciplinae
830 560 914 619 sunt
939 547 1111 639 ingentes,
1162 575 1247 622 men
1270 553 1309 621 in
1329 549 1386 622 his
1406 548 1498 622 nibil
1523 552 1596 643 agit
1616 553 1800 634 voluntas,
1825 573 1892 618 nec
1915 544 2024 617 babet
2047 571 2085 617 sc
2110 559 2153 617 ut

124 663 223 759 quod
240 659 406 732 conducit
424 658 470 725 od
484 654 630 723 Vitanda
643 676 774 744 magna
789 651 898 733 malo,
910 647 1111 741 Praesentia
1163 666 1298 740 statua,
1324 656 1386 727 sed
1401 667 1619 726 concurrcmt
1634 667 1776 746 agentes
1789 675 1933 735 causae,
1956 648 2069 720 Filius
2083 647 2153 719 Dei

125 781 162 837 et
182 779 338 834 aeterna.
387 759 595 830 Puniuntur
617 755 713 824 enim
733 753 882 847 privatis
904 766 939 821 ot
962 751 1113 844 publicis
1164 783 1312 829 movens
1327 772 1482 828 mentem
1494 759 1604 827 verbo
1619 771 1654 827 et
1663 757 1798 849 Spiritu
1812 766 1934 825 sancto
1951 776 2014 822 cor
2027 776 2153 822 accen-

125 867 251 962 poenis
265 868 378 936 multa
392 861 616 954 singulorum
632 859 780 941 delicta,
807 868 842 925 et
861 858 975 925 donec
996 878 1113 946 perse·
1165 861 1327 957 dens⁷⁰),
1343 886 1444 931 mens
1453 862 1624 952 cogitans,
1638 860 1846 929 etvolnntas
1854 881 1929 926 non
1936 879 2154 948 repugnans,

126 984 253 1041 verant
273 966 438 1039 homines
460 965 499 1033 in
522 962 660 1032 delictis
694 972 818 1030 contra
849 957 1113 1040 conscientiam,
1165 965 1226 1034 sed
1241 977 1423 1058 utcunque
1439 965 1512 1033 iam
1527 963 1687 1033 moventi
1704 960 1853 1053 spiritui
1867 972 1990 1030 sancto
2013 960 2154 1028 obtem.

126 1073 224 1145 Deus
239 1098 315 1142 non
330 1083 383 1140 est
398 1070 521 1138 efficax
534 1067 573 1134 in
588 1065 650 1135 eis.
700 1064 848 1134 Necesse
863 1075 915 1134 est
931 1061 1039 1152 igitur
1054 1061 1114 1128 ab·
1166 1090 1313 1158 perans,
1340 1080 1375 1136 ct
1390 1067 1496 1138 simul
1511 1079 1633 1158 petens
1654 1064 1826 1135 auxilium
1840 1063 1920 1133 Dei.
1970 1061 2071 1132 Sicut
2091 1062 2155 1132 illo

127 1178 187 1247 iici
201 1174 427 1270 propositum
440 1168 594 1240 faciendi
612 1179 735 1236 contra
752 1164 1015 1234 conscientiam.
1042 1163 1114 1232 Ta·
1166 1169 1280 1239 Marci
1297 1169 1340 1254 9,
1358 1169 1455 1266 (24.)
1470 1170 1604 1264 inquit:
1634 1170 1749 1240 Credo
1766 1167 1942 1248 Domine,
1967 1165 2029 1235 sed
2045 1189 2153 1256 opem

126 1281 171 1350 lis
186 1282 310 1350 electio
327 1290 379 1347 est
399 1275 522 1367 aliquo
543 1271 652 1340 modo
677 1269 715 1337 in
738 1280 913 1360 potestate
936 1263 1115 1336 humanae
1166 1274 1219 1341 fer
1244 1273 1460 1343 diffidentiae
1482 1298 1594 1342 meae,
1663 1272 1852 1341 Praeterea
1876 1268 1956 1336 illae
1983 1268 2155 1351 actiones,

2067 168 2148 246 tos

19 1381 26 1395 ’
127 1382 333 1455 voluntatis.
385 1378 539 1468 Propter
559 1370 624 1443 has
645 1385 763 1441 tantas
783 1395 906 1440 causas
932 1383 967 1439 et
988 1367 1116 1438 intelli·
1168 1400 1259 1468 φωρ
1274 1378 1453 1468 imperant
1468 1375 1722 1459 locomotivae‚
1746 1386 1830 1444 sunt
1845 1372 1884 1440 in
1899 1381 2074 1462 potestate
2087 1395 2155 1439 no.

128 1510 210 1577 gere
227 1483 449 1575 disciplinam
465 1479 654 1558 discamus,
679 1487 715 1543 et
729 1498 851 1544 coecos
866 1473 1019 1564 impetus
1037 1472 1117 1541 dili·
1167 1491 1252 1563 stra,
1267 1479 1443 1572 imperare
1456 1479 1677 1570 allegamus,
1691 1477 1889 1558 audiamus,
1905 1473 2156 1569 cogitemus⁷¹)

129 1591 247 1679 gentia
281 1589 530 1666 moderemur,
563 1593 599 1649 et
625 1580 746 1648 frenos
773 1577 982 1667 disciplinae
1013 1575 1117 1644 nobis
1169 1582 1389 1667 doctrinam,
1417 1583 1592 1674 imperare
1609 1580 1761 1649 externis
1776 1576 1965 1661 membris,
1990 1589 2032 1645 ut
2048 1576 2156 1646 omit-

129 1693 199 1784 ipsi
221 1691 432 1761 iniiciamus.
1167 1697 1247 1754 tant
1269 1686 1381 1756 malas
1404 1685 1580 1766 actiones,
1620 1682 1711 1776 quae
1745 1694 1869 1750 contra
1899 1679 2154 1750 conscientiam

233 1794 414 1865 Secundo:
457 1783 720 1856 Testimonium
757 1794 809 1851 est
835 1780 1009 1850 libertatis
1040 1780 1115 1871 ipsa

129 1899 316 1971 fabricatio
339 1889 489 1964 humani
510 1885 682 1978 corporis.
732 1880 786 1953 lta
812 1883 952 1953 condita
980 1895 1032 1952 est
1053 1879 1117 1951 ho·

131 2002 239 2073 minis
263 2012 413 2078 natura,
445 2005 486 2061 ut
506 1989 608 2059 nervi
630 1986 841 2056 voluntariis
871 1984 1027 2056 motibus
1045 2010 1117 2054 ser-

1169 1801 1272 1857 antea
1287 1790 1399 1857 iactae
1416 1802 1509 1857 sunt.
1561 1786 1657 1854 Haec
1670 1782 1955 1855 manifestissima
1969 1796 2065 1853 sunt.

1269 1889 1334 1961 Est
1351 1904 1385 1960 et
1398 1887 1467 1960 hoc
1482 1889 1670 1980 diligenter
1683 1887 1993 1970 considerandum,
2017 1899 2155 1956 utram·

1169 2016 1237 2085 que
1253 1995 1461 2064 concionem
1476 1993 1713 2062 universalem
1732 2016 1818 2073 esse,
1844 1990 2053 2058 concionem
2069 2010 2156 2082 poe·

131 2107 250 2186 viant,
282 2125 362 2170 cum
383 2097 547 2165 voluntas
561 2092 715 2182 imperat
729 2090 984 2170 locomotiv³o‚
1015 2089 1118 2156 nervi
1168 2094 1358 2181 nitentiae,
1390 2109 1425 2166 et
1452 2095 1661 2165 concionem
1691 2093 1837 2186 gratiae.
1903 2092 2034 2183 Arguit
2056 2091 2155 2161 Deus

133 2210 393 2296 obtemperant.
445 2198 547 2266 Hanc
558 2195 757 2264 libertatem
772 2217 922 2282 negare,
948 2204 1118 2282 estrepu-
1168 2211 1350 2290 peccatum
1373 2200 1411 2268 in
1434 2199 1600 2268 omnibns
1621 2194 1844 2280 bominibus,
1875 2194 1914 2262 in
1937 2191 2005 2264 bac
2019 2198 2155 2288 >depra-

133 2334 244 2402 gnare
258 2303 464 2375 manifestae
481 2296 717 2390 experientiae
741 2295 779 2363 in
793 2295 932 2386 opificio
950 2289 1117 2364 bominis.
1169 2301 1311 2371 vatione
1332 2316 1493 2372 naturae.
1545 2301 1701 2383 Rursus,
1728 2300 1836 2368 etiam
1857 2299 2048 2390 promissio
2074 2298 2155 2368 riui-

133 2411 377 2484 Certissimum
404 2417 455 2474 est
474 2401 602 2492 igitur,
634 2399 671 2467 in
695 2397 866 2467 electione
891 2410 1116 2467 externarum
1168 2406 1315 2475 versalis
1338 2419 1390 2476 est
1411 2405 1508 2475 iuxta
1532 2404 1620 2474 illud
1641 2398 1787 2498 (Mattb.
1813 2403 1878 2484 11,
1900 2401 1998 2498 28.):
2024 2401 2155 2471 Venite

134 2516 336 2593 actionum,
360 2508 517 2601 aliquam
535 2528 608 2574 osse
625 2504 845 2584 libertatem,
871 2525 961 2595 quoe
979 2500 1118 2570 etiamsi
1169 2508 1286 2577 adme
1304 2533 1427 2578 omnes
1443 2507 1505 2602 qui
1518 2506 1688 2576 laboratis
1703 2518 1737 2576 et
1754 2504 1893 2573 onerati
1905 2506 2006 2589 estis,
2031 2518 2067 2574 et
2088 2528 2155 2595 ego

133 2645 173 2689 re
189 2624 408 2687 veramanet
424 2612 604 2677 innatura
621 2601 798 2687 hominis,
823 2617 944 2672 taruen
968 2603 1117 2695 impedi·
1168 2612 1324 2681 reficiam
1338 2637 1413 2682 vos.
1466 2611 1582 2679 Offert
1596 2609 1693 2679 Deus
1707 2608 1858 2700 gratiam
1880 2609 2046 2680 omnibus
2070 2631 2155 2676 con-

132 2737 192 2793 tur
207 2720 344 2791 duabus
357 2713 483 2784 causis.
522 2707 704 2778 interdum
723 2708 913 2777 affectuum
931 2706 1021 2775 tanti
1036 2720 1118 2775 sunt
1167 2714 1383 2805 fugientibus
1397 2715 1441 2782 ad
1454 2714 1566 2783 filium
1583 2713 1831 2781 Mediatorem.
1882 2711 1957 2782 Nee
1977 2725 2029 2782 est
2043 2731 2157 2807 προς.

132 2826 305 2917 impetus,
331 2831 370 2890 ut
382 2818 478 2886 laxet
492 2813 541 2882 eis
556 2814 676 2880 frenos
689 2811 866 2892 voluntas,
892 2833 983 2902 quac
998 2821 1118 2877 tamen
1169 2815 1364 2912 ωποληψία
1378 2817 1416 2885 in
1424 2816 1514 2887 Deo.
1564 2817 1637 2886 Nec
1653 2813 1880 2905 imaginanda
1895 2828 1947 2884 est
1962 2815 2156 2907 particula.

134 2930 257 2996 volens
274 2924 323 2992 eis
338 2923 445 2988 laxat.
496 2912 678 2982 Interdum
688 2911 833 2980 Diaboli
851 2911 1040 3002 impellunt
1053 2907 1117 2980 ho·
1169 2919 1254 2990 ritas
1270 2922 1365 2990 utde
1382 2921 1485 2989 bonis
1506 2944 1580 2988 non
1600 2917 1805 2988 necessariis
1818 2902 1878 3011 12),
1929 2918 2013 2988 Non
2038 2918 2156 2988 omni.

35 3067 38 3071 ·
133 3031 267 3110 mines,
300 3036 341 3093 Ul
363 3031 470 3091 ‘1¹³¹st
492 3016 531 3084 5¹¹
551 3028 641 3083 *elsa
665 3012 794 3084 Sssflleffl
815 3013 1042 3104 Praecipites,
1078 3026 1118 3083 Ul
1167 3023 1234 3092 bus
1250 3024 1311 3090 dat
1324 3024 1436 3092 robur
1453 3021 1634 3093 Samsonis
1647 3020 1712 3116 ⁷⁸),
1745 3044 1820 3088 non
1838 3022 2155 3091 omnesiacitmu·

132 3134 230 3204 Nero
245 3124 465 3197 horribiliter
481 3130 659 3209 grassatur
677 3116 776 3184 omni
793 3140 920 3206 genere
934 3117 1117 3187 scelerum·
1168 3126 1442 3200 sicossummos.
1493 3125 1549 3194 Sic
1566 3149 1640 3193 non
1655 3137 1707 3192 est
1722 3124 1948 3214 cogitandum
1968 3125 2012 3193 de
2030 3126 2156 3207 salute,

134 3236 240 3305 'l'ales
255 3233 395 3301 furores
410 3251 429 3292 a
445 3221 598 3291 Diabolo
616 3220 793 3301 oriuntur,
818 3243 882 3287 nec
900 3232 1021 3287 tamen
1035 3244 1118 3310 pro-

133 3351 255 3429 pterea
278 3332 375 3400 nulla
399 3339 451 3397 est
473 3325 629 3393 libertas.
707 3321 800 3392 Nam
824 3335 859 3390 et
878 3323 974 3392 Nero
998 3347 1117 3392 arcere

134 3439 235 3509 initia
251 3439 414 3506 furorum
431 3429 551 3521 aliquo
568 3428 676 3495 modo
694 3437 845 3516 poterat.

234 3538 410 3608 Accidunt
431 3545 549 3601 autem
582 3530 687 3598 multi
717 3527 835 3597 tristes
867 3527 985 3616 lapsus
1011 3527 1116 3596 etiam

133 3641 395 3738 praestantibus
422 3633 570 3704 consilio
596 3645 631 3701 et
652 3632 800 3713 virtute,
827 3629 1030 3713 utDavidi,
1056 3630 1118 3699 Sa-

133 3744 290 3826 lomoni,
320 3755 355 3811 et
378 3739 475 3819 aliis,
507 3748 548 3804 ut
577 3758 809 3824 agnoscamus
838 3732 1116 3802 imbecillitatem

132 3848 310 3920 humanae
332 3855 502 3921 naturae,
535 3850 570 3905 et
591 3837 683 3906 serio
710 3848 912 3926 expetamus
935 3835 1118 3919 auxilium,

133 3953 230 4048 quod
254 3948 350 4017 Deus
372 3941 548 4013 Ecclesiae
570 3937 753 4030 promisit,
780 3950 815 4006 et
838 3937 914 4006 vult
937 3961 978 4005 ac
997 3963 1117 4007 serere

131 4052 305 4149 praecipit
320 4048 409 4141 peti,
438 4058 473 4114 ct
490 4043 592 4112 avide
616 4041 831 4133 opitulatur,
856 4051 897 4108 ut
918 4041 1115 4131 praesentia

132 4160 207 4230 eius
237 4157 276 4224 in
307 4149 481 4230 Ecclesia,
527 4159 561 4214 et
592 4144 836 4214 misericordia
868 4143 1117 4234 conspiciatur.

131 4261 215 4332 Ideo
238 4260 372 4328 dictum
406 4266 457 4322 cst
481 4247 583 4344 (Luc.
607 4249 675 4329 11,
701 4245 794 4339 13.):
828 4244 974 4336 eranto
1005 4249 1118 4337 magis

132 4377 234 4457 pater
270 4371 384 4428 vester
417 4353 576 4424 coelestis
613 4348 712 4420 dabit
743 4348 916 4439 Spiritum
956 4363 1115 4419 sanctum

130 4463 342 4560 petentibus.

233 4564 316 4632 Dixi
341 4563 384 4629 de
411 4557 596 4649 disciplina
621 4570 785 4639 externa,
812 4578 919 4648 quam
952 4554 1117 4625 voluntas

130 4669 287 4740 bumana
309 4678 489 4755 utumque
513 4661 648 4728 elticere
672 4671 799 4750 potest.
851 4656 955 4727 Nunc
977 4658 1020 4726 de
1046 4658 1115 4726 alio

129 4796 257 4866 genere
273 4769 453 4837 actionum
472 4763 600 4842 dicam,
616 4763 713 4854 quod
728 4786 803 4829 non
817 4760 856 4828 iit
869 4759 945 4830 sine
960 4761 1116 4832 motibus

129 4876 282 4968 Spiritus
308 4868 440 4949 sancti,
467 4864 631 4933 videlicet
654 4888 757 4932 verus
785 4863 895 4931 timor
909 4863 998 4946 Dei,
1031 4889 1113 4932 vera

128 4978 276 5060 iiducia,
311 4996 403 5068 quae
426 4968 536 5036 vincit
558 4990 709 5058 pavores
741 4965 779 5032 in
801 4978 935 5048 morte,
971 4978 1005 5034 et
1038 4966 1116 5037 aliis

128 5080 267 5173 magnis
291 5074 494 5155 doloribus,
521 5071 648 5138 ardens
673 5067 815 5136 dilectio
838 5067 925 5151 Dei,
953 5083 1115 5140 constan-

127 5187 177 5256 tia
196 5177 449 5260 consessionis,
475 5198 550 5243 non
566 5170 767 5263 suppliciis,
793 5193 869 5239 non
890 5174 1115 5241 succumbere

127 5286 300 5358 incendiis
326 5280 537 5361 libidinum,
583 5272 809 5357 ambitionis,
854 5275 1116 5360 aemulationis,

127 5388 329 5484 cupiditatis
345 5384 522 5454 vindictae
538 5380 575 5448 in
591 5376 729 5471 magnis
746 5376 869 5448 causis.

1170 3253 1261 3322 qnae
1295 3253 1375 3323 cum
1406 3228 1452 3298 sit
1481 3229 1617 3297 bonum
1650 3251 1829 3297 summum
1853 3239 1888 3295 et
1915 3228 2155 3298 necessarium

1171 3332 1354 3416 omnibus,
1380 3330 1570 3422 promissio
1585 3330 1794 3401 universalis
1811 3341 1873 3399 est.

1271 3433 1372 3502 Hauc
1396 3434 1619 3517 intueamur,
1645 3458 1710 3501 nec
1734 3433 1892 3502 sinamus
1914 3429 2006 3502 hanc
2028 3458 2153 3504 veram

1170 3537 1451 3606 consolationem
1473 3537 1576 3607 nobis
1597 3536 1711 3606 excuti
1733 3561 1775 3604 ex
1796 3549 1951 3627 pectore.
2003 3536 2155 3608 Verissi-

1170 3665 1267 3708 mum
1290 3653 1360 3722 est,
1393 3643 1436 3709 de
1464 3641 1647 3709 voluntate
1668 3638 1736 3707 Dei
1760 3638 1987 3709 iudicandum
2012 3664 2088 3711 esse
2113 3666 2157 3711 ex

1170 3741 1278 3832 ipsius
1294 3744 1414 3813 verbo.
1447 3743 1680 3813 Verissimum
1695 3742 1829 3811 dictum
1845 3756 1896 3812 cst
1910 3742 2058 3837 (Psalm.
2070 3743 2158 3828 119,

1171 3841 1289 3940 105.):
1315 3844 1477 3914 Lucerna
1494 3846 1641 3937 pedibus
1659 3844 1745 3913 meis
1762 3846 1909 3915 verbum
1926 3858 2039 3916 tuum.
2082 3848 2159 3918 Cur

1171 3948 1278 4037 igitur
1292 3948 1528 4018 universalem
1545 3947 1818 4040 promissionem
1842 3948 1965 4021 abiicis
1987 3964 2022 4019 et
2046 3975 2157 4044 quac-

1169 4050 1217 4119 ris
1232 4051 1318 4120 alias
1332 4051 1614 4143 speculationes?
1640 4046 1796 4118 Retrahe
1811 4064 1967 4120 mentem
1982 4065 2016 4122 et
2031 4067 2156 4144 pectus

1170 4154 1215 4220 ad
1230 4154 1523 4244 promissionem,
1547 4167 1583 4222 et
1604 4153 1743 4222 intuere
1760 4152 1872 4224 filium
1887 4154 1967 4226 Dei.
2017 4154 2156 4228 Vocem

1170 4255 1244 4324 eius
1257 4258 1392 4341 audias,
1407 4258 1495 4328 scias
1511 4282 1590 4327 eum
1606 4268 1640 4324 et
1656 4256 1721 4325 tibi
1733 4282 1910 4328 summum
1921 4260 2157 4347 sacerdotem,

1170 4372 1204 4427 et
1218 4360 1452 4430 mediatorem
1477 4384 1549 4429 esse
1565 4360 1672 4442 velle,
1698 4385 1764 4429 nec
1784 4362 1895 4453 fingas
1916 4361 1954 4429 in
1967 4361 2046 4432 Deo
2073 4390 2157 4434 con-

1169 4462 1395 4535 tradictorias
1413 4465 1615 4533 voluntates
1631 4487 1716 4534 esse.

1139 4575 1144 4722 i

1201 4755 1250 4813 to)
1268 4755 1356 4803 Filios
1374 4754 1423 4803 Det
1442 4766 1556 4804 movens
1575 4759 1692 4804 montem
1711 4757 1794 4805 verbo
1819 4758 1846 4804 et
1865 4755 1966 4817 Spiritu
1985 4761 2083 4808 sancto
2107 4772 2156 4811 cor

1236 4824 1400 4881 accendens]
1417 4824 1458 4872 sic
1476 4824 1543 4872 lldd.
1564 4825 1655 4883 taos,
1676 4824 1749 4872 1557.
1769 4827 1797 4873 et
1817 4822 1908 4888 15511,
1927 4825 1975 4874 tto.
1995 4826 2156 4891 155511ρί-

1237 4894 1306 4941 ritus
1330 4896 1444 4941 sarrctus
1462 4906 1575 4942 moveos
1594 4895 1771 4954 perverbum
1791 4892 1848 4943 Dei.

1201 4996 1249 5054 71)
1267 4995 1432 5055 cogitemus]
1455 4997 1496 5047 sio
1522 4997 1591 5047 Eoo.
1619 4996 1709 5057 1555,
1737 4996 1810 5048 1557.
1835 5001 1864 5046 ct
1891 4997 1982 5061 1551).;
2008 5000 2059 5052 xo.
2080 5000 2158 5054 1551.

1234 5065 1414 5128 centigamus.

1200 5169 1248 5225 71)
1268 5171 1297 5217 ut
1316 5169 1349 5217 de
1368 5169 1445 5218 tionis
1464 5182 1518 5221 non
1542 5167 1725 5229 necessariis]
1750 5167 1791 5217 sie
1813 5168 1883 5217 Eoo.
1910 5167 1983 5219 1557.
2008 5173 2036 5222 et
2061 5174 2158 5240 mog

1238 5238 1286 5286 Ed.
1306 5238 1380 5287 1551.
1402 5243 1431 5288 ut
1450 5239 1483 5289 de
1501 5238 1595 5302 bonis3
1613 5238 1663 5287 Ed.
1684 5237 1757 5288 1550.
1776 5237 1810 5287 de
1828 5236 1915 5290 tonis.

1120 5410 1123 5414 Α
1201 5338 1250 5397 73)
1270 5338 1412 5388 samsonis
1431 5336 1461 5402 (ἰ.
1472 5353 1497 5401 q.
1507 5335 1672 5403 slmsontsl]
1689 5341 1730 5388 sic
1740 5337 1806 5392 Edd.
1821 5339 1908 5403 last,
1928 5336 2002 5391 1551.
2017 5343 2047 5391 ot
2062 5343 2139 5397 1550.
2148 5363 2158 5410 3

1236 5409 1285 5459 aa.
1306 5409 1379 5459 taso.
1400 5408 1543 5460 sansonis.
