4544 5766
208 227 254 298 71
470 213 911 292 sentententiae.
937 212 1003 284 AD
1029 210 1240 287 ETHICEN
1265 209 1331 283 ΕΤ
1356 208 1616 286 POLITICEN
1644 208 1956 284 SPECTANTIA.
2174 206 2228 280 72

208 392 419 488 Philosophi
439 419 524 464 vero
545 417 619 463 non
641 403 725 463 sunt
743 389 799 460 nsi
819 389 968 459 diversis
986 387 1194 480 appellatio·
1243 386 1294 455 les
1309 383 1466 457 notitias.
1517 385 1580 456 Est
1593 387 1702 478 igitur
1724 390 1778 459 ius
1795 385 1989 481 positivum
2006 378 2154 473 proprie
2168 379 2230 447 de·

210 503 335 584 nibus,
363 499 423 570 sed
437 508 566 566 vocant
581 508 774 586 utrumque
791 495 940 583 gradum
957 491 1012 560 ins
1031 503 1194 573 naturae,
1244 488 1451 557 terminatio
1482 491 1657 582 quaedam
1682 493 1770 562 iuris
1801 487 1994 569 naturalis,
2027 486 2072 552 ad
2092 494 2232 550 certum

210 600 296 698 quia
310 602 513 691 intelligunt
528 599 582 668 ius
600 623 674 667 esse
693 597 861 678 notitias,
888 607 924 664 et
946 589 1117 662 inchoant
1140 592 1194 662 ius
1244 592 1413 674 modurn,
1438 604 1586 684 propter
1601 594 1738 688 aliquas
1753 589 2047 665 circumstantias.
2084 585 2131 654 Et
2144 580 2232 653 haec

211 719 361 776 naturae
378 715 529 771 amente
547 714 580 769 et
595 699 774 792 agnitione
789 698 869 766 Dei.
918 695 1002 765 ldeo
1026 720 1102 764 non
1125 695 1195 765 dis·
1246 693 1322 785 ipsa
1345 694 1595 762 determinatio
1619 693 1727 767 habet
1749 698 1905 791 aliquam
1929 688 2152 784 probabilem
2173 711 2231 756 ra-

213 820 341 901 putant
358 807 401 875 de
424 805 600 896 pecudum
615 802 808 872 affectibus.
852 800 986 891 anes
1003 800 1097 867 enim
1115 798 1195 866 illae
1246 797 1402 879 tionem,
1435 797 1525 867 sicut
1549 799 1592 866 de
1613 801 1700 869 furti
1725 825 1841 891 poena
1865 800 1999 868 dictum
2023 805 2086 863 est.
2139 790 2230 860 Cum

214 910 361 979 notitiae
388 920 472 978 sunt
492 907 673 1000 quoddam
697 904 884 994 vestigium
899 902 967 971 Dei
985 902 1195 994 impressum
1247 911 1367 969 autern
1391 898 1676 971 circumstantiae
1700 904 1858 986 varient,
1886 900 2063 995 quaedam
2078 891 2232 963 dissimi-

213 1012 410 1093 mentibus‚
438 1011 534 1102 quod
558 1020 708 1078 testatur
729 1032 802 1076 csse
818 1006 956 1088 Deum,
983 1017 1018 1073 et
1040 1004 1197 1098 quaesit
1246 1001 1360 1072 litudo
1385 1013 1437 1071 cst
1457 1002 1545 1071 iuris
1568 1005 1713 1094 positivi
1729 1006 1767 1074 in
1782 1005 1929 1074 diversis
1942 997 2170 1080 nationibus,
2197 1008 2233 1065 et

215 1116 379 1184 voluntas
393 1111 462 1180 Dei
478 1113 573 1181 iuxta
590 1112 722 1201 legem,
746 1105 815 1178 hoc
830 1122 899 1192 cst,
927 1109 1024 1201 quod
1039 1109 1136 1178 Dens
1151 1106 1197 1175 sit
1247 1116 1368 1174 tamen
1381 1103 1436 1174 ius
1448 1106 1640 1197 positivum
1652 1109 1844 1198 gubernari
1858 1108 1976 1202 aliqua
1990 1105 2111 1195 regula
2125 1122 2232 1190 opor-

215 1217 373 1308 sapiens,
405 1216 541 1297 bonus,
573 1214 704 1294 iustus,
736 1212 889 1303 puniens
926 1211 1070 1280 scelera.
1146 1209 1197 1278 Ut
1248 1219 1316 1291 tet,
1330 1207 1518 1292 videlicet,
1540 1233 1584 1277 ne
1600 1225 1736 1301 pugnet
1750 1237 1830 1282 cum
1846 1211 1923 1280 iure
1940 1206 2109 1277 naturali.
2137 1201 2232 1272 Cori·

215 1320 312 1388 enim
335 1317 557 1408 agnoscimus
579 1342 645 1385 nos
660 1312 791 1384 habere
807 1325 982 1398 mentem,
1009 1326 1044 1382 et
1069 1313 1107 1381 in
1129 1308 1197 1381 hac
1248 1309 1346 1378 venit
1361 1311 1406 1378 ad
1422 1311 1697 1403 descriptionem
1717 1314 1804 1384 iuris
1819 1311 1983 1405 positivi,
2009 1306 2169 1378 definitio
2183 1304 2232 1374 le-

191 1435 333 1498 .mcnte
355 1419 623 1502 lucereDcum,
650 1418 699 1486 ita
720 1417 975 1485 ratiocinamur
989 1414 1107 1485 Deum
1123 1440 1196 1486 esse
1248 1412 1300 1503 gis
1321 1415 1417 1506 apud
1428 1411 1717 1486 Demosthenem.
1769 1418 1934 1486 Primum
1952 1413 2047 1482 enirn
2064 1410 2162 1505 quod
2176 1409 2230 1476 in-

215 1537 371 1594 mentem
387 1523 578 1616 quandam.
630 1518 718 1589 Item
735 1545 814 1588 curn
836 1520 997 1607 videmus
1019 1519 1058 1587 in
1072 1531 1197 1588 nostra
1249 1514 1347 1609 quit,
1372 1517 1485 1606 legem
1508 1542 1581 1587 esse
1603 1520 1738 1589 donum
1753 1519 1821 1588 Dei
1834 1520 1902 1616 ⁰⁷),
1929 1528 2023 1588 recte
2039 1524 2232 1582 monstre-

215 1640 333 1696 mente
349 1651 421 1694 esse
446 1625 612 1693 notitiam
636 1623 792 1704 ordinis,
818 1636 853 1691 et
872 1622 1063 1691 discrimen
1085 1617 1196 1690 hone·
1248 1619 1367 1708 gulam
1383 1619 1545 1690 omnium
1567 1621 1685 1712 legum
1701 1636 1867 1714 oportere
1887 1647 1960 1692 esse
1978 1617 2124 1688 notitias
2141 1614 2233 1683 divi·

214 1743 350 1799 storum
376 1740 411 1795 et
432 1727 610 1818 turpium,
636 1725 891 1793 ratiocinamur
914 1721 1006 1793 hanc
1029 1737 1196 1792 naturam
1248 1720 1343 1790 nitus
1365 1718 1555 1813 impressas
1576 1719 1795 1797 hominibus.
1847 1726 1916 1795 Sed
1939 1723 2036 1820 quod
2058 1718 2232 1813 sequitur,

213 1856 289 1901 non
318 1830 470 1899 extitisse
492 1853 586 1899 casu.
660 1824 748 1896 Item
780 1829 876 1921 quod
896 1826 992 1896 Deus
1020 1827 1197 1896 discernat
1247 1823 1393 1915 proprie
1414 1825 1569 1916 pertinet
1591 1828 1637 1895 ad
1658 1828 1713 1897 ius
1734 1826 1948 1920 positivum,
1974 1828 2157 1895 decretum
2178 1842 2232 1890 sa-

213 1935 305 2005 iusta
323 1945 357 2000 et
376 1933 518 2014 iniusta,
537 1928 685 1999 honesta
702 1942 737 1998 et
751 1930 885 2021 turpia:
914 1930 962 1998 ita
980 1924 1196 2020 philosophi,
1247 1925 1428 2016 picatum,
1449 1941 1484 1996 et
1499 1954 1688 1999 commune
1705 1945 1848 2022 pactum
1864 1929 2026 2000 civitatis.
2053 1925 2120 1994 Hic
2134 1923 2231 1997 enim

215 2062 296 2105 curn
313 2029 482 2102 inchoent
491 2034 551 2127 ²ius
566 2045 715 2102 naturae
732 2056 750 2099 a
770 2046 889 2100 mente
908 2029 1076 2115 hominis,
1102 2045 1137 2100 ct
1152 2033 1196 2100 ab
1247 2029 1413 2120 intelligit
1435 2031 1601 2100 notitiam
1624 2035 1833 2124 explicatam
1860 2048 1894 2104 et
1912 2029 2187 2102 determinatam
2210 2049 2231 2094 a

214 2137 396 2228 agnitione
409 2134 497 2220 Dei,
524 2149 558 2204 et
573 2148 711 2204 tantum
727 2135 922 2226 loquantur
937 2137 981 2202 de
998 2135 1196 2204 actionibus
1247 2132 1478 2223 sapientibus,
1500 2146 1534 2202 et
1549 2137 1814 2227 promulgatam
1829 2137 2020 2207 autoritate
2035 2129 2234 2202 ordinaria.

212 2236 399 2322 humanis,
432 2263 508 2308 non
519 2233 653 2306 hahent
668 2238 823 2306 diversas
838 2238 1093 2328 appellationes
1109 2237 1196 2306 iuris

212 2355 363 2412 naturae
380 2353 415 2409 ct
434 2340 602 2432 gentium.
654 2340 706 2409 Ac
731 2340 1050 2409 demonstrationes
1073 2364 1195 2409 omnes

213 2469 318 2514 verae
334 2445 373 2512 in
389 2439 616 2535 philosophia
630 2442 760 2511 morali
785 2456 868 2511 sunt
892 2443 1037 2534 proprie
1057 2442 1111 2512 ius
1133 2467 1196 2510 na·
1350 2440 1448 2509 Sicut
1469 2441 1590 2510 lumen
1613 2443 1651 2511 in
1667 2445 1795 2531 oculis,
1821 2447 1905 2516 dum
1919 2452 2006 2516 ‘sunt
2022 2445 2232 2526 incolumes,

213 2560 313 2618 turae
335 2571 397 2616 seu
418 2546 598 2636 gentium,
626 2558 760 2614 etcum
783 2545 1101 2615 demonstrationes
1126 2546 1197 2614 sint
1247 2542 1341 2611 idem
1355 2556 1495 2612 manet:
1521 2544 1570 2613 ita
1585 2546 1760 2638 principia
1776 2550 1907 2618 artium
1924 2551 2043 2619 lucent
2055 2557 2231 2640 perpetuo

211 2646 422 2720 hauddubie
434 2648 676 2717 ordinationes
690 2648 860 2717 divinitus
873 2649 986 2716 factae
1002 2648 1041 2715 in
1053 2660 1196 2731 natura,
1249 2646 1288 2713 in
1312 2647 1491 2716 mentibus
1513 2649 1619 2718 sanis.
1675 2649 1820 2720 Dictum
1851 2666 1902 2722 cst
1929 2665 2047 2722 autem
2079 2651 2134 2721 ius
2166 2671 2232 2716 na·

212 2778 274 2824 scu
288 2752 436 2822 notitiae
452 2753 592 2820 divinae
607 2751 843 2820 ordinationis
866 2751 903 2818 in
920 2763 1068 2832 natura,
1101 2763 1195 2818 recte
1248 2761 1369 2830 turae,
1396 2774 1458 2818 seu
1481 2749 1573 2840 leges
1594 2745 1844 2824 naturaecsse
1865 2755 2011 2824 notitias
2033 2751 2229 2837 naturales,

211 2856 341 2925 dicitur
356 2855 411 2922 ius
426 2854 587 2922 naturale
607 2877 679 2921 csse
695 2853 749 2921 ius
764 2853 937 2934 divinum,
959 2853 1049 2920 sicut
1063 2854 1196 2922 Paulus
1246 2851 1436 2943 dequibus
1460 2875 1540 2920 cum
1565 2855 1768 2946 quaeritur,
1795 2880 1840 2926 an
1863 2857 1918 2927 ins
1939 2870 2089 2927 naturae
2104 2855 2151 2925 sit
2163 2854 2230 2925 im·

206 2970 333 3048 aperte
348 2950 649 3045 vocatdrxac'waa
664 2954 757 3025 θεοῦ
768 2954 820 3024 ius
829 2954 909 3037 Dei,
921 2954 1028 3025 Rom.
1040 2954 1194 3050 (1,32.).
1246 2954 1436 3036 mutabile,
1476 2967 1571 3023 recte
1600 2961 1837 3047 respondetur
1863 2960 2121 3030 immutabilem
2154 2980 2229 3027 esse

209 3057 303 3129 Vera
327 3071 379 3126 est
399 3057 508 3148 igitur
526 3056 668 3147 regula,
695 3081 786 3148 quae
811 3057 943 3151 inquit:
971 3054 1028 3126 lus
1046 3070 1194 3127 naturae
1246 3067 1360 3125 totum
1391 3069 1602 3126 concentum
1628 3061 1839 3132 notitiarum
1864 3063 2103 3146 naturalium,
2137 3060 2231 3130 sicut

210 3162 404 3231 violantem
421 3183 566 3251 peccare
581 3159 791 3229 mortaliter.
1246 3158 1367 3228 lumen
1388 3159 1426 3226 in
1449 3160 1560 3229 oculis
1582 3165 1676 3231 sanis
1700 3164 1792 3233 idem
1816 3178 1878 3236 est.
1928 3165 1997 3236 Sed
2018 3166 2112 3234 inter
2132 3162 2230 3255 ipsae

311 3261 369 3332 lus
407 3262 600 3353 positivum
641 3274 692 3330 est
734 3261 907 3330 sententia
954 3261 1194 3352 magistratus,
1244 3261 1390 3330 notitias
1411 3261 1558 3355 qnidam
1579 3267 1708 3353 gradus
1727 3279 1828 3351 sunt,
1854 3282 1889 3337 et
1909 3268 2151 3360 superioribus
2173 3289 2231 3333 ce·
2269 3315 2272 3337 .

209 3389 300 3460 quae
315 3364 414 3435 addit
429 3365 540 3434 adius
554 3376 703 3434 naturae
718 3364 1021 3434 circumstantiam
1035 3365 1192 3458 aliquam
1245 3364 1336 3433 dunt
1357 3364 1562 3451 inferiores,
1588 3380 1628 3435 ut
1644 3369 1700 3437 lex
1713 3383 1864 3439 naturae
1882 3383 1949 3440 est:
1976 3371 2099 3440 Redde
2116 3371 2229 3461 depo·
2268 3421 2272 3440 .

207 3469 347 3538 ratione
366 3467 563 3559 probabili,
587 3492 661 3535 non
677 3467 893 3549 necessaria,
917 3468 1026 3536 ntius
1042 3480 1192 3536 naturae
1244 3466 1371 3550 situm,
1397 3468 1457 3536 sed
1473 3468 1502 3538 si
1518 3469 1672 3541 furiosus
1687 3485 1850 3565 reposcat
1866 3474 2041 3565 gladium,
2066 3469 2161 3543 hanc
2175 3472 2228 3540 le⁴
2268 3531 2272 3540 .

207 3574 310 3641 docet
327 3573 364 3640 in
380 3596 509 3660 genere
525 3572 618 3639 furta
636 3571 818 3661 punienda
837 3594 922 3639 esse.
962 3569 1101 3638 Deinde
1118 3588 1192 3638 ma·
1243 3594 1322 3661 gem
1339 3570 1484 3662 corrigit
1496 3572 1565 3639 alia
1581 3574 1761 3665 superior:
1793 3576 1980 3645 Neminem
1996 3578 2135 3658 laedas,
2162 3571 2228 3668 qui
2264 3615 2267 3621 ·

207 3677 374 3766 gistratus
391 3675 489 3743 addit
507 3674 678 3764 speciem,
701 3673 1026 3742 videlicetmodum
1042 3697 1191 3764 poenae,
1243 3674 1331 3742 nulli
1348 3666 1499 3744 nocuit.
1533 3672 1632 3744 Licet
1647 3677 1753 3768 igitur
1769 3703 1843 3747 non
1856 3681 2015 3750 reddere.
2064 3677 2227 3750 Proinde
2267 3731 2272 3738 .

207 3779 245 3845 in
271 3802 342 3870 quo
373 3776 621 3846 constituendo
648 3776 808 3868 sequitur
831 3775 1053 3865 probabilem
1081 3776 1191 3844 ratio·
1241 3775 1291 3844 sic
1314 3789 1365 3845 est
1386 3775 1607 3846 immutabile
1628 3779 1682 3850 ius
1704 3792 1873 3865 naturae,
1899 3795 1940 3852 ut
1963 3783 2228 3876 quaelibetno⁴

206 3905 310 3964 nem,
343 3879 485 3972 ingenia
513 3878 688 3947 ferociora
723 3872 927 3947 darrioribus
954 3876 1104 3947 vinculis
1132 3903 1190 3946 co·
1241 3878 1318 3946 titia
1343 3902 1408 3948 suo
1439 3879 1518 3949 loco
1547 3893 1654 3975 atque
1680 3884 1807 3952 ordine
1831 3899 2069 3957 conservetur.
2126 3883 2229 3953 Haec
2264 3946 2272 3967 ,,

124 3999 128 4002 ’
205 3979 382 4053 hercenda
405 3995 497 4051 sunt.
549 3981 721 4051 Germani
744 4005 819 4049 non
841 3993 991 4070 possunt
1009 3977 1190 4050 coherceri
1241 3981 1427 4072 explicatio
1451 3994 1574 4073 arguta
1600 3997 1671 4066 est,
1705 3987 1820 4056 dicere
1848 4001 1962 4057 totum
1988 3989 2151 4058 ordinem
2173 3985 2229 4054 le·

205 4085 493 4178 levibuspoenis.
527 4082 624 4174 Ergo
642 4097 692 4153 est
708 4084 881 4153 utendum
902 4083 1044 4173 capitali
1059 4108 1187 4175 poena.
1240 4107 1323 4173 gum
1340 4084 1599 4175 inspiciendum
1616 4110 1701 4171 csse,
1720 4102 1755 4158 et
1770 4114 1833 4159 suo
1851 4117 2030 4186 quamque
2045 4093 2124 4160 loco
2140 4112 2228 4182 per·
2262 4149 2272 4181 Ἰ

204 4189 311 4259 Ratio
329 4189 502 4259 naturalis
518 4187 615 4255 iubet
631 4201 795 4277 parentes
812 4185 947 4277 aliquid
963 4211 1087 4255 curare
1101 4187 1187 4255 libe-
1238 4199 1383 4276 petuam
1411 4213 1495 4258 esse..
1547 4188 1604 4257 Sic
1627 4192 1733 4260 etiam
1765 4205 1817 4261 est
1846 4195 1902 4264 lex
1922 4207 2090 4278 naturae,
2123 4202 2227 4262 cor'n·
2264 4224 2266 4229 ·

202 4291 271 4373 ris,
297 4291 327 4361 si
343 4303 524 4384 praestent
539 4291 708 4381 pietatem
725 4291 892 4358 debitam.
944 4286 1042 4378 Ergo
1057 4291 1187 4359 debent
1238 4288 1395 4359 maniter
1414 4292 1468 4360 uti
1492 4294 1615 4377 rebus,
1641 4305 1763 4363 tamen
1787 4296 1871 4390 quia
1894 4294 2052 4366 haeclex
2070 4294 2228 4365 nuncin
2271 4280 2272 4284 Ἰ

202 4407 368 4488 parentes
409 4395 458 4462 eis
491 4393 693 4487 relinquere
727 4405 892 4487 quartam
926 4404 1084 4483 partem,
1124 4418 1186 4463 seu
1236 4393 1429 4485 depravata
1446 4406 1574 4465 natura
1588 4410 1724 4486 pugnat
1740 4422 1820 4468 curn
1836 4400 2012 4493 superiori
2029 4402 2121 4491 lege:
2149 4397 2227 4469 Ne*

202 4498 387 4580 trientem,
418 4518 510 4590 quae
532 4498 728 4565 vocabatur
750 4495 929 4587 legitima,
961 4494 1080 4563 debita
1106 4495 1184 4566 inre
1235 4495 1369 4564 minem
1395 4497 1531 4581 laedas,
1559 4498 1620 4591 qui
1642 4499 1731 4568 nulli
1749 4503 1892 4587 nocuit,
1917 4502 1988 4572 iam
2002 4502 2095 4573 ratio
2114 4502 2227 4571 docet
2267 4575 2272 4596 .

200 4598 377 4681 naturali,
404 4622 513 4692 quam
537 4611 702 4687 parentes
724 4625 799 4667 non
819 4610 969 4690 possunt
986 4597 1123 4689 eripere
1141 4599 1183 4666 li·
1234 4597 1481 4688 distinguenda
1506 4625 1578 4670 csse
1601 4602 1781 4689 dominia,
1812 4606 1894 4698 quia
1922 4617 2108 4697 praetextu
2130 4604 2227 4695 legis
2265 4672 2268 4677 ,

199 4706 314 4786 beris,
339 4701 410 4769 nisi
428 4713 576 4793 propter
593 4712 688 4768 certa
710 4702 852 4770 scelera.
901 4699 969 4767 Hic
985 4713 1182 4793 sequuntur
1233 4701 1276 4769 de
1301 4704 1572 4784 communione,
1599 4705 1703 4774 multi
1728 4709 1765 4775 in
1784 4702 1850 4775 hac
1872 4709 2129 4800 depravatione
2152 4730 2226 4779 na·

201 4804 444 4878 conclusiones
465 4828 540 4873 non
563 4803 782 4886 necessario,
809 4803 869 4872 sed
885 4817 1006 4872 tamen
1022 4817 1105 4873 sunt
1121 4805 1180 4872 de·
1232 4815 1334 4874 turae
1354 4804 1493 4874 incitati
1515 4805 1655 4876 iniustis
1670 4809 1919 4901 cupiditatibus
1935 4824 2108 4882 nocerent
2125 4811 2224 4884 aliis.
2263 4874 2267 4883 .

197 4908 467 4982 terminationes
482 4908 657 5002 quaedam
674 4906 893 4998 generalium
909 4907 1178 4991 sententiarum,
1231 4906 1321 4977 Cum
1349 4907 1457 4998 igitur
1481 4933 1565 4978 vera
1591 4923 1626 4980 et
1646 4923 1742 4980 recta
1766 4911 1859 4983 ratio
1889 4939 1930 4985 ac
1953 4914 2223 4987 demonstratio
2266 4897 2268 4903 Ι

199 5042 241 5088 ex
256 5013 384 5108 quibus
398 5025 606 5105 sequnntur.
649 5011 699 5081 Ut
714 5010 809 5080 enim
825 5010 955 5079 medici
970 5010 1007 5077 in
1025 5009 1178 5079 curatio-

196 5121 300 5191 nibus
327 5128 475 5206 propler
503 5114 711 5183 varietatem
740 5113 1085 5182 circumstantiam!
1115 5136 1176 5181 ³11·
1260 5139 1309 5207 tu)
1326 5142 1526 5192 Demosthenes
1543 5142 1570 5191 tn
1589 5141 1713 5193 orattcae
1728 5142 1756 5192 tn
1768 5143 1987 5207 Aristogitonem
1998 5150 2087 5214 prtma
2103 5151 2221 5218 (opera

194 5235 277 5316 gent
300 5232 362 5288 aut
388 5219 622 5286 moderantur
644 5217 794 5285 remedii
822 5217 975 5284 sormam
997 5214 1175 5307 probabili
1296 5211 1606 5330 0¹¹·33052303t’377423
1638 5213 1680 5292 ⁰⁶5
1699 5213 1831 5293 &Meter
1851 5217 1931 5299 T⁰m2
1943 5218 1962 5268 1.
1989 5234 2013 5280 a·
2033 5218 2107 5302 3⁹¹)
2131 5225 2220 5280 dicits
2263 5264 2268 5269 -

193 5328 355 5405 ratione,
383 5321 431 5388 ita
449 5321 698 5411 legumlatores
714 5333 863 5413 propter
876 5318 1082 5387 varietatem
1107 5317 1174 5386 cir·
1293 5294 1453 5414 risibili
1471 5294 1630 5416 tidivipiirii
1647 5294 1753 5346 ἕψημα
1765 5296 1820 5349 W
1831 5280 1878 5333 nat
1892 5282 1981 5352 δωρον
1992 5291 2068 5340 θεων
2079 5286 2175 5359 etym
2191 5286 2223 5347 ὁ.

190 5425 485 5500 cumstantiarum
509 5435 720 5516 exasperant
745 5435 806 5493 aut
838 5421 1004 5513 mitigant
1027 5444 1173 5513 genera·
1257 5450 1305 5517 aa)
1324 5456 1464 5516 numae]
1488 5453 1530 5504 stc
1545 5451 1596 5504 aa
1616 5453 1690 5505 aare.
1699 5469 1710 5519 ;
1733 5453 1801 5507 rac.
1820 5454 1896 5512 teas.
1914 5460 1943 5509 et
1961 5460 2036 5512 raro.
2053 5466 2208 5523 naturate.

1297 2307 1411 2376 Estne
1426 2309 1487 2377 ius
1503 2316 1668 2380 naturae
1683 2306 1730 2403 ⁰⁸)
1756 2332 1904 2404 semper
1919 2301 2184 2382 immutabile?
