4544 5766
10 160 12 177 '
74 182 148 259 sss
442 200 453 227 ··
627 184 1055 261 arenosorum
1074 185 1292 261 nemus
1312 187 1583 265 serrone.
1658 250 1661 257 .
2028 190 2105 279 1⁶4

73 382 215 441 remus,
256 358 321 451 qni
350 359 542 451 praecipit,
582 372 623 430 ut
665 385 827 431 amemus
865 362 1065 434 veritatem.
1116 360 1343 451 arrogantia,
1387 364 1503 457 qualis
1533 377 1586 436 est
1618 363 1803 435 comoedia
1833 358 2101 459 Thraseuis⁰¹),

10 498 12 521 ι
71 463 212 531 Deinde
227 463 411 530 sunttines
429 463 578 554 plurimi
600 464 720 534 minus
741 464 975 556 principales,
1000 466 1065 534 sci—
1115 459 1311 556 hypocrisis
1331 464 1372 534 in
1390 466 1568 549 moribus,
1594 480 1635 537 ut
1657 468 1694 535 in
1715 467 1971 559 impostoribus
1992 466 2102 537 simu-

69 567 153 633 licet
164 562 349 633 utilitates.
375 561 475 635 Nihil
488 566 585 635 enim
599 567 785 636 nocentius
800 581 852 636 est
864 569 1063 651 mendacio,
1114 566 1268 637 lantibus
1282 568 1505 658 religionem,
1532 582 1595 639 aut
1611 570 1810 660 perfidiosis
1826 569 1961 640 amicis.
2011 566 2100 639 ltem

69 669 158 736 falsa
176 666 342 735 doctrina
357 671 558 760 corrumpit
572 670 774 760 religiones,
799 695 930 753 mores,
956 684 1062 753 artes,
1113 669 1329 761 suspicacem
1354 696 1447 754 esse,
1484 672 1653 754 infidum,
1692 675 1778 742 item
1800 671 2017 742 calumniose
2040 674 2100 740 de-

67 770 170 839 uulla
203 769 354 852 iudicia,
388 771 477 841 nulli
503 785 705 842 contractus
727 773 875 842 existere
900 787 1061 864 possunt,
1112 785 1322 863 pravantem
1341 774 1495 843 aliorum
1518 775 1610 843 dicta
1635 777 1795 859 etfacta,
1821 770 2013 866 sophistica
2036 798 2100 845 seu

66 874 207 943 sublata
227 873 387 943 veritate.
1112 871 1387 967 sycophantica,
1414 877 1544 960 idest,
1569 878 1727 948 studium
1750 879 1975 970 captionum,
2002 879 2098 947 calu-

172 974 221 1042 lli
236 976 325 1044 fines
340 988 424 1045 suut
435 976 550 1066 magis
564 978 758 1069 conspicui,
775 991 809 1046 et
821 1003 896 1047 non
913 980 1060 1049 obscure
1111 979 1304 1062 mniarurn,
1330 980 1369 1048 iu
1384 980 1559 1064 doctrina,
1586 980 1734 1063 artibus,
1760 981 1923 1072 negotiis,
1947 980 2097 1050 iudiciis.

67 1089 270 1160 testantur,
296 1081 482 1148 veritatem
499 1081 736 1149 necessariam
755 1106 828 1151 esse
846 1082 883 1150 in
900 1082 984 1152 vita.
1110 1080 1187 1150 Hae
1204 1095 1288 1151 sunt
1303 1082 1515 1174 praecipuae
1532 1096 1649 1174 pestes
1663 1082 1841 1153 Ecclesiae
1859 1097 1893 1152 et
1909 1086 2096 1173 rerunipu-

171 1180 391 1270 Pugnantia.
442 1181 649 1252 Aristoteles
673 1210 737 1253 suo
755 1209 856 1252 more
871 1185 1058 1253 veritatem
1108 1183 1294 1255 blicarum.

65 1282 222 1351 collocat
237 1283 332 1352 inter
348 1288 420 1353 clero
447 1298 625 1369 extrema,
652 1287 745 1354 inter
769 1287 974 1357 iactantiam
997 1311 1058 1355 seu
1208 1286 1339 1357 Affinia
1354 1288 1526 1370 veritatis,
1551 1311 1655 1357 amor
1670 1285 1867 1368 doctrinae,
1889 1299 1924 1354 et
1939 1286 2097 1356 studium

63 1385 349 1470 simulationem,
377 1400 411 1455 et
426 1388 757 1458 dissimulationem.
808 1390 864 1458 Ad
879 1416 967 1483 quas
981 1415 1058 1480 spe·
1109 1389 1315 1482 inquirendi
1329 1415 1385 1460 res
1401 1392 1527 1460 bonas.
1578 1389 1793 1480 Simplicitas
1820 1390 1965 1479 proprie
1987 1388 2096 1478 signi-

63 1488 137 1557 eies
152 1513 243 1558 sane
259 1490 345 1558 vitia
362 1491 559 1582 pugnantia
579 1518 658 1560 cum
672 1493 821 1561 veritate
835 1493 961 1561 relerri
975 1517 1057 1583 pos-
1108 1494 1189 1560 licat
1203 1493 1317 1582 ipsam
1335 1495 1540 1575 veritatem,
1566 1487 1636 1561 boc
1660 1503 1731 1573 est,
1756 1503 1871 1574 recta,
1896 1491 1972 1561 sine
1994 1491 2095 1575 lucis,

61 1604 174 1674 scuit,
201 1591 367 1662 videlicet
392 1594 548 1677 vanitas,
581 1620 644 1664 scu
666 1596 822 1665 studium
846 1595 1057 1678 mentiendi,
1107 1595 1183 1664 siue
1198 1591 1388 1686 sophistica
1402 1595 1598 1678 sententia,
1623 1595 1741 1663 dicere
1759 1607 1794 1662 et
1807 1595 1922 1663 facere
1933 1592 1993 1686 92).

770 1865 1390 1954 Beneficeutia.

166 2097 338 2167 Proxime
368 2112 518 2190 cognata
546 2114 599 2169 est
626 2100 781 2171 iustitiae
810 2104 1055 2189 beneficentia,
1192 2095 1271 2184 ἇνῆρ
1291 2098 1352 2186 γὰρ
1371 2097 1488 2184 ἄνδρα,
1510 2098 1663 2181 milam)
1685 2098 1777 2175 vulla
1799 2097 1912 2163 πόλιν·

60 2224 124 2269 seu
138 2200 450 2285 liberalitas,nam
466 2199 553 2271 baec
570 2207 890 2297 quoqueconsistit
905 2207 944 2275 in
959 2233 1056 2277 eom·
1189 2206 1261 2286 χεὶρ
1280 2213 1375 2287 χεῖρα
1397 2209 1516 2280 νύττει,
1545 2200 1699 2276 δάκτυλός
1716 2225 1748 2266 τε
1767 2199 1930 2266 δάκτυλον·
1959 2217 1966 2249 ¹
2005 2233 2012 2246 ’

61 2303 311 2373 municatione
335 2308 503 2398 quadam.
575 2304 711 2376 lustitia
734 2311 974 2379 communicat
999 2336 1054 2380 res
1206 2309 1298 2378 Sunt
1324 2323 1444 2378 alitem
1474 2308 1631 2400 duplicia
1661 2308 1851 2391 beneficia,
1885 2307 2024 2399 publica
2058 2320 2093 2376 et

61 2406 223 2489 debitas,
250 2409 480 2477 beneficentia
496 2432 553 2477 res
569 2434 644 2478 non
659 2411 815 2495 debitas,
842 2414 1053 2504 praesertim
1105 2409 1264 2500 privata,
1290 2412 1395 2503 longe
1411 2411 1713 2503 praestantissima
1731 2423 1814 2480 sunt
1829 2411 1971 2501 publica
1996 2410 2092 2479 tide-

62 2509 141 2578 iure
157 2510 275 2594 civili,
299 2523 336 2580 et
355 2523 454 2594 tum,
481 2512 565 2604 quia
583 2514 733 2583 societas
750 2510 901 2584 humani
915 2518 1053 2607 generis
1104 2513 1187 2580 licet
1208 2539 1353 2597 eorum,
1387 2515 1450 2608 qui
1473 2527 1535 2583 aut
1556 2515 1777 2583 constituunt
1800 2525 1862 2582 ant
1883 2515 2092 2595 defendunt,

62 2613 174 2681 etiarn
196 2614 352 2703 gratuita
371 2617 525 2706 quadam
542 2617 866 2686 corirmunicatiune
884 2644 973 2710 opus
990 2615 1053 2688 ha·
1108 2627 1170 2684 aut
1185 2616 1341 2685 retinent
1354 2617 1582 2708 respublicas.
1633 2616 1711 2684 Hoc
1727 2616 1806 2682 loco
1828 2616 1986 2705 ponendi
2009 2628 2093 2685 sunt

63 2716 133 2797 bet,
147 2717 266 2785 multa
282 2731 365 2787 sunt
382 2718 496 2787 officia
512 2743 588 2787 non
604 2720 722 2787 debita
739 2720 815 2789 iure
832 2722 939 2804 civili,
961 2747 1052 2816 quae
1105 2717 1211 2787 ctiam
1240 2721 1422 2802 doctores,
1458 2720 1521 2813 qui
1550 2717 1873 2787 communicatione
1905 2719 2089 2786 doctrinae

10 2842 12 2857 ¹
64 2832 187 2888 tamen
201 2819 325 2912 aliquo
347 2823 456 2890 modo
481 2820 576 2891 inter
599 2847 665 2891 nos
686 2821 762 2891 iure
785 2836 935 2893 naturae
956 2851 1053 2894 com·
1104 2817 1440 2895 caeterosbo'mines
1455 2823 1592 2902 iuvant,
1606 2846 1678 2913 quo
1694 2844 1821 2910 genere
1837 2820 1996 2888 beneficii
2012 2821 2090 2888 nul-

66 2922 251 2991 municare
265 2923 445 2994 debemus.
470 2923 686 2994 Huiusmodi
700 2938 784 2994 sunt
800 2926 914 2996 officia
930 2930 1052 2997 onmia
1104 2923 1179 2992 lum
1193 2925 1309 2993 maius
1326 2938 1394 2994 est:
1419 2920 1508 2993 nibil
1527 2925 1621 2994 enim
1639 2923 1808 3005 veritate,
1834 2923 1979 2992 scientia
2007 2923 2089 2990 reli-

63 3024 139 3095 aliis
162 3027 383 3110 necessaria,
417 3051 508 3120 quae
524 3053 591 3097 nos
609 3028 684 3097 sine
703 3029 933 3099 incommodo
949 3057 1052 3122 prae·
1104 3026 1219 3116 gionis
1240 3040 1275 3095 et
1297 3028 1452 3097 aliarum
1474 3030 1653 3097 bonarum
1683 3025 1836 3108 artium,
1863 3027 1901 3093 in
1925 3039 2000 3093 tota
2024 3021 2089 3093 bu-

66 3140 156 3196 stare
178 3152 388 3219 possumus,
421 3131 518 3199 iuxta
542 3133 719 3220 regulam:
762 3132 870 3224 Quod
891 3134 956 3202 tibi
977 3160 1052 3203 non
1103 3129 1210 3198 minis
1228 3129 1300 3199 vita
1318 3131 1443 3200 melius
1461 3144 1522 3200 est.
1595 3128 1710 3198 Debet
1727 3141 1845 3199 autent
1868 3128 2032 3220 inprimis
2048 3128 2089 3196 li-

66 3243 183 3313 notet,
207 3243 247 3299 et
262 3232 365 3301 alteri
380 3235 537 3322 prodest,
552 3234 703 3324 benigne
718 3239 972 3325 praestandum
988 3252 1052 3322 est,
1103 3232 1232 3303 besalis
1256 3257 1328 3303 esse
1350 3233 1626 3304 communicatio
1659 3233 1696 3299 in
1724 3232 1951 3315 docentibus,
1991 3232 2088 3299 iuxta

67 3333 186 3426 qualis
210 3346 312 3418 sunt,
345 3361 419 3405 non
440 3333 627 3427 prohiberi
649 3362 778 3431 aquarn
800 3340 1052 3428 profluentem,
1103 3335 1336 3424 proverbium
1351 3334 1519 3433 ἄφθονοι
1532 3339 1689 3428 μουσῶν
1707 3329 1837 3431 θύραι.

68 3447 268 3506 monstrare
290 3438 387 3506 viam
412 3439 567 3524 erranti,
593 3442 680 3509 dare
701 3440 887 3511 consilium
904 3445 1051 3535 petenti,
1204 3436 1285 3507 Alia
1313 3451 1396 3508 sunt
1419 3438 1560 3530 privata
1587 3437 1779 3520 beneficia,
1815 3464 1895 3508 cum
1925 3439 2089 3506 videlicet

68 3533 147 3609 baec
171 3539 239 3632 qni
256 3564 332 3609 non
356 3542 616 3626 communicat,
644 3543 831 3613 iustissime
857 3548 993 3615 censeri
1017 3560 1052 3616 et
1102 3537 1269 3629 privatim
1296 3566 1426 3631 operae
1455 3554 1517 3609 aut
1545 3541 1729 3609 facultates
1758 3540 2086 3609 communicantur:

69 3641 241 3733 appellari
261 3645 404 3714 debebit
424 3643 709 3741 μσάνθρωπος.
1103 3666 1184 3710 cum
1209 3657 1327 3711 autem
1348 3644 1508 3735 privatae
1533 3643 1717 3712 facultates
1739 3656 1845 3736 atque
1868 3669 1998 3735 operae
2014 3668 2091 3711 non

162 3745 369 3817 Secundum
376 3761 623 3840 praeceptum:
639 3751 1049 3820 communicandaetiam
1101 3743 1239 3834 possint
1257 3747 1422 3816 omnibus
1437 3748 1616 3828 sufficere,
1642 3747 1790 3815 modum
1809 3749 1987 3840 quendam
2004 3746 2088 3814 libe.-

70 3870 135 3917 ωε
149 3852 331 3942 quaedam
347 3876 427 3920 cum
437 3853 558 3944 aliquo
570 3865 694 3921 nostro
705 3852 949 3936 incommodo,
964 3878 1049 3922 nam
1102 3847 1254 3918 talitatis
1268 3874 1342 3919 esse
1358 3862 1512 3942 oportet.
1563 3850 1616 3918 Sit
1632 3849 1740 3938 igilur
1760 3851 1917 3940 primunt
1933 3847 1990 3920 bic
2012 3876 2088 3917 ntu-

71 3951 265 4022 wmmunis
284 3955 434 4024 societas
457 3950 606 4023 humani
637 3956 775 4044 generis
803 3957 978 4046 postcdat,
1010 3970 1050 4026 ut
1102 3952 1188 4033 dus,
1222 3964 1263 4021 ut
1283 3952 1331 4021 ita
1357 3953 1571 4043 largiamur,
1604 3965 1645 4020 nt
1669 3965 1789 4021 tamen
1812 3952 2028 4043 patrimonia
2053 3963 2106 4019 et‘

70 4052 160 4123 iustis
176 4056 346 4145 periculis
364 4057 516 4127 aliorum
532 4057 746 4141 afficiamur,
773 4084 885 4152 eaque
907 4084 974 4150 pro
997 4060 1050 4127 vi·
1100 4055 1231 4122 fundos
1261 4055 1491 4125 mediocriter
1524 4068 1699 4125 tueamur.
1750 4054 1903 4147 Expedit
1913 4054 1960 4147 ⁰¹)
1991 4054 2086 4120 euim

70 4155 119 4224 rili
138 4182 226 4227 eum
249 4160 373 4254 aliquo
401 4174 526 4229 nostro
558 4162 788 4229 incommodo
819 4164 1048 4252 depellamus.
1100 4155 1335 4246 reipublicae,
1361 4184 1406 4229 ne
1428 4159 1642 4250 dissipentur
1663 4158 1901 4249 patrimonia,
1937 4181 2087 4250 cassique

69 4254 216 4355 ideoque
238 4276 403 4353 potentes
426 4264 517 4333 tueri
540 4265 670 4332 debent
686 4265 865 4333 tenuiores
881 4267 1049 4335 adversus
1101 4259 1147 4326 ob
1162 4283 1305 4329 causam
1320 4273 1355 4329 et
1369 4264 1574 4332 decoctores
1587 4261 1723 4349 legibus
1738 4260 1884 4327 iufamia
1902 4273 2088 4341 notantur,

70 4360 232 4447 iniurias,
263 4366 392 4437 divites
412 4366 535 4457 largiri
557 4369 685 4436 debent
711 4367 905 4458 egentibus.
958 4369 1049 4438 Sunt
1101 4373 1134 4428 et
1149 4363 1290 4453 prodigi
1306 4365 1351 4432 ab
1365 4363 1673 4434 administratione
1697 4363 1878 4432 bonorum
1900 4390 2088 4432 rennuen-

71 4462 358 4552 nimbomines,
382 4483 423 4540 ut
437 4469 547 4539 Stoici
561 4472 743 4562 praeclare
764 4471 904 4552 dicunt,
931 4465 1049 4538 bomi—
1101 4475 1169 4534 tur.
1228 4465 1282 4535 Sit
1301 4467 1410 4557 igitur
1431 4462 1489 4535 bic
1510 4465 1590 4535 linis
1616 4478 1651 4533 et
1670 4468 1797 4536 modus
1821 4467 2088 4549 beneticentiae,

72 4592 145 4639 mm
162 4595 271 4642 causa
287 4572 384 4656 nati,
410 4598 520 4666 quare
535 4574 691 4641 naturali
707 4574 924 4663 obligatione
944 4575 1049 4641 debe-
1098 4607 1305 4620 -—-

73 4696 137 4743 m
149 4673 208 4756 ὼ,
220 4675 287 4769 qui
304 4690 491 4747 versantur
505 4676 544 4742 in
559 4676 736 4766 periculis,
754 4677 860 4745 eliam
868 4701 948 4745 cum
960 4677 1049 4745 obli,
1133 4664 1181 4732 0¹)
1200 4669 1320 4718 'l'erentit
1338 4665 1477 4718 comoedia
1493 4667 1640 4717 Eunuchus
1664 4667 1809 4729 iuscripta,
1838 4669 1865 4718 in
1890 4681 1943 4731 qrru
1966 4670 2088 4730 glorioso

118 4778 129 4793 .
240 4779 249 4794 .
278 4779 313 4794 ..
822 4780 830 4794 .
981 4780 989 4794 ,
1170 4736 1249 4785 mttttt
1267 4749 1364 4787 nomen
1382 4735 1511 4785 comtcum
1524 4735 1673 4786 Thrasouts
1692 4730 1748 4785 clud
1768 4736 1817 4785 τοῦ
1832 4734 1957 4801 θράσους
1974 4738 1991 4785 t.
2010 4752 2033 4786 e.
2053 4742 2088 4787 uta

73 4790 201 4863 patrone
217 4780 315 4847 crvsb
330 4803 406 4847 non
421 4781 601 4848 debemus.
637 4778 756 4848 Homo
773 4805 868 4848 enim
884 4782 1048 4849 condrtus
1169 4806 1318 4856 inserentis
1335 4809 1363 4854 et
1379 4804 1524 4853 serectute
1542 4805 1696 4866 inpositum
1714 4810 1766 4857 est.

10 4928 12 4933 ,
75 4893 130 4964 nt,
149 4895 193 4951 ut
211 4894 373 4952 caeteros
395 4877 559 4951 homines
581 4905 647 4972 pro
671 4882 766 4950 sirili
781 4895 923 4953 tueatur
939 4907 980 4950 ac
995 4883 1048 4952 iu·
1134 4873 1182 4940 ⁹²)
1201 4875 1252 4954 Ψ*
1276 4875 1371 4954 seruis
1399 4873 1493 4923 mus
1515 4875 1608 4955 ΜΨ)
1632 4875 1759 4956 ¹³'¹¹¹⁰⁹.¹'⁸
1787 4875 1862 4925 ¹⁶³⁸·
1880 4902 1915 4913 ““
1933 4882 2088 4958 ⁸.‘l¹¹⁹¹¹‘⁰⁸

1170 4957 1241 4993 emm
1265 4947 1400 4994 virtutes:
1432 4944 1625 5007 beneficentia,
1655 4945 1794 5007 gratitudo
1827 4949 1854 4993 et
1878 4946 1998 4996 umtcttta
2024 4952 2088 4996 sunt

10 5038 14 5069 ,
76 4996 130 5055 Μ.
151 4983 248 5056 ffinc
261 4986 373 5054 etllla
388 4985 443 5053 lex
458 4998 607 5053 natutae
623 4985 753 5053 extitit:
769 4986 871 5076 Quae
891 4986 994 5055 mltis
1009 4999 1049 5054 ul
1169 5011 1235 5061 tttse
1252 5016 1312 5062 tres
1329 5013 1430 5063 tcrttse
1446 5014 1552 5063 demun
1570 5013 1684 5062 edtttout
1700 5013 1825 5069 additae,
1849 5026 1964 5077 querum
1982 5016 2010 5065 tu
2027 5017 2089 5066 stus

10 5138 17 5175 ι
79 5086 158 5159 ’ὥ
178 5089 318 5159 faciam
337 5085 520 5169 bomiues,
547 5114 610 5157 vos
625 5112 767 5180 quoque
783 5089 886 5157 facite
900 5089 991 5171 illis,
1014 5101 1050 5157 et
1133 5081 1349 5212 wlsllffillmw
1365 5083 1467 5164 mentio
1486 5085 1561 5133 ‘²⁰⁸⁸
1578 5086 1621 5164 ‘P‘
1638 5084 1725 5165 (⁰⁰⁰⁸,
1742 5082 1870 5181 mett·
1890 5099 1915 5146 a·
1936 5086 1964 5134 ¹¹
1979 5086 2003 5142 l·

1275 5165 1334 5201 mus
1346 5154 1441 5203 ltoter.
1459 5165 1487 5201 m
1500 5151 1666 5215 stagnorum
1684 5150 1791 5201 cbstsact.
1810 5152 1830 5200 l.
1848 5156 1954 5202 centur.
1970 5154 1989 5203 l.
2007 5155 2087 5217 adag.

10 5254 18 5263 ,
79 5200 177 5262 nunt
191 5194 232 5262 in
244 5194 436 5261 doctorum
459 5192 599 5282 scriptis
616 5191 892 5260 innumerabiles
909 5204 1047 5261 senten·
1167 5218 1222 5279 aa„
1241 5215 1950 5283 ,m1100diptamnum,„mammeam
1984 5223 2088 5272 1904..

80 5288 144 5376 ὡς
162 5320 255 5392 quae
271 5288 362 5364 haec
378 5307 503 5366 mutua
520 5293 633 5363 officia
649 5294 891 5387 praecipium,
917 5306 952 5363 et
970 5295 1048 5388 qui,
1166 5290 1251 5405 letima
1268 5296 1374 5410 ῗῖηοοι
1391 5291 1490 5353 philos.
1516 5288 1545 5338 tu
1563 5288 1668 5339 tudtcro
1694 5288 1787 5338 tibetto
1813 5289 1847 5339 de
1872 5293 1961 5341 morte
1979 5290 2087 5340 Ctrudit

1000 5397 1008 5412 .
1180 5371 1232 5420 usp.
1250 5373 1266 5408 u
1281 5375 1289 5408 ι
1304 5372 1344 5411 ur.

82 5392 142 5465 ltu
154 5398 414 5492 elegantissime
429 5398 627 5490 pinguntur
642 5398 680 5467 in
696 5397 831 5489 graecis
846 5397 1046 5473 versicubs:
1133 5426 1182 5491 ss)
1199 5428 1329 5492 arpena]
1347 5429 1389 5479 aa
1405 5430 1482 5479 recte
1497 5426 1549 5478 se.
1568 5422 1661 5488 istae
1677 5427 1728 5478 m.
1749 5428 1823 5480 rste
1841 5427 1960 5491 sunta
