4544 5766
187 207 272 287 ΜΒ

465 199 667 272 SCRIPTA
692 198 767 270 PH.-
787 194 916 269 Μ’
930 194 1232 273 att-Eumenia
1256 196 1323 270 ΕΤ
1348 190 1617 272 Pomtcun-
1630 184 1941 271 senesanna

2133 176 2214 272 tlt

296 375 473 459 Primum,
498 387 540 444 ut
551 374 598 444 sit
613 373 710 441 velut
723 396 793 440 vox
806 371 976 462 decalogi.
1015 372 1072 442 Sic
1084 373 1181 441 enim
1233 395 1316 443 rum
1338 372 1478 462 legum,
1512 371 1709 456 beneficiis,
1747 384 1784 440 et
1806 358 1917 442 modo
1941 368 2159 440 executionis
2182 368 2221 439 in

196 479 457 571 perspicuitatis
471 501 576 546 causa
594 474 789 569 loquimur,
811 487 846 544 et
860 475 1007 544 nomine
1023 476 1183 566 decalogi
1233 474 1372 567 poenis.
1435 544 1437 549 ⁴

195 606 263 675 pro
286 583 363 672 lege
386 592 537 650 naturae
557 580 714 661 utimur,
757 577 840 671 quia
863 579 903 647 in
926 579 1094 670 decalogo
1124 603 1183 648 ex-

1334 578 1497 649 Potestas
1532 576 1679 668 politica
1718 589 1881 646 versatur
1912 575 2004 644 circa
2035 586 2222 644 externam

197 708 316 778 pressa
333 708 419 752 voce
428 682 517 767 Dei,
541 683 636 773 leges
651 693 802 749 naturae
818 682 973 750 maxima
987 681 1182 774 perspicui·
1233 680 1478 772 disciplinam,
1505 703 1614 772 quam
1628 679 1721 749 tueri
1737 680 1851 750 debet.
1904 677 1973 748 Sed
1989 677 2222 747 ecclesiastica

196 799 268 855 tate
284 786 455 877 repetitae
470 797 572 856 sunt.
622 781 778 878 ldeoque
802 784 1030 875 magistratus
1050 785 1183 876 princi·
1234 785 1340 852 debet
1353 806 1482 852 sonare
1496 806 1621 851 vocem
1637 780 1842 873 Evangelii,
1867 806 1958 875 qnam
1979 805 2055 849 non
2079 792 2222 850 tantum

197 890 325 983 paliter
346 902 399 958 cst
421 888 586 957 minister
607 885 694 969 Dei,
737 886 820 979 quia
843 888 956 977 legem
977 885 1046 955 Dei
1067 901 1183 972 sonat,
1234 887 1326 977 regit
1341 898 1505 956 externos
1519 909 1658 968 mores,
1685 886 1746 953 sed
1762 884 1880 976 arguit
1897 897 1932 953 et
1947 896 2049 954 sanat
2066 885 2189 954 corda.

197 1016 306 1086 quam
322 993 399 1061 vult
412 990 509 1061 Deus
523 991 710 1058 immotam
724 1013 889 1058 normam
906 1014 979 1059 esse
1002 990 1182 1060 actionum

193 1091 455 1176 humanarum,
482 1093 566 1186 quia
581 1089 668 1160 haec
683 1093 740 1160 lex
764 1105 817 1162 est
839 1116 908 1161 vox
930 1092 1125 1183 sapientiae
1149 1106 1184 1162 et

198 1197 355 1268 iustitiae
369 1196 450 1265 Dei.

300 1299 499 1368 Secundum
516 1297 672 1367 officium
693 1309 764 1379 est,
799 1294 962 1364 attribuit
974 1295 1071 1368 Deus
1092 1297 1184 1389 poli-

197 1402 268 1471 tico
290 1401 514 1492 magistratui
545 1402 671 1469 deinde
700 1412 736 1468 et
765 1395 834 1466 hoc
862 1423 1012 1484 munus,
1042 1414 1083 1469 ut
1104 1426 1184 1471 suas

199 1507 372 1598 quasdam
390 1505 483 1594 leges
500 1504 608 1585 ferrat,
635 1504 696 1572 sed
715 1527 790 1570 non
805 1515 1003 1592 pugnantes
1025 1528 1104 1572 cum
1120 1528 1184 1572 na-

200 1607 387 1678 turalibus.
439 1606 574 1675 Verum
597 1618 650 1674 est
672 1605 787 1688 enim,
812 1604 977 1694 politicos
999 1606 1185 1696 magistra-

199 1723 256 1781 tus
284 1707 415 1780 habere
446 1721 660 1801 potestatem
691 1707 868 1776 condendi
894 1733 974 1777 suas
1012 1711 1184 1801 quasdam

198 1813 310 1903 leges,
349 1814 411 1883 sed
444 1836 535 1905 quae
564 1835 640 1879 non
663 1823 824 1901 pugnent
847 1835 926 1877 cum
950 1812 1185 1895 naturalibus,

199 1940 324 1985 verum
363 1915 434 1984 sint
474 1914 788 1982 determinationes
824 1912 1185 1997 circumstantiarum,

199 2018 382 2087 addendae
407 2016 546 2106 generi,
587 2029 622 2085 et
644 2015 715 2084 sint
736 2016 837 2108 quasi
861 2015 1077 2086 adminicula
1099 2017 1186 2085 iuris

199 2119 393 2201 naturalis,
418 2131 459 2187 ut
475 2120 532 2186 lex
546 2131 695 2188 naturae
709 2118 812 2186 dicit:
840 2117 923 2184 Filii
947 2131 982 2186 et
1003 2119 1095 2187 filiae
1116 2119 1187 2189 sint

198 2218 368 2293 haeredes
382 2234 584 2314 parentum.
636 2221 705 2290 Sed
736 2222 792 2289 lex
814 2220 1086 2311 magistratuum
1117 2223 1187 2292 dis-

200 2325 332 2407 cernit,
365 2349 537 2418 quaeres
562 2337 702 2393 tantum
733 2325 778 2391 ad
801 2348 918 2392 mares
942 2326 1186 2394 transmittan-

199 2440 277 2510 tur,
318 2451 409 2519 quae
434 2428 480 2494 ad
502 2428 657 2518 puellas,
699 2439 734 2495 et
756 2423 864 2494 habet
884 2428 1107 2517 probabilem
1129 2452 1186 2496 ra-

201 2531 348 2599 tionem.

301 2631 464 2699 Tertium
481 2631 637 2700 osticium
653 2642 722 2711 est,
748 2643 789 2698 ut
804 2630 1031 2719 magistratus
1049 2631 1095 2700 sit
1109 2656 1186 2699 exe-

199 2747 300 2803 cutor
316 2734 519 2804 divinarum
537 2746 572 2800 et
586 2758 730 2803 suarum
746 2733 883 2822 legum,
910 2733 948 2801 id
965 2744 1035 2815 cst,
1060 2734 1187 2824 puniat

200 2849 440 2906 contumaces.
508 2833 583 2904 Lex
612 2835 707 2903 enim
733 2834 868 2903 inutilis
892 2835 1041 2904 estsine
1064 2861 1186 2905 execu-

200 2941 311 3009 tione.

304 3040 484 3133 Quartum
515 3038 690 3121 officium,
731 3052 771 3108 ut
798 3040 844 3108 sit
873 3051 989 3109 custos
1019 3039 1186 3106 obedien-

199 3143 308 3227 tium,
336 3142 374 3211 id
400 3155 469 3226 est,
497 3141 666 3210 defendat
689 3165 750 3211 eos
774 3154 896 3211 contra
919 3142 1087 3213 iniustam
1110 3141 1186 3209 vio-

197 3245 355 3316 lentiam.
407 3245 482 3316 Nec
497 3244 581 3315 satis
596 3243 729 3313 dictum
746 3258 816 3328 est,
843 3270 922 3314 cum
937 3244 1048 3338 aliqui
1064 3243 1113 3312 sic
1134 3245 1185 3311 lo-

200 3360 374 3443 quuntur:
416 3347 644 3439 Magistratus
668 3359 721 3417 cst
742 3359 858 3417 custos
875 3372 1078 3438 corporum.
1129 3344 1185 3414 ln-

199 3476 284 3544 gens
300 3451 396 3521 enim
410 3450 601 3522 discrimen
619 3463 671 3520 est
687 3451 781 3519 inter
802 3451 1050 3540 magistratum
1072 3462 1107 3517 et
1129 3474 1185 3516 ar-

198 3555 427 3623 mentarium.
480 3553 607 3623 Custos
626 3555 738 3623 boum
763 3567 901 3623 tantum
928 3552 1086 3623 defendit
1108 3576 1185 3621 cor-

199 3682 301 3748 pora,
326 3658 388 3726 sed
401 3655 628 3745 magistratus
642 3656 742 3746 prius
758 3656 803 3725 sit
818 3655 1037 3747 disciplinae,
1064 3655 1100 3722 id
1116 3668 1185 3737 est,

199 3759 308 3829 totius
323 3759 410 3850 legis
426 3771 560 3840 custos,
586 3761 685 3851 qtaod
700 3760 746 3825 ad
769 3769 929 3827 externas
953 3758 1108 3827 actiones
1135 3770 1185 3824 at-

200 3861 308 3944 tinet,
331 3855 521 3952 prohibeat
538 3871 573 3927 ct
586 3859 715 3950 puniat
730 3855 987 3949 blasphemias,
1014 3859 1185 3950 periuria,

200 3990 306 4055 vagas
326 3961 492 4031 libidines
509 3974 574 4030 etc.

300 4065 369 4134 Sed
388 4064 550 4133 minister
573 4061 778 4152 Evangelii,
813 4077 864 4133 cst
885 4088 1040 4156 persona
1061 4089 1079 4131 a
1105 4063 1184 4131 Deo

201 4168 378 4252 ordinata,
404 4180 444 4237 ut
462 4167 558 4237 iuxta
575 4166 800 4234 vocationem
817 4180 920 4236 sonet
936 4191 1058 4236 vocem
1067 4167 1185 4234 Evan-

199 4271 302 4362 gelii,
328 4296 369 4339 ac
384 4272 613 4340 Sacramenta
629 4269 873 4352 administret,
900 4270 937 4338 in
954 4294 1024 4363 qua
1038 4269 1085 4365 ⁷²)
1106 4271 1186 4338 san-

200 4374 317 4443 ctione
334 4375 430 4443 Deus
447 4397 529 4441 vere
547 4387 599 4444 cst
618 4373 739 4441 efficax
752 4372 790 4439 in
808 4373 1052 4454 credentibus,
1089 4397 1185 4440 com-

197 4480 342 4546 mendet
364 4477 472 4547 etiam
497 4475 631 4545 vocatis
654 4474 891 4545 ministerium
914 4474 1120 4564 Evangelii,
1152 4487 1186 4542 et

198 4581 244 4651 sit
267 4580 373 4649 index
393 4579 596 4660 doctrinae,
629 4577 816 4646 annuntiet
838 4578 1083 4647 remissionem
1106 4602 1185 4668 pcc-

199 4697 360 4754 catorum
388 4681 601 4774 petentibus.
678 4680 913 4750 Contumaces
941 4706 1026 4749 vero
1058 4680 1186 4770 puniat

197 4812 272 4855 non
294 4786 330 4853 vi
353 4785 551 4877 corporali,
585 4783 647 4853 sed
672 4785 800 4867 verbo,
842 4784 1006 4853 videlicet
1027 4783 1183 4873 legitima

197 4888 575 4965 excommunicatione.
640 4883 841 4956 Discrimen
868 4902 986 4957 autem
1017 4884 1183 4976 politicae

196 4993 382 5084 potestatis
405 5004 440 5060 et
456 4987 612 5058 ministri
635 4988 845 5081 evangelici,
873 4992 1065 5060 ostendunt
1087 4989 1183 5079 ipsae

196 5094 440 5176 definitiones,
481 5117 521 5161 ac
542 5091 732 5183 praecipua
758 5091 963 5162 discrimina
988 5104 1071 5163 sunt
1096 5087 1183 5159 baec

197 5213 362 5295 quatuor.
421 5196 604 5265 Diffcrunt
625 5195 791 5278 obiectis,
824 5208 1000 5285 potestate
1022 5194 1184 5263 ferenda-

222 5438 277 5492 m
291 5440 323 5486 in
341 5440 411 5498 pas]
430 5435 470 5487 stc
488 5435 555 5490 Edu.
576 5436 668 5500 teta,
688 5434 762 5485 tter.
782 5438 809 5486 et
830 5436 923 5497 Πύας
941 5436 991 5486 tte
1011 5435 1086 5487 1560.
1104 5447 1166 5499 que.

1337 989 1510 1070 Secunda,
1537 1001 1694 1080 potestas
1707 988 1851 1080 politica
1867 982 1977 1056 babet
1992 985 2222 1055 autoritatem

1235 1115 1316 1160 suas
1347 1093 1518 1185 quasdam
1550 1092 1643 1181 leges
1674 1089 1870 1172 condendi,
1915 1102 1956 1158 ut
1987 1089 2119 1157 (lictum
2159 1101 2223 1158 cst.

1235 1193 1399 1263 Minister
1412 1193 1587 1263 Ecclesiae
1609 1218 1684 1263 non
1707 1189 1814 1263 habet
1836 1193 1987 1262 similem
2008 1204 2224 1283 potestatem

1235 1298 1327 1387 leges
1345 1297 1540 1380 condendi,
1566 1309 1606 1366 ut
1623 1309 1747 1388 postea
1765 1294 1942 1387 copiosius
1958 1294 2106 1364 dicetur.

1338 1400 1480 1482 Tertio,
1506 1424 1571 1492 per
1585 1424 1708 1469 vocem
1722 1398 1912 1489 Evangelii
1923 1397 2020 1472 Deus
2036 1399 2099 1465 dat
2109 1408 2225 1465 aeter·

1236 1526 1282 1569 na
1307 1503 1421 1586 bona,
1454 1501 1698 1570 remissionem
1720 1514 1967 1593 peecatorum,
1999 1513 2034 1568 ct
2048 1497 2225 1593 Spiritum

1237 1618 1417 1688 sanctum,
1444 1618 1479 1673 et
1492 1604 1601 1671 vitam
1621 1617 1814 1675 aeternam.
1854 1603 1931 1673 Etsi
1946 1615 2065 1672 autem
2081 1601 2224 1693 sapien-

1236 1707 1285 1775 tia
1308 1704 1466 1777 humana
1492 1707 1595 1776 valde
1615 1707 1767 1776 miratur
1787 1733 1843 1777 rcs
1866 1719 1983 1776 tantas
2013 1701 2081 1774 hoc
2110 1704 2223 1773 modo

1237 1805 1406 1893 exbiberi,
1433 1823 1553 1878 tamen
1572 1810 1764 1879 certissime
1782 1823 1989 1891 statuamus,
2010 1808 2129 1877 Deum
2143 1820 2224 1876 tan-

1238 1926 1314 1980 tum
1328 1910 1397 1981 boc
1412 1913 1521 1980 modo
1539 1913 1606 1982 sibi
1630 1913 1795 2003 colligere
1818 1924 1999 1982 aeternam
2013 1910 2224 1991 Ecclesiam,

1238 2028 1272 2083 et
1287 2011 1355 2083 hoc
1369 2018 1477 2084 modo
1495 2040 1577 2084 vere
1593 2017 1768 2084 cllicacem
1782 2040 1867 2098 esse,
1882 2016 1978 2085 iuxta
1994 2015 2082 2085 illud
2098 2013 2225 2108 (Rom.

1241 2117 1383 2213 1‚16.):
1411 2116 1644 2208 Evangeliurn
1667 2132 1718 2188 est
1739 2118 1897 2209 potentia
1914 2118 1983 2186 Dei
2003 2119 2049 2186 ad
2070 2118 2225 2186 salutern

1239 2222 1340 2289 omni
1362 2221 1531 2291 credenti.
1591 2218 1697 2290 Item:
1730 2220 1966 2311 Evangelium
1990 2235 2041 2291 est
2063 2219 2225 2289 ministe-

1238 2324 1332 2393 rium
1354 2325 1497 2416 spiritus
1510 2321 1568 2417 ⁷³).
1621 2325 1716 2393 llaec
1732 2349 1877 2418 prorsus
1895 2325 2010 2393 aliena
2024 2336 2109 2395 suast
2125 2346 2145 2390 a
2159 2346 2225 2414 po-

1239 2440 1362 2497 testate
1383 2427 1540 2519 politica.

1342 2531 1502 2622 Quarto,
1536 2528 1704 2598 differunt
1727 2530 1837 2597 modo
1855 2528 2070 2598 executionis
2084 2526 2123 2594 in
2139 2550 2226 2619 poe-

1238 2634 1305 2703 nis.
1357 2632 1433 2703 Etsi
1450 2631 1544 2701 enim
1562 2645 1704 2724 oportet
1719 2645 1908 2725 utramque
1924 2642 2137 2723 potestatem
2160 2624 2224 2698 ha·
2262 2698 2266 2711 ⁴

1237 2738 1321 2805 bere
1350 2736 1403 2804 ius
1431 2731 1663 2818 cohercendi,
1703 2747 1823 2802 tamen
1849 2731 1918 2803 hoc
1944 2734 2137 2803 discrimen
2161 2745 2224 2816 est,
2257 2774 2266 2817 g

1237 2838 1464 2928 magistratus
1487 2837 1651 2928 politicus
1677 2832 1841 2907 cohercet
1861 2837 1897 2905 vi
1926 2836 2125 2929 corporali,
2163 2835 2224 2904 sed
2256 2880 2266 2923 g

1239 2941 1467 3009 ecclesiastica
1486 2953 1641 3031 potestas
1657 2952 1797 3009 tantum
1814 2940 1918 3032 punit
1939 2943 2067 3023 verbo,
2093 2938 2224 3007 scilicet
2256 2943 2266 3023 ζ

1237 3044 1393 3132 legitima
1431 3042 1808 3112 excommunicatione.
1886 3042 1982 3111 Haec
2016 3040 2222 3112 discrimina
2255 3084 2266 3134 g

1237 3171 1376 3237 semper
1393 3146 1431 3213 in
1445 3157 1635 3238 conspectu
1654 3145 1745 3227 sint,
1772 3160 1806 3215 et
1826 3147 1925 3214 norit
1948 3158 2102 3239 utraque
2123 3156 2225 3236 pote·
2260 3173 2266 3236 3

1237 3261 1307 3318 stas
1322 3248 1377 3318 sui
1391 3249 1550 3319 muneris
1565 3261 1688 3316 metas.
2260 3310 2266 3341 ἔ

1337 3348 1413 3419 lam
1443 3351 1551 3441 igitur
1580 3352 1625 3418 ad
1647 3351 1890 3443 quaestionem
1913 3349 2125 3443 responderi
2144 3373 2225 3442 per·
2258 3402 2266 3443 2

1237 3455 1356 3544 spicue
1373 3466 1501 3545 potest.
1553 3453 1680 3523 Nullus
1692 3453 1856 3523 minister
1870 3452 2056 3545 Evangelii
2070 3452 2149 3521 iure
2172 3453 2225 3520 di·
2257 3504 2266 3551 ὖ

1237 3555 1322 3625 vino
1346 3554 1454 3625 habet
1478 3569 1670 3650 utrumque
1692 3557 1868 3646 gladium,
1900 3556 1991 3626 sicut
2015 3555 2223 3625 constitutio
2257 3589 2266 3657 p

1237 3658 1414 3728 Bonisacii
1437 3659 1532 3728 dicit.
1585 3658 1771 3728 Manifestc
1795 3659 1889 3728 enim
1911 3670 2114 3752 repugnant
2128 3653 2226 3727 ‘haec

1237 3763 1330 3830 dicta
1352 3760 1680 3855 (loann.20,21.):
1716 3763 1815 3831 Sicut
1830 3760 1927 3831 misit
1940 3787 1997 3830 me
2014 3762 2143 3844 Pater,
2178 3762 2226 3833 sic
2259 3810 2263 3817 .

1238 3890 1302 3955 ego
1321 3864 1426 3932 mitto
1445 3861 1525 3934 vos.
1592 3862 1681 3933 Item
1707 3860 1852 3958 (Mattlr.
1866 3867 1928 3946 20,
1945 3861 2006 3937 25.
2021 3862 2083 3936 26.
2111 3863 2225 3934 Marc.

1239 3968 1298 4051 10,
1321 3965 1381 4039 42.
1399 3966 1494 4062 43.);
1520 3966 1636 4058 Reges
1658 3968 1815 4056 gentium
1837 3967 2070 4035 dominantur
2085 3991 2226 4050 eorum,
2257 4026 2266 4069 ,ι

1237 4095 1301 4139 aros
1318 4083 1528 4138 autemnon
1545 4070 1613 4154 sic,
1639 4070 1677 4137 id
1699 4082 1769 4152 est,
1803 4093 1878 4137 non
1899 4072 1980 4138 volo
2007 4070 2225 4141 constituere
2257 4074 2266 4151 J

1237 4170 1386 4264 imperia
1404 4198 1469 4263 per
1485 4172 1720 4241 ministerium
1736 4171 1935 4261 Evangelii.
1979 4173 2087 4264 Qtrod
2103 4188 2224 4243 autem

1237 4275 1341 4343 multi
1374 4276 1530 4366 episcopi
1561 4276 1617 4342 vel
1648 4288 1809 4365 pastores
1842 4271 1976 4344 babent
2005 4275 2225 4348 iurisdictio·

1236 4402 1319 4445 nem
1348 4378 1529 4468 politicam
1562 4377 1600 4444 in
1630 4377 1808 4471 aliquibus
1836 4379 1941 4461 locis,
1979 4373 2115 4446 habent
2143 4405 2224 4451 eam

1237 4481 1406 4548 donatam
1424 4481 1614 4550 autoritate
1629 4474 1807 4564 humana,
1834 4493 1873 4549 ut
1891 4480 1996 4550 multi
2019 4481 2080 4549 alii
2103 4498 2225 4574 patres

1235 4583 1391 4652 familias
1407 4578 1540 4651 habent
1560 4583 1667 4651 talem
1684 4583 1965 4653 iurisdictionem
1982 4584 2021 4653 in
2034 4584 2106 4654 suis
2120 4611 2226 4680 prae·
2256 4564 2266 4611 ἲ

1237 4687 1323 4769 diis,
1351 4711 1442 4780 quac
1458 4677 1565 4753 liabet
1581 4711 1660 4755 suas
1678 4699 1809 4770 metas,
1836 4699 1877 4755 ut
1892 4699 2019 4756 notum
2037 4699 2100 4758 est.
2253 4668 2266 4717 i·

2260 4158 2266 4189 a

2254 4246 2262 4287 i

2254 4352 2266 4401 l

2255 4458 2266 4507 l

1311 4855 1372 4926 De
1398 4857 1696 4927 institutione
1723 4870 1766 4926 et
1792 4857 2147 4949 approbatione.
2251 4880 2266 4939 ,t

1339 4994 1536 5086 Postquam
1558 4994 1764 5064 discrimina
1789 5008 1929 5064 ostensa
1954 5008 2052 5077 sunt,
2083 4995 2158 5064 iam
2179 4998 2225 5065 de
2256 4986 2266 5031 ⁴·

1236 5097 1420 5190 utriusque
1437 5097 1661 5166 institutione
1678 5096 1805 5166 dicam.
1858 5097 2089 5188 Perspicuum
2111 5111 2164 5169 cst
2185 5102 2224 5167 in
2254 5082 2266 5135 l

1235 5226 1330 5269 novo
1355 5200 1585 5269 Testamento
1617 5199 1858 5290 evangelicum
1892 5200 2131 5271 ministerium
2166 5228 2224 5272 cx·
2257 5224 2266 5244 “

1269 5431 1318 5491 78)
1337 5433 1417 5485 cont.
1434 5435 1460 5485 2.
1478 5434 1545 5485 cor.
1557 5434 1585 5499 ³,
1602 5433 1627 5483 8.
2259 5428 2265 5460 l
