4544 5766
191 201 269 282 ιιι
478 194 679 272 sonora
699 193 780 265 ru.
797 186 910 263 stan.
925 180 1002 260 'an
1026 178 1236 265 nrsncnu
1261 186 1328 266 nr
1352 178 1607 264 ronmonu
1620 173 1944 266 trscrsnna
2137 176 2216 263 tto

191 389 365 469 reguntur
390 376 467 444 luce
492 367 691 458 Evangelii.
758 364 805 434 Et
833 360 1061 483 philosophia
1097 386 1177 432 cum
1280 367 1401 436 Homo
1415 377 1468 435 est
1482 361 1717 436 effectusDei.

192 495 332 551 tantum
353 478 399 548 sit
420 475 581 545 doctrina
606 469 757 560 legis,
746 492 871 559 Ignara
896 467 1176 558 promissionum
1280 469 1378 559 Ergo
1395 492 1475 537 eum
1493 492 1535 537 eo
1551 491 1746 560 congruere
1761 467 1885 551 debet,
1912 477 1948 534 et
1961 486 2037 532 non
2049 484 2221 553 rumpere

193 582 397 673 Evangelii,
422 573 512 646 nihil
526 586 643 667 potest
660 573 776 641 dicere
799 571 952 654 deiide,
980 594 1048 661 qua
1067 564 1176 637 homo
1331 573 1469 643 foedus.

194 686 365 776 recipitur
386 706 405 748 a
427 679 505 747 Deo
531 688 679 796 propter
699 674 850 755 Filium,
885 674 929 741 de
961 696 1023 762 spe
1054 670 1177 739 auxilii

195 788 319 868 divini,
335 788 379 853 de
396 781 634 850 invocatione.
674 777 810 844 Harum
826 773 1000 844 virtutum
1017 772 1179 843 doctrina

196 892 234 959 in
247 888 355 960 solius
369 882 556 975 Evangelii
570 904 656 950 voce
672 880 846 971 patefacta
863 890 926 947 est.
1282 876 1403 969 Imago
1420 877 1525 946 debet
1540 900 1736 969 congruere
1753 902 1833 946 cum
1850 871 2057 968 archetypo.

299 990 396 1057 Haec
415 1010 563 1056 monere
587 985 757 1054 discentes
782 1003 922 1048 necesse
947 991 1018 1061 est,
1059 991 1100 1048 nt
1124 1003 1181 1069 ge·
1282 977 1401 1050 Homo
1419 980 1666 1062 estconditns,
1691 979 1792 1049 ut‘sit
1806 978 1924 1070 imago
1939 977 2027 1060 Dei,
2053 988 2094 1045 ut
2112 973 2221 1043 etiam

195 1117 282 1164 nera
296 1089 540 1162 doctrinarum
553 1080 801 1179 philosophiae
814 1081 1181 1173 etEvangeliidiscer-
1335 1085 1373 1152 in
1400 1084 1512 1152 veteri
1534 1106 1638 1154 versu
1660 1081 1807 1152 dicitur:
1844 1080 2127 1174 Exemplumque
2152 1075 2224 1146 Dei

195 1209 296 1267 nant.
359 1193 478 1263 Etiam
503 1216 583 1260 curn
606 1189 796 1257 nominant
817 1180 949 1252 ethnici
969 1184 1179 1275 religionem
1335 1187 1485 1281 quisque
1500 1198 1553 1255 est
1566 1185 1605 1253 in
1621 1184 1777 1276 imagine
1791 1208 1904 1276 parva
1914 1183 1971 1279 ¹⁹).

197 1299 254 1368 vel
281 1297 449 1389 pietatem
472 1317 555 1384 erga
569 1292 706 1374 Deum,
738 1288 942 1377 intelligunt
963 1299 1103 1356 tantum
1126 1311 1182 1354 re·
1284 1289 1381 1381 Ergo
1403 1313 1599 1381 congruere
1614 1312 1694 1357 cum
1708 1287 1787 1357 Deo
1804 1288 1919 1359 debet.

197 1399 394 1470 verentium
410 1399 536 1480 talem,
563 1395 705 1489 qualem
722 1391 846 1461 tribuit
860 1390 936 1457 Deo
951 1385 1109 1459 humana
1125 1413 1182 1456 ra-

197 1505 270 1585 tio,
295 1527 371 1570 stne
384 1503 461 1571 luce
476 1496 678 1588 Evangelii,
705 1496 742 1563 id
767 1507 837 1577 est,
864 1492 988 1584 religio
1014 1504 1066 1562 est
1084 1516 1182 1560 reve·

198 1605 333 1688 tentia,
370 1626 440 1697 qua
463 1602 629 1670 adfirmat
650 1598 742 1666 ratio
766 1620 839 1667 esse
855 1595 992 1679 Deum,
1024 1608 1181 1663 mentem
1283 1599 1422 1672 Natura
1453 1592 1642 1666 hominum
1677 1597 1819 1666 condita
1862 1608 1915 1666 est
1948 1594 2140 1686 praecipue
2174 1594 2221 1662 ad

199 1721 401 1790 aeternam,
426 1704 668 1774 formatricem
690 1700 835 1782 mundi,
861 1700 1041 1767 foventem
1063 1696 1183 1786 singu·
1336 1699 1555 1789 agnitionem
1576 1698 1661 1783 Dei,
1700 1712 1737 1769 et
1763 1712 1804 1769 ut
1836 1697 1875 1766 in
1896 1698 1956 1767 illa
1980 1697 2163 1787 agnitione
2187 1695 2222 1764 ei

198 1813 251 1880 las
273 1809 424 1901 species,
455 1808 610 1889 bonam,
644 1803 791 1885 iustam,
823 1813 976 1884 castam,
1005 1800 1182 1868 vindicem
1337 1802 1499 1884 obediat,
1548 1803 1742 1871 secundum
1773 1811 1885 1870 totam
1914 1800 2027 1890 legem
2055 1812 2222 1881 naturae,

199 1914 390 1994 scelerum,
414 1922 455 1978 ut
469 1907 601 2001 species
617 1910 863 1987 conservetur,
890 1915 925 1971 et
946 1855 1079 1972 iiidicat
1100 1926 1183 1993 pro·
1339 1904 1424 1998 quia
1440 1900 1527 1973 haec
1546 1904 1747 1973 obedientia
1764 1916 1799 1972 et
1812 1903 1946 1994 agnitio
1968 1913 2052 1972 sunt
2070 1901 2221 1994 propria

200 2028 322 2108 pterea
347 2013 380 2079 ei
403 2012 642 2079 obediendum
666 2030 758 2089 esse,
786 2019 820 2075 et
843 2006 1099 2097 professionem
1126 2028 1183 2072 ex·
1338 2030 1447 2098 opera
1479 2003 1647 2077 hominis.
1705 2005 1753 2077 Et
1778 2019 1818 2076 ut
1847 2006 2008 2075 sciamus·
2028 1998 2116 2073 haec
2146 2026 2222 2074 esse

200 2116 310 2187 ternis
324 2113 534 2183 ceremoniis
551 2111 801 2180 declarandam
816 2132 902 2178 esse.
1335 2109 1529 2201 praecipua
1545 2133 1653 2200 opera
1669 2105 1838 2192 hominis,
1865 2120 1899 2177 et
1914 2106 2131 2188 necessaria,
2158 2106 2222 2176 ad·

301 2217 396 2285 Haec
420 2229 503 2285 sunt
525 2208 791 2305 philosophica,
817 2224 852 2281 et
870 2207 1183 2279 demonstrationi·
1337 2213 1430 2281 ditus
1465 2225 1517 2280 est
1550 2235 1670 2279 carcer
1703 2212 1875 2282 iudicium
1910 2208 2147 2280 conscientiae
2185 2222 2222 2279 et

198 2321 264 2389 bus
282 2319 452 2389 illustrari
470 2329 636 2410 possunt,
663 2318 723 2384 sed
738 2327 857 2383 tamen
871 2308 959 2380 haec
976 2313 1052 2404 ipsa
1075 2311 1184 2379 ratio·
1337 2313 1720 2406 manifestae-poenae,
1746 2338 1839 2408 quae
1863 2326 2062 2408 sequuntur
2084 2313 2222 2382 atrocia

199 2422 255 2492 nis
272 2421 446 2492 sententia
462 2423 519 2490 vel
544 2421 703 2488 furenter
725 2417 879 2499 tollitur,
906 2416 964 2482 vel
987 2413 1184 2505 corrumpi·
1337 2419 1480 2486 scelera.

199 2538 269 2594 tur.
329 2522 496 2615 Epicurei
518 2546 664 2615 prorsus
688 2521 838 2602 tollunt,
871 2517 933 2584 alii
956 2519 1095 2608 fingunt
1118 2541 1184 2585 nu·
1284 2519 1382 2611 Ergo
1396 2544 1477 2589 cum
1491 2518 1589 2588 Deus
1603 2519 1765 2589 docuerit
1783 2514 1875 2587 hanc
1898 2516 2159 2601 obedientiam,
2186 2528 2223 2587 et

199 2628 297 2696 mina
314 2640 348 2695 et
363 2628 475 2696 cultus
489 2626 565 2696 sine
588 2627 678 2705 fine,
706 2636 740 2691 et
764 2620 945 2692 somniant
968 2646 1004 2690 se
1028 2616 1083 2689 his
1107 2619 1184 2687 riti·
1337 2623 1464 2714 puniat
1484 2647 1559 2691 non
1583 2623 1806 2707 obedientes,
1839 2646 1979 2692 necesse
2008 2633 2061 2692 est
2080 2621 2115 2691 ci
2136 2621 2223 2690 obe·

198 2732 264 2801 bus
279 2732 420 2822 placare
435 2730 526 2798 iram
542 2727 629 2810 Dei,
655 2739 690 2795 et
714 2726 816 2820 quasi
840 2748 957 2794 emere
979 2747 1108 2814 magna
1137 2722 1184 2790 vi·
1337 2726 1426 2795 dire.

199 2845 258 2903 tae
273 2836 381 2904 bona.
593 2831 595 2835 ’

301 2935 374 3004 llas
394 2920 499 3003 falsas
522 2931 728 3024 opiniones,
768 2941 803 2997 et
827 2927 974 2997 vitiosos
988 2927 1077 2996 ritus
1101 2927 1183 2995 inde

200 3050 297 3108 ortos
319 3037 582 3129 relinquamus,
620 3057 684 3100 nec
704 3054 932 3101 numeremus
956 3031 1049 3097 inter
1072 3029 1183 3099 virtu·
1336 3030 1378 3101 ln
1406 3031 1746 3122 secundoprimum
1763 3032 1990 3102 constituitur
2012 3029 2222 3122 imperium,

199 3153 262 3210 tes.
314 3139 453 3207 Deinde
468 3161 555 3204 vero
576 3158 722 3203 necesse
738 3146 809 3216 cst,
835 3129 1020 3202 haberein
1036 3157 1183 3223 conspe·
1235 3158 1306 3227 quo
1322 3130 1485 3203 homines
1503 3135 1548 3202 ab
1561 3125 2037 3223 hominibusgubernantur.
2076 3133 2223 3202 Horum

199 3256 257 3311 ctu
274 3243 422 3310 nomina
439 3253 474 3309 ct
489 3236 712 3308 definitiones
731 3260 896 3306 verarum
918 3235 1092 3305 virtutum
1110 3235 1183 3326 pri·
1235 3237 1470 3328 imperiorum
1490 3239 1570 3305 fons
1590 3248 1642 3304 cst
1661 3236 1871 3325 gubernatio
1896 3249 2098 3328 parentum.
2155 3234 2222 3305 Est

1611 740 1835 811 Secunda:

1318 1460 1477 1531 Tertia
1505 1459 1758 1530 clarissima
1786 1471 1830 1528 et
1854 1454 2143 1529 firmissima:

1382 2894 1590 2964 Virtutes
1616 2897 1845 2965 secundae
1870 2895 2070 2965 tabulae.

199 3369 277 3413 mae
294 3344 524 3426 tabulaesde
545 3337 1182 3435 quibusconcionaturEvangelium.
1235 3364 1318 3429 ergo
1342 3339 1459 3432 prima
1482 3337 1594 3410 virtus
1618 3337 1655 3406 in
1678 3334 1745 3408 hac
1760 3338 1901 3423 tabula,
1927 3338 2060 3410 iustitia
2073 3338 2223 3411 univer·

198 3445 297 3517 luxta
320 3448 476 3540 prinnnn
508 3445 755 3537 praeceptum,
781 3443 866 3511 fides
893 3466 983 3536 quae
1018 3454 1069 3511 cst
1097 3465 1182 3528 svera
1233 3443 1335 3526 salis,
1361 3443 1400 3511 in
1415 3443 1636 3533 gubernante
1651 3454 1687 3510 ct
1700 3442 1853 3513 subdito.
1904 3441 1970 3513 Est
1983 3455 2102 3512 autem
2118 3441 2223 3511 iusti·

198 3551 326 3619 notitia
340 3550 427 3633 Dei,
453 3549 562 3616 timor
576 3546 664 3629 Dei,
690 3547 775 3614 fides
793 3569 884 3639 quae
902 3557 954 3614 est
978 3545 1106 3613 fiducia
1126 3558 1182 3611 ret
1235 3545 1293 3613 tia·
1317 3545 1544 3629 universalis,
1586 3545 1785 3613 obedientia
1822 3545 1920 3615 iuxta
1956 3568 2079 3614 omnes
2111 3544 2220 3633 leges.

198 3653 477 3734 conciliationis,
503 3650 667 3731 dilectio,
697 3673 794 3740 spes,
828 3647 1029 3716 tolerantia.
1080 3645 1180 3716 luxta
1232 3647 1461 3719 Gubernator
1490 3648 1595 3717 debet
1622 3647 1850 3717 inferioribus
1876 3645 1965 3716 hacc
1992 3646 2135 3731 omnia,
2180 3659 2221 3717 ut

197 3757 391 3824 sectandum
415 3764 664 3845 praeceptum,
697 3750 896 3832 invocatio,
928 3750 1071 3831 concio,
1098 3773 1181 3817 con·
1231 3764 1333 3842 regat
1348 3753 1615 3821 eossccundum
1639 3774 1762 3819 omnes
1783 3751 1876 3841 leges
1899 3748 2068 3841 decalogi.
2122 3749 2220 3820 llur-

196 3858 319 3941 fessio,
359 3853 683 3948 gratiarumactio·
748 3850 846 3920 quta
874 3853 1036 3935 tertium,
1074 3851 1180 3919 mini·
1231 3879 1289 3924 sus
1312 3866 1347 3923 et
1370 3853 1519 3923 inferior
1542 3853 1646 3922 debet
1669 3851 1907 3923 obedientiam
1921 3853 2102 3944 praestare
2117 3851 2218 3924 iuxta

197 3961 294 4030 sterii
319 3957 529 4050 evangelici,
562 3955 762 4024 studiorum
787 3955 992 4037 doctrinae,
1026 3966 1060 4021 ct
1086 3977 1179 4022 cere·
1232 3980 1356 4025 omnes
1375 3957 1480 4046 leges.

196 4063 401 4132 moniarum
437 4060 640 4131 divinarum
677 4057 911 4127 conservatio.
979 4056 1029 4125 Ut
1060 4068 1178 4126 antem
1332 4056 1400 4127 Hic
1415 4070 1534 4128 autem
1547 4056 1752 4149 perspicuae
1768 4070 1851 4128 sunt
1872 4057 2216 4129 demonstrationes.

196 4189 300 4258 saepe
330 4166 480 4246 dicitur,
522 4161 680 4256 aliquam
702 4159 789 4251 legis
813 4160 980 4229 notitiam
1002 4159 1177 4279 reliquam
1278 4159 1415 4231 Natura
1431 4156 1618 4229 hominum
1635 4161 1680 4228 ad
1696 4159 1898 4228 societatem
1915 4161 2056 4228 conditu
2073 4172 2138 4231 est.

197 4292 270 4339 esse
293 4270 331 4338 in
352 4282 481 4338 natura
505 4261 683 4348 hominis,
726 4263 833 4332 etiam
856 4288 932 4332 non
955 4262 1085 4331 renati:
1127 4263 1175 4331 ita
1278 4262 1376 4354 Ergo
1399 4288 1537 4334 necesse
1560 4275 1630 4344 est,
1657 4286 1729 4331 esse
1751 4262 1914 4332 ordinem
1931 4262 2269 4380 gubernationis,

194 4373 374 4442 sciendum
390 4384 453 4453 est,
479 4367 800 4438 demonstrationes
816 4390 889 4438 esse
904 4378 1176 4460 praeceptorum
1331 4379 1366 4434 et
1385 4367 1492 4435 vitari
1511 4365 1631 4434 omnia
1653 4365 1833 4434 turbantia
1850 4366 2068 4438 societatem.
2118 4331 2269 4437 'rur-
2239 4434 2270 4486 e

195 4476 353 4565 decalogi
372 4471 639 4568 eruditissimas.
1330 4469 1394 4538 bat
1410 4483 1530 4540 autern
1546 4464 1781 4539 contumacia.

1279 4568 1363 4640 ldeo
1382 4571 1582 4641 obedientia
1601 4571 1797 4641 necessaria
1815 4582 1877 4639 est.

2241 4222 2269 4265 h

2240 4538 2270 4596 fu

599 4642 769 4712 primm
1327 4674 1514 4747 Pertinent
1550 4687 1668 4745 autem
1701 4675 1747 4744 ad
1780 4683 1947 4766 quartum
1979 4662 2270 4766 praecepium'l*

243 4783 346 4855 Utin
364 4781 585 4849 naturalibus
603 4779 744 4847 effectus
768 4777 900 4868 pendet
927 4799 1031 4843 nsua
1058 4798 1175 4856 causa,
1226 4774 1339 4867 pietas
1359 4800 1442 4870 erga
1464 4789 1648 4869 parentes,
1675 4788 1710 4846 et
1729 4777 1840 4894 pietas
1864 4796 1946 4867 erga
1967 4788 2091 4859 natos,
2121 4801 2211 4873 qun-
2240 4752 2259 4822 ‘l

294 4881 804 4979 etunndononobtempcrtt
819 4876 1175 4961 ellectusdestruitur,
1225 4903 1305 4948 ιιιιιι
1329 4892 1479 4973 utraque
1502 4892 1554 4950 est
1574 4879 1706 4971 species
1731 4878 1897 4952 iustitiae.
1959 4872 2050 4947 Item
2073 4878 2209 4953 iustitia
2247 4878 2268 4933 a,

291 5001 331 5059 ut
347 4986 490 5056 infans
480 5008 517 5054 ιιι
539 4997 661 5066 utero,
689 4982 831 5076 quando
854 4980 991 5072 rumpit
1006 4981 1173 5050 fasciolas
1225 4981 1413 5072 coniugum
1431 4983 1525 5053 mter
1539 5006 1632 5069 sese
1658 4985 1701 5050 de
1724 4981 1855 5076 quain
1871 4982 2001 5074 primis
2021 4994 2075 5051 est
2099 4983 2209 5075 digna
2245 4976 2270 5039 't

238 5086 242 5093 ’
293 5104 374 5160 ante
391 5101 549 5180 tempus,
576 5085 810 5176 extinguitur:
835 5083 884 5152 sic
905 5084 1047 5152 effectus
1069 5083 1171 5152 intel·
1223 5084 1396 5154 memoria
1412 5080 1638 5178 Pythagorae
1653 5083 1848 5167 sententia,
1874 5111 1981 5179 quam
1997 5083 2210 5159 Aristoteles
2243 5108 2259 5139 ι

289 5195 420 5286 ligens,
446 5193 578 5286 pendet
599 5215 619 5258 u
642 5212 704 5259 sua
727 5209 851 5269 causa,
877 5196 1006 5255 etcum
1030 5211 1068 5255 ea
1087 5197 1172 5256 conss
1222 5187 1523 5260 inOecnnomicis
1547 5189 1650 5270 citat,
1677 5187 1860 5272 videlicet,
1884 5191 2054 5261 maritum
2077 5191 2208 5262 debere
2245 5214 2270 5276 ιι

288 5320 416 5390 gruere
430 5296 552 5378 debet,
578 5316 652 5362 non
672 5312 870 5383 congruens
885 5289 1019 5381 rumpit
1035 5291 1169 5376 foedus,
2247 5298 2271 5412 p

235 5418 241 5435 ¹
260 5410 324 5469 et
339 5400 480 5471 relictus
495 5423 514 5471 a
530 5397 647 5490 prima
665 5416 789 5478 causa,
817 5391 1044 5484 extinguitur.
1166 5398 1171 5409 “
1257 5421 1305 5482 ts)
1323 5421 1419 5474 ussit.
1436 5420 1586 5470 utronea.
1604 5419 1633 5481 a,
1648 5416 1714 5469 sss.
2249 5418 2270 5489 a,

2251 5510 2271 5563 tc
