4544 5766
105 212 182 285 877
331 214 405 291 Vll.
455 219 846 308 ‚COMMENTARIUS
883 224 934 299 tlt
973 222 1223 341 CICERONIS
1261 221 1582 296 Pan'rtrtonas
1615 220 1903 297 ORATORIAS.

105 384 322 459 interficiens
336 414 437 460 suam
454 417 603 462 uxorem
625 408 660 463 et
678 396 883 491 liberosoe),
919 399 1014 489 apud
1028 397 1086 466 Li-

104 486 204 556 vium
218 489 283 559 lib.
302 492 336 561 8.
356 493 495 585 primae
507 496 732 595 Decadisw),
765 496 913 570 historia
939 513 991 570 est
1006 501 1088 569 Ale-

104 591 232 659 xandri
259 592 448 684 Epirotae,
497 600 595 670 cuius
626 604 795 686 cadaver,
840 604 976 699 inquit,
1017 604 1087 673 dis-

103 705 347 778 sectum'esse,
371 711 411 767 ut
425 715 593 771 cruentae
610 718 729 795 partes
741 706 831 775 aliae
854 707 941 776 alias
964 720 1086 775 contu-

103 795 208 863 melia
225 800 471 872 adficerentur.
528 804 644 889 Haec,
669 808 751 901 quia
768 832 787 876 a
804 823 931 879 natura
956 805 1086 877 abhor-

103 911 204 980 rent,
231 924 415 995 nunquam
430 906 880 1002 placicleaudiripossunt:
910 913 971 981 sed
996 912 1085 980 exci-

103 1013 181 1069 tant
195 1027 295 1074 acres
309 1018 439 1079 motus.
478 1008 580 1078 Subit
594 1013 689 1080 enirn
706 1015 863 1084 animum
880 1038 955 1082 nnn
969 1015 1083 1084 solum

103 1103 285 1175 miseratio
302 1132 423 1177 carrum
439 1136 696 1203 personarum,
722 1140 814 1209 quae
834 1118 1084 1195 nominantur:

103 1208 163 1275 scd
178 1208 288 1278 totius
303 1213 442 1300 generis
462 1209 630 1300 bunmni,
667 1220 764 1310 quod
788 1221 950 1290 dolemus
977 1219 1084 1289 tantis

102 1309 255 1381 miseriis
276 1314 469 1384 obnoxium
492 1341 576 1390 esse.
628 1319 743 1389 Verba
759 1320 854 1390 Livii
875 1319 963 1391 baec
982 1334 1082 1392 sunt:

103 1407 153 1480 lbi
168 1414 273 1482 foeda
287 1416 453 1487 laceratio
470 1422 630 1512 corporis
646 1424 750 1506 facta,
766 1449 850 1492 nam
860 1425 906 1521 11)
923 1426 1081 1518 praeciso

103 1516 234 1600 medio,
249 1532 387 1610 partem
397 1520 624 1594 Consentiam
639 1527 813 1595 miserunt
820 1526 884 1621 ῃ);
898 1552 982 1620 pars
999 1527 1083 1619 ipsis

103 1630 238 1686 retenta
258 1622 303 1688 ad
317 1622 532 1710 ludibrium,
559 1653 650 1722 quae
674 1653 753 1698 cum
776 1630 900 1700 iaculis
921 1629 1082 1723 saxisque

103 1722 226 1811 procul
240 1721 493 1811 incesseretur,
519 1731 734 1801 mediarana
758 1734 929 1803 saevienti
938 1732 986 1827 ῃ)
1008 1747 1082 1802 tur-

103 1824 164 1892 bae
179 1824 340 1895 immixta
358 1836 435 1899 etc.'
473 1831 580 1902 Tales
594 1847 677 1903 sunt
697 1836 948 1928 descriptiones
969 1837 1007 1904 in
1028 1831 1081 1904 hi-

103 1927 236 2013 storiis,
261 1931 304 1999 de
320 1927 386 2014 his,
412 1934 474 2024 qui
491 1933 529 2003 in
544 1938 787 2009 obsidionibus
802 1935 960 2010 humana
977 1964 1081 2008 carne

103 2030 193 2121 pasti
207 2045 308 2115 sunt,
333 2048 374 2104 ut
388 2034 558 2129 Polybius
566 2039 636 2135 Πῑ)
658 2042 798 2124 scribit,
825 2043 996 2112 exercitus
1018 2043 1080 2110 ob·

103 2135 384 2205 sessesinAfrica
394 2140 587 2212 decimatos
602 2168 674 2213 esse
691 2146 736 2211 ad
752 2146 1079 2222 caeterosalendos;

103 2249 135 2305 et
146 2238 315 2308 mulieres
328 2241 494 2329 leguntur
513 2247 648 2314 coxisse
669 2247 824 2317 filiorum
846 2250 1003 2317 membra
1013 2247 1078 2336 13);

103 2353 133 2409 et
157 2352 334 2432 tyrannus
357 2343 527 2436 Astyages
559 2349 658 2417 dedit
690 2349 858 2443 Harpago
890 2363 982 2421 tosta
1010 2350 1079 2419 filii

103 2445 258 2512 membra
274 2447 409 2514 edenda
420 2447 479 2541 ⁷⁴).
530 2450 584 2519 Sit
600 2476 683 2542 ergo
699 2466 926 2545 praeceptum
950 2454 988 2521 in
1010 2448 1079 2520 hoc

103 2548 176 2617 leco
191 2549 443 2639 praecipuum,
466 2551 621 2623 delectus
636 2580 755 2625 rerum
780 2570 931 2626 naturae
951 2580 1078 2624 eonve-

103 2650 289 2719 nientium:
332 2653 539 2743 praesertim
566 2657 759 2742 virtutum,
798 2684 888 2753 quae
911 2657 1078 2751 propriae

103 2765 180 2824 sunt
196 2752 310 2822 civilis
323 2767 358 2824 et
373 2757 585 2848 tranquillae
604 2760 716 2845 vitae,
742 2786 831 2855 quas
847 2758 1079 2832 humanitatis

103 2855 337 2948 appellatione
358 2860 644 2949 complectimur,
685 2877 726 2934 ut
747 2865 918 2948 iustitiae,
958 2865 1079 2934 mode-

103 2958 206 3042 stiae,
232 2961 484 3045 verecundiac,
509 2964 681 3037 bonitatis
696 2979 731 3035 et
745 2967 896 3037 aliarum
913 2979 1078 3058 cognata-

103 3087 198 3141 ωιτη
230 3061 316 3131 item
335 3088 455 3134 rerum
471 3063 721 3156 pulchrarum,
745 3084 786 3142 ut
800 3072 998 3140 formarum
1014 3072 1078 3137 bo-

103 3189 248 3248 narum,
276 3190 486 3258 camporum
510 3171 757 3256 vernantium,
783 3187 1007 3265 temporum,
1039 3184 1079 3241 ut

103 3270 191 3359 apud
202 3267 371 3337 Ovidium
388 3271 578 3363 descriptio
595 3286 647 3342 est
661 3276 766 3357 veris,
781 3274 968 3346 Fastorum
982 3274 1076 3369 1.⁷⁶):

181 3385 289 3444 Omnia
310 3396 379 3443 tune
401 3388 522 3461 florent,
551 3400 620 3446 tune
642 3404 687 3450 est
708 3410 782 3450 nora
804 3395 942 3473 temporis
963 3405 1058 3452 aetas:

177 3485 270 3545 Ludit
290 3500 322 3547 et
341 3488 371 3545 in
391 3492 498 3567 pratis,
528 3488 716 3568 luxuriatque
736 3511 839 3570 pecus.

103 3585 142 3655 Et
158 3586 284 3657 Cicero
301 3585 339 3653 in
354 3583 423 3656 boc
440 3588 517 3679 ipso
534 3589 653 3658 libello
664 3591 710 3688 ⁷⁶)
730 3595 774 3661 de
789 3594 962 3665 suavitate
975 3619 1078 3686 prae-

2044 225 2121 299 878

1139 412 1221 469 sunt
1237 397 1409 470 materiae
1424 390 1613 478 honestae,
1640 409 1675 465 et
1687 419 1779 489 quae
1794 394 1906 466 oculis
1928 408 1990 467 aut
2010 395 2122 466 menti

1138 504 1356 594 voluptatem
1373 499 1528 593 aliquam
1552 499 1742 589 praebent,
1765 511 1931 589 utsupra
1954 498 2046 581 dixi,
2073 500 2121 569 ef·

1137 606 1325 675 ficiendum
1354 615 1425 685 est,
1465 617 1505 673 ut
1528 601 1696 692 proprio,
1737 601 1925 693 perspicuo
1949 614 1983 669 et
2004 600 2119 670 nitido

1136 732 1299 779 sermone
1330 705 1543 786 recitentur,
1581 717 1621 774 ut
1652 716 1884 795 aspergantur
1908 717 2118 774 ornamenta

1137 812 1350 894 mediocria,
1395 802 1627 901 metaphorae
1662 807 1805 891 dulces,
1856 804 2117 891 similitudines,
2195 848 2199 853 -

1136 916 1343 984 collationes
1359 912 1634 981 contrariorum.
1683 908 1731 977 Et
1751 909 1789 977 in
1811 904 1880 979 hoe
1897 932 2024 1000 genere
2040 932 2117 979 ma-

1135 1018 1228 1087 xime
1250 1042 1338 1110 opus
1362 1027 1413 1083 est
1443 1016 1591 1083 modum
1621 1008 1782 1083 adhiberi
1812 1024 2117 1082 ornamentorum.

1135 1120 1226 1190 Nam
1258 1118 1403 1189 deliciae
1433 1115 1643 1186 immodicae
1670 1115 1850 1185 fastidium
1878 1114 2043 1205 pariunt,
2081 1126 2116 1183 et

1134 1223 1333 1314 significant
1360 1222 1652 1300 adfectationem,
1702 1243 1794 1311 quae
1823 1241 1963 1306 semper
1992 1217 2115 1288 odiosa

1135 1341 1197 1398 est.
1264 1327 1367 1397 Nunc
1392 1326 1550 1417 exempla
1577 1333 1806 1414 quaerantur.
1870 1316 1950 1389 lure
1980 1320 2115 1412 primas

1133 1429 1321 1499 tribuimus
1345 1426 1513 1518 epistolae
1534 1424 1716 1495 Ciceronis
1735 1425 1780 1492 ad
1803 1422 2044 1518 serviunt),
2076 1421 2116 1491 in

1134 1558 1203 1625 qua
1234 1533 1327 1601 filiae
1357 1543 1511 1600 mortem
1545 1527 1736 1621 deplorat.¹
1783 1524 1850 1592 Hie
1873 1524 2028 1615 primum
2056 1550 2114 1595 res

1133 1649 1216 1706 sunt
1236 1632 1418 1706 honestae.
1487 1630 1564 1725 lpse
1587 1654 1686 1700 suam
1712 1621 1875 1724 στοργήν
1898 1651 1981 1718 erga
2002 1626 2114 1697 filiam

1133 1739 1311 1832 depingit,
1333 1753 1463 1810 etcum
1481 1736 1605 1804 dolore
1621 1734 1664 1801 de
1680 1731 1828 1799 interitu
1849 1728 1942 1800 filiae
1965 1729 2114 1799 coniun-

1133 1842 1184 1933 git
1214 1843 1374 1912 dolorem
1404 1842 1448 1910 de
1476 1835 1670 1929 republica.
1744 1832 1821 1901 Hae
1849 1831 2021 1901 materiae
2048 1855 2113 1925 per

1132 1971 1205 2015 sese
1222 1942 1567 2016 commiserationem
1587 1940 1626 2007 in
1648 1936 1769 2007 animo
1793 1935 1935 2005 lectoris
1954 1946 2112 2006 movent.

1132 2047 1269 2120 Deinde
1291 2050 1406 2118 oratio
1430 2045 1684 2115 consideretur.
1745 2039 1884 2108 Moesta
1906 2050 1978 2119 est,
2011 2036 2112 2105 utin

1131 2155 1246 2239 luctu,
1286 2165 1321 2222 et
1350 2175 1495 2245 prorsus
1518 2144 1608 2216 nibil
1630 2140 1738 2214 babet
1764 2141 1923 2209 accersiti
1947 2152 2113 2218 ornatus;

1130 2281 1195 2325 nee
1210 2270 1293 2327 sunt
1307 2257 1441 2324 multae
1457 2264 1519 2321 aut
1533 2252 1659 2340 longae
1675 2244 1833 2338 periodi,
1858 2245 1919 2314 sed
1934 2243 2010 2312 cola
2031 2254 2112 2334 apte

1131 2356 1369 2429 cohaerentia.
1420 2354 1467 2423 Et
1481 2353 1633 2423 multum
1651 2348 1784 2441 gratiae
1801 2341 1908 2416 habet
1931 2346 2005 2437 ipsa
2028 2342 2112 2415 hae-

1130 2464 1267 2547 sitatio,
1296 2485 1387 2555 quae
1401 2481 1497 2527 nunc
1511 2455 1684 2534 admittit,
1710 2472 1805 2520 nunc
1820 2449 1936 2518 reiicit
1951 2447 2112 2517 consola-

1130 2567 1276 2635 tionem.
1327 2563 1394 2631 Hic
1410 2559 1566 2628 admittit
1579 2552 1875 2626 consolationem:
1907 2550 1968 2620 tte
1991 2561 2112 2621 autem

1129 2694 1204 2737 non
1221 2667 1336 2737 oratio
1354 2677 1416 2735 tua
1437 2663 1572 2743 solum,
1599 2670 1634 2727 et
1655 2654 1805 2727 societas
1824 2677 1936 2742 paene
1959 2651 2111 2743 aegritu-

1130 2773 1241 2852 dinis:
1275 2767 1467 2840 sedetiam
1493 2763 1665 2833 autoritas
1684 2757 1898 2828 consolatur.
1956 2754 2008 2823 Ac
2031 2777 2111 2845 gra-

1129 2875 1216 2944 tiam
1233 2884 1338 2964 auget
1351 2867 1421 2940 hoc
1435 2869 1549 2960 ipsum
1567 2857 1710 2942 πάθος,
1736 2859 1833 2953 quod
1847 2859 1899 2927 illi
1913 2858 2038 2928 tribuit
2056 2882 2112 2926 so-

1130 2979 1292 3047 cietatem
1306 2976 1432 3043 luctus.
1490 2972 1618 3040 Postea
1638 2966 1796 3054 disputat
1810 2975 1932 3030 contra
1951 2961 2110 3030 consola-

1129 3082 1283 3151 tionem:
1324 3078 1394 3147 Sed
1416 3072 1602 3165 opprimor
1624 3068 1805 3137 interdum
1835 3076 1870 3133 et
1899 3064 1958 3133 vix
1985 3065 2108 3133 resisto

1129 3183 1266 3267 dolori,
1292 3181 1389 3274 quod
1404 3201 1445 3247 ea
1460 3200 1518 3244 me
1536 3172 1661 3245 solatia
1679 3169 1864 3251 deficiunt,
1890 3192 1980 3261 quae
1996 3179 2110 3235 caete·

1129 3289 1196 3371 ris,
1222 3307 1376 3380 quorum
1390 3279 1548 3371 exempla
1564 3270 1709 3366 mihi⁷⁸)
1725 3294 1912 3363 propono,
1943 3269 2052 3341 simili
2071 3268 2110 3337 in

1127 3392 1271 3460 fortuna
1286 3409 1360 3454 non
1375 3385 1573 3452 defuerunt.
1623 3377 1810 3447 Postremo
1840 3385 2011 3466 quantum
2038 3364 2110 3443 πά·

1128 3493 1200 3572 θος
1214 3503 1283 3571 est,
1310 3513 1389 3556 cum
1406 3482 1540 3576 inquit:
1565 3480 1731 3571 Aspicere
1753 3475 1889 3546 curiam
1912 3500 1985 3545 non
2013 3487 2110 3565 pote-

1127 3618 1219 3663 ram.
1284 3587 1559 3666 Existimabam,
1599 3583 1638 3650 id
1660 3579 1757 3673 quod
1781 3591 1876 3661 erat,
1907 3600 2031 3647 omnes
2054 3601 2110 3645 me

103 3688 250 3780 ripiens,
275 3690 409 3782 inquit:
445 3695 634 3761 sumendas
657 3717 825 3778 asseres,
860 3720 950 3789 quae
972 3697 1078 3787 signi·
1128 3695 1324 3764 industriae
1340 3687 1494 3782 meaew)
1515 3688 1649 3756 fructus
1673 3696 1709 3751 et
1724 3685 1890 3752 fortunae
1904 3678 2109 3773 perdidisse.

103 3792 205 3861 icant
220 3792 373 3861 oratoris
396 3792 506 3884 ipsius
528 3795 697 3867 amabiles
724 3823 841 3868 mores
863 3814 897 3868 et
919 3799 1077 3868 animum
1128 3798 1224 3868 Haec
1252 3794 1387 3864 lumina
1421 3792 1500 3862 ideo
1528 3786 1708 3869 recensui,
1746 3809 1821 3854 non
1848 3785 1984 3866 solum,
2024 3781 2109 3876 quia

103 3890 295 3965 humanum
315 3907 351 3963 et
372 3895 566 3967 liberalem.
624 3899 720 3969 Haec
743 3904 788 3971 ad
811 3925 868 3972 res
887 3903 1078 3995 pertinent.
1128 3913 1217 3971 sune
1234 3898 1392 3989 exempla
1413 3892 1595 3988 praecepti
1615 3891 1659 3960 de
1681 3888 1871 3967 suavitate:
1905 3886 2109 3963 sedetiam,

103 3998 260 4068 alterum
288 4012 517 4091 praeceptum
550 4012 601 4069 est
631 4006 675 4072 de
711 4029 839 4096 genere
874 4008 1078 4075 verborum.
1129 4002 1213 4097 quia
1235 3995 1499 4070 commonefieri
1521 3993 1696 4066 studiosos
1718 3992 1881 4082 prodest,
1918 4001 1959 4059 ut
1980 3983 2109 4057 similia

103 4100 259 4171 Alterum
281 4102 501 4172 eontrarium
525 4116 578 4172 est
598 4105 782 4191 suavitati,
823 4110 920 4203 quod
944 4107 1077 4177 nonin
1129 4107 1327 4176 observent.
1361 4101 1454 4173 Nam
1473 4099 1517 4167 ad
1532 4097 1758 4167 formandam
1775 4091 1988 4169 orationem,
2011 4088 2108 4159 nulla

103 4204 223 4287 rebus,
262 4205 324 4273 sed
347 4205 464 4274 verbis
487 4220 660 4280 versatur.
725 4209 844 4279 Etiam
867 4213 896 4282 si
917 4235 975 4282 res
996 4223 1080 4280 sunt
1129 4231 1185 4277 res
1203 4217 1255 4276 est
1269 4204 1410 4287 utilior,
1446 4225 1554 4297 qnam
1573 4195 1773 4269 observatio
1789 4192 1913 4262 talium
1930 4191 2108 4284 exemplo-

103 4307 291 4399 populares
312 4321 348 4377 et
369 4321 508 4399 gratae:
548 4320 669 4380 tamen
691 4308 885 4384 horriditas
908 4312 1080 4383 orationis
1129 4332 1231 4392 rum,
1258 4307 1445 4377 coniuncta
1465 4328 1543 4374 cum
1561 4300 1679 4372 studio
1694 4294 1916 4366 imitationis.

103 4423 149 4479 est
163 4410 340 4493 insuavis,
366 4410 457 4479 utin
471 4411 692 4484 Germanicis
715 4410 885 4487 historiis.
940 4415 994 4486 Sit
1016 4416 1081 4507 igi·
1230 4410 1337 4479 Extat
1360 4420 1396 4477 et
1418 4406 1567 4499 epistola
1593 4400 1735 4472 Erasmi
1756 4400 1802 4470 ad
1825 4392 2111 4489 Longolium⁸⁶),

103 4524 157 4582 tur
172 4513 323 4583 alterum
339 4527 567 4606 praeceptum
583 4519 627 4585 de
650 4517 779 4589 verbis.
837 4518 929 4589 Cum
950 4520 1080 4589 electae
1131 4532 1222 4606 quae
1236 4511 1434 4604 exemplum
1449 4504 1554 4579 buius
1571 4504 1707 4597 generis
1722 4527 1796 4574 esse
1817 4514 1953 4595 potest,
1989 4497 2055 4569 etsi
2075 4509 2112 4567 et

1131 4615 1198 4684 alia
1214 4616 1326 4685 multa
1342 4614 1500 4704 exempla
1519 4612 1563 4679 ab
1576 4608 1726 4679 Erasmo
1741 4604 1897 4675 mutuari
1915 4625 2113 4697 possumus.

133 4716 183 4774 θ)
200 4718 322 4767 senecae
338 4714 471 4763 nereum
488 4715 584 4766 ¹¹¹¹⁰¹¹⁸
602 4717 729 4783 ”Mati
1130 4719 1330 4787 Prudenter
1358 4715 1453 4784 enim
1481 4726 1516 4783 et
1538 4738 1595 4783 res
1626 4711 1724 4803 eligit
1749 4734 1813 4802 per
1833 4733 1907 4778 sese
1933 4715 2110 4787 venustas,

133 4799 413 4862 mmmm

134 4884 182 4950 71)
203 4896 266 4933 nam
284 4921 291 4934 .
310 4919 317 4932 .
336 4920 342 4933 .
362 4917 369 4931 .
388 4883 535 4945 miserant]
554 4882 595 4934 ste
611 4884 833 4953 ntocommeot.;
856 4888 953 4942 Livius
970 4893 1012 4944 ed.
1024 4895 1080 4944 no.

165 4954 211 5003 slt.
232 4951 321 5003 trau:
343 4964 461 5014 namque
478 4989 485 5001 .
505 4989 513 5004 .
532 4989 540 5004 .
558 4991 565 5004 .
583 4955 695 5007 misero,

134 5039 182 5100 ⁷2)
200 5042 274 5088 Ante
290 5040 433 5089 saeuienti
450 5040 475 5089 h.
486 5039 504 5089 Ι.
524 5039 626 5092 omissa
643 5045 708 5094 sunt
723 5042 798 5094 Livii
815 5047 916 5099 rerba:
935 5048 1011 5100 ultra
1027 5048 1076 5097 tm-

167 5120 308 5159 manarum
327 5107 429 5155 irarum
447 5107 534 5156 fldem.

133 5176 199 5235 ⁷2⁸)
218 5175 328 5238 Potynit
343 5176 439 5225 histor.
457 5177 480 5241 1,
496 5178 540 5230 ⁸⁴.

132 5245 180 5306 77)
196 5248 224 5298 2.
241 5246 310 5302 Rea.
326 5246 352 5303 6,
370 5245 412 5295 78.
429 5246 472 5295 79.
507 5287 512 5295 .

132 5313 180 5369 74)
198 5314 330 5364 Herodot.
347 5315 368 5369 Ι,
389 5314 446 5363 119.

133 5380 170 5432 77
201 5382 282 5433 ortt.
298 5383 376 5432 nost.
394 5383 417 5445 1,
435 5383 493 5433 151.
512 5384 570 5436 tte.

132 5448 167 5502 ²⁸
198 5449 258 5503 cto.
276 5454 380 5502 orator.
398 5452 491 5514 partit.
508 5466 531 5505 c.
544 5453 591 5507 vt
609 5454 694 5517 Μ.

1163 4936 1213 4995 77)
1232 4938 1307 4988 llaec
1324 4936 1468 4989 cleeronts
1484 4936 1520 4986 att
1537 4934 1664 4987 servium
1681 4931 1830 4996 Sutptetnnr
1854 4929 1971 4993 epistota
1994 4938 2021 4976 a.
2040 4938 2066 4978 n.
2084 4938 2109 4975 e.

1199 5005 1259 5057 709.
1276 5007 1379 5069 scripta
1397 5007 1534 5056 tuventtur
1552 5006 1579 5055 in
1597 5004 1656 5054 etus
1673 5002 1751 5065 epist.
1768 5002 1805 5051 ad
1822 4999 1905 5050 famil.
1923 4996 1973 5059 Ν,
1990 4996 2017 5045 a.

1164 5090 1214 5149 78)
1232 5092 1356 5209 οιΙοωΡΙι
1373 5091 1451 5152 mint]
1470 5091 1512 5141 ste
1531 5091 1575 5141 tite
1592 5090 1760 5152 comnena,
1784 5087 1833 5137 nrt
1853 5084 1954 5136 orell:
1978 5080 2042 5132 mit
2059 5094 2108 5129 aa·

1165 5172 1385 5303 nihiliores
1403 5247 1494 5307 neu]
1511 5246 1551 5296 ste
1568 5245 1612 5295 tute
1631 5244 1779 5297 Commeat
1789 5257 1798 5306 3
1824 5239 1874 5288 ua.
1892 5237 1997 5290 orell:
2020 5240 2048 5288 et
2066 5237 2111 5287 tn·

1200 5315 1321 5364 «lustriae
1338 5327 1423 5366 meae.

1163 5398 1213 5468 ω)
1231 5401 1263 5451 lu
1273 5401 1383 5451 Erasml
1396 5401 1447 5464 op.
1466 5401 1508 5450 ed.
1522 5401 1606 5464 bugd.
1623 5401 1680 5447 Bat.
1701 5392 1889 5448 17177-1706.
1905 5390 1965 5443 rot
1984 5390 2057 5444 Tan.
2064 5391 2109 5443 111.

1198 5483 1225 5534 n.
1237 5470 1299 5523 tta.
1318 5471 1437 5534 epistota
1454 5470 1515 5522 4117.
1531 5480 1556 5520 a.
1571 5466 1645 5521 1179.
1662 5465 1773 5531 πῆμα.
