4544 5766
126 208 201 283 907
693 194 818 268 21111..
851 192 965 266 ΜΕ).
996 190 1581 271 8131111111111111010111111.Ι
1677 204 1680 209 ·
1751 202 1754 207 ·
1846 198 1896 235 ³··

124 384 201 454 iure
217 382 254 452 in
268 391 426 451 nostram
442 372 619 444 civitatem
634 369 913 464 perv·enit‚‘non
937 365 1104 435 retinebi·
1155 370 1401 459 pronuntiavit
1430 369 1531 439 illum
1545 368 1592 467 ¹¹⁸)
1623 363 1693 439 hoc
1727 369 1873 441 nomine
1912 373 2034 445 fortun

124 512 223 569 mus,
249 509 326 554 cum
343 478 485 575 quidem
503 478 547 546 de
561 476 664 545 nobis
680 473 860 567 praeclare
875 469 1022 538 meritus
1036 467 1105 537 sit?
1153 470 1278 557 fuisse,
1319 473 1415 566 qnod
1436 472 1635 542 Homerum·
1654 496 1868 564 praeconem
1889 489 2038 547 nactus«

125 589 239 660 Nemo
254 585 325 657 suis
339 582 502 652 laudibus
517 580 716 648 nonfavet:
743 599 809 644 nos
824 566 1104 665 igiturArchiae,
1156 574 1256 667 quasi
1284 575 1539 667 amplissimum
1560 576 1701 644 virtutis
1728 578 1926 668 praemium
1951 579 2038 649 illic

126 693 189 786 qui
210 714 264 759 res
285 686 465 779 praeclare
489 694 601 773 gestas
621 678 745 772 populi
764 674 921 746 Romani
948 673 1103 743 carmine
1155 677 1270 766 gisset.
1326 678 1467 747 Etenim
1492 676 1643 774 quod⁷⁰)
1667 680 1799 772 absque
1823 680 1981 751 Homero
2000 683 2038 752 iu

125 793 325 884 complexus
341 801 412 871 est,
435 786 554 855 lavere
571 784 749 852 dehemus.
800 777 993 869 Descripsit
1008 777 1111 845 enim.
1155 779 1268 869 ipsum
1299 781 1406 849 etiam
1440 804 1573 849 nomen
1599 775 1745 851 Achillis
1774 783 1954 854 oblivione
1982 786 2038 854 obl

126 895 352 966 Cimbrorum
368 890 503 960 cladem
519 883 669 956 inltalia
694 894 889 975 acceptam;
923 879 1104 972 descripsit
1154 880 1340 977 tuissutt).
1400 883 1529 954 Noster
1545 883 1736 973 Pompeius
1759 908 1825 976 pro
1854 889 2028 957 concione

126 1009 161 1068 et
177 991 459 1066 Mithridaticum
474 990 618 1060 bellum.
669 986 854 1057 Pertineut
870 982 964 1053 enim
983 983 1026 1050 ad
1040 1006 1103 1073 po·
1154 996 1225 1052 tarn
1242 986 1419 1078 quendam
1436 986 1577 1055 civitate
1593 985 1759 1068 donavit,
1792 987 1898 1082 idque
1921 1014 2039 1082 compr

124 1101 201 1193 puli
215 1094 373 1168 Romani
390 1095 539 1189 gloriam
555 1116 611 1162 res
626 1102 741 1183 gestae
764 1100 968 1157 nostrorum
992 1086 1103 1176 impe·
1154 1086 1206 1154 vit
1234 1089 1415 1158 exercitus.
1472 1086 1679 1156 Delectabat
1708 1089 1802 1158 enim
1830 1116 1910 1176 eos,
1949 1095 2039 1187 quoc'

125 1214 300 1273 ratorum.
347 1196 464 1290 Scipio
481 1192 619 1265 honore
637 1192 763 1263 adfecit
779 1190 953 1260 Ennium:
979 1200 1014 1257 et
1029 1210 1103 1257 non
1154 1202 1270 1279 gestae
1286 1190 1443 1281 ipsorum
1460 1192 1648 1260 mandatae
1662 1191 1808 1276 litteris,
1837 1218 1910 1264 non
1933 1208 2037 1267 tantu

125 1306 234 1376 modo
258 1303 378 1372 vivum
402 1298 529 1382 coluit,
568 1297 629 1368 sed
654 1310 834 1366 mortuum
861 1292 968 1361 etiam
992 1290 1030 1358 in
1052 1314 1104 1359 se·
1154 1294 1372 1383 praeseutia,
1410 1295 1471 1364 sed
1498 1292 1604 1363 etiam
1628 1295 1673 1362 ad
1697 1308 1858 1384 posteros
1877 1298 2028 1389 gloriam

126 1403 275 1501 pulchro
294 1404 499 1497 Scipionum
523 1400 718 1469 collocavit.
778 1395 844 1464 Hic
866 1394 1103 1463 celebraverat
1153 1394 1334 1485 pariturae
1356 1408 1467 1466 erant.
1520 1396 1609 1466 Cum
1634 1408 1750 1465 autem
1769 1398 2039 1490 imperatoresn

128 1510 299 1581 Catonem
314 1518 349 1577 et
363 1506 450 1577 alios
465 1504 621 1597 egregios
637 1502 746 1571 cives:
778 1522 939 1593 quaeres
958 1522 1037 1566 cum
1059 1496 1103 1564 ad
1154 1491 1247 1587 hanc
1264 1501 1309 1568 ob
1335 1522 1475 1568 causam
1499 1522 1604 1591 saepe
1620 1498 1851 1591 scriptoribus
1873 1499 2039 1573 honoren

126 1612 251 1705 populi
264 1610 423 1680 Romani
439 1607 586 1702 gloriam
603 1605 781 1698 pertinere
795 1601 1031 1681 iudicaretur,
1057 1598 1104 1667 ci·
1153 1600 1314 1685 buerint‚
1340 1598 1528 1671 verisimile
1551 1614 1603 1672 est
1623 1614 1659 1670 et
1674 1599 1864 1687 Archiam,
1896 1605 1925 1675 si
1949 1607 2036 1677 civis

126 1714 234 1784 vitate
249 1717 401 1784 donatus
416 1724 468 1783 est
476 1709 633 1792 Ennius,
659 1706 808 1799 ignobili
823 1716 928 1773 natus
942 1704 1041 1784 loco,
1066 1701 1103 1768 in
1154 1717 1261 1785 esset,
1284 1703 1386 1773 facile
1401 1705 1454 1774 ius
1474 1704 1625 1774 civitatis
1646 1707 1691 1780 ab
1712 1706 1834 1799 aliquo
1856 1707 2039 1799 impetrare

126 1817 258 1911 oppido
274 1805 492 1911 Rhodiistt).
526 1812 669 1905 Quanto
688 1800 1104 1879 minusdecetnoshunc
1155 1805 1272 1875 tuisse.
1336 1806 1431 1900 Sylla
1461 1807 1576 1891 enim,
1614 1832 1694 1877 cum
1718 1809 1826 1878 etiam
1854 1810 1975 1902 inepto
2008 1837 2040 1903 p·

124 1917 314 2004 Archiam,
356 1920 395 1986 in
425 1917 518 1988 socia
554 1914 692 1983 civitate
712 1910 881 1980 Heraclea
897 1907 944 2006 ⁷⁴)
975 1905 1104 1976 adscri-
1154 1908 1351 2000 praemium
1364 1909 1442 1978 dari
1455 1909 1614 1992 iusserit,
1640 1906 1735 1981 hunc
1748 1924 1895 2004 propter
1916 1915 2040 2004 singul.

124 2036 245 2116 ptum,
286 2019 426 2091 civitate
455 2018 599 2098 eiicere,
634 2013 840 2107 praesertim
866 2036 943 2081 curn
968 2011 1103 2080 Graece
1155 2010 1287 2101 ingenii
1313 2011 1386 2079 vim
1409 2023 1516 2105 atque
1538 2012 1681 2102 copiam
1702 2014 1854 2083 maxime
1870 2018 2040 2088 admira-tr

124 2150 180 2195 res
213 2137 327 2217 gestas
349 2122 472 2215 populi
494 2118 648 2189 Romani
667 2113 938 2207 conscripserit?
991 2112 1103 2181 Maio·
1153 2126 1216 2183 set.
1250 2113 1520 2211 Q.Metcllus⁸¹)
1538 2114 1746 2206 Hispanicos
1762 2129 1885 2208 poetas
1899 2119 1937 2187 in
1953 2120 2039 2189 civit

125 2252 201 2297 rem
224 2227 319 2296 enim
342 2224 491 2316 gloriam
514 2222 659 2315 pariunt
681 2222 815 2290 Graece
848 2240 954 2311 quam
976 2215 1103 2284 Latine
1154 2217 1311 2287 adscivit.
1363 2217 1410 2284 At
1425 2215 1525 2310 ιμ’)
1547 2212 1615 2286 hoc
1633 2218 1734 2287 facile
1752 2220 1808 2288 vel
1824 2244 1888 2311 per
1903 2247 1957 2305 se,
1986 2224 2040 2292 vel

125 2330 273 2421 scripta,
300 2330 383 2422 quia
397 2328 531 2398 Graeca
548 2324 668 2415 lingua
686 2324 805 2414 plures
822 2333 940 2410 gentes
955 2331 1103 2388 utuntur
1152 2317 1318 2391 Lucullus
1341 2319 1435 2389 idern
1458 2320 1647 2411 impetrare
1661 2317 1808 2391 Archias
1828 2325 1956 2414 potuit.
2009 2326 2040 2396 N

125 2456 231 2528 quam
254 2443 388 2501 nostra.
446 2428 493 2497 At
516 2452 595 2497 cum
617 2429 748 2495 frimam
771 2425 939 2493 virtutum
965 2434 1103 2491 nostra·
1154 2423 1248 2491 enirn
1264 2423 1477 2492 dissimulari
1500 2418 1567 2491 hoc
1587 2436 1720 2515 potest,
1746 2426 1879 2516 gloriae
1902 2428 2040 2518 cupidit

124 2562 203 2605 rum
221 2536 265 2603 ad
287 2557 345 2604 eas
366 2532 530 2627 etiam²³)
555 2543 674 2622 gentes
698 2527 882 2620 pervenire
907 2525 1102 2617 cupiamus,
1154 2525 1281 2595 animis
1297 2526 1457 2595 omnium
1480 2525 1640 2594 innatam
1660 2551 1746 2598 esse.
1805 2528 1906 2599 Hanc
1932 2531 2002 2622 ipsi
2025 2555 2041 2600 e

124 2664 200 2733 quo
210 2638 371 2707 nondum
388 2658 491 2705 arma
504 2646 625 2704 nostra
639 2640 931 2725 penetraverunt:
974 2650 1102 2696 ornare
1152 2624 1376 2722 philosophi,
1409 2652 1489 2699 curn
1514 2631 1558 2699 de
1582 2633 1840 2717 contemnenda
1863 2634 1976 2724 gloria
1997 2662 2041 2729 pr

123 2766 182 2811 eas
198 2740 332 2809 litteras
346 2739 535 2820 debemus,
560 2758 651 2830 quae
671 2733 825 2803 nominis
840 2730 997 2800 Romani
1010 2729 1102 2801 noti-
1152 2733 1275 2824 piunt,
1315 2733 1502 2802 adfectant.
1566 2730 1666 2801 Hanc
1687 2735 1909 2827 propositam
1928 2734 2041 2811 habuc

124 2846 210 2914 tiam
226 2868 268 2913 eo
284 2838 530 2936 perieruntl').
1152 2835 1265 2904 nostri
1289 2834 1540 2927 imperatores,
1571 2835 1693 2929 quiin
1715 2838 1863 2927 publicis
1889 2865 2040 2912 monum

224 2944 302 3015 lluc
325 2942 474 3025 accedit,
499 2941 595 3035 quod
611 2938 799 3031 scriptores
816 2959 891 3005 non
911 2934 1103 3027 vulgariter
1153 2939 1310 3007 carmina
1330 2936 1552 3030 perscrihiss)
1576 2952 1808 3023 curaverunt,
1844 2941 1883 3010 in
1913 2943 2041 3037 quibus

125 3049 169 3115 de
184 3046 364 3139 republica
379 3055 580 3125 merentur,
605 3042 686 3137 qui,
711 3042 795 3134 quia
815 3039 1025 3108 memoriam
1047 3060 1103 3107 re·
1152 3040 1396 3110 minaeorum
1421 3051 1590 3110 extarent.
1642 3038 1738 3131 Ego,
1771 3055 1811 3112 ut
1833 3042 1984 3135 ingenue
2007 3049 2041 3117 sa

125 3172 205 3218 rum
224 3148 405 3241 praeclare
420 3157 596 3239 gestarum
613 3143 787 3224 retinent,
814 3141 967 3210 excitant
986 3136 1102 3210 homi·
1152 3142 1352 3212 incredibili
1373 3143 1553 3235 voluptate
1576 3144 1740 3228 adficior,
1771 3170 1852 3215 cum
1873 3143 1977 3220 huius
2002 3174 2041 3243 pt

124 3274 186 3320 nes
209 3254 255 3321 ad
275 3249 416 3319 virtutis
430 3247 586 3319 studium
594 3245 653 3344 Π).
703 3244 848 3317 ΝιιΙΙιιιιι
871 3243 964 3312 enim
989 3244 1102 3313 effica-
1152 3246 1294 3316 recitari
1307 3247 1434 3330 autho,
1466 3248 1563 3340 quod
1587 3247 1632 3315 de
1655 3248 1760 3317 rebus
1781 3247 1819 3316 in
1840 3252 2029 3323 consulatu

124 3350 197 3423 cius
224 3352 491 3422 incitamentum
522 3361 573 3419 est
601 3348 841 3441 periculorum
863 3370 903 3414 ac
924 3346 1102 3443 laborum,
1151 3373 1217 3441 pro
1242 3349 1353 3419 salute
1374 3349 1586 3440 reipublicae
1611 3350 1714 3440 gestis
1736 3347 1929 3423 inchoavit.
1983 3355 2042 3427 Nu

124 3480 231 3550 quarn
264 3454 389 3547 gloria.
453 3452 571 3547 Atque
598 3452 646 3520 ita
668 3451 839 3522 iudicasse
862 3449 1100 3519 Alexandrum
1152 3453 1246 3520 euim
1264 3452 1376 3522 virtus
1393 3434 1591 3545 praeinium
1607 3452 1782 3543 copiosius
1797 3455 1990 3540 desiderat,
2023 3486 2042 3553 q

123 3571 289 3651 apparet,
315 3557 411 3629 viros
425 3559 533 3627 fortes
547 3578 587 3623 ac
601 3577 749 3644 magnos
766 3552 897 3645 gloriae
917 3551 1100 3622 dulcedine
1151 3555 1292 3623 laudem
1308 3567 1414 3649 atque
1431 3568 1566 3645 gratam
1583 3555 1794 3625 memoriam
1810 3558 1987 3631 laborum.
2031 3562 2042 3630 l

123 3661 231 3753 tangi.
282 3659 376 3733 Nam
392 3685 471 3731 cum
488 3660 535 3727 ad
550 3653 697 3727 Achillis
712 3657 886 3727 tumulum
901 3654 1100 3740 adstitisset,
1152 3682 1275 3728 omnes
1288 3669 1456 3750 expetunt
1471 3672 1575 3751 atque
1592 3658 1766 3731 ambiunt.
1820 3659 1885 3730 Est
1906 3663 2042 3733 enimi

1152 3761 1325 3854 quaedam
1340 3760 1472 3851 gloriae
1480 3758 1527 3853 ι1)
1550 3760 1722 3851 cupiditas
1746 3763 1933 3846 omnihus,
1960 3788 2042 3861 quas

220 3921 230 3940 ,
299 3921 305 3938 ,
650 3921 656 3944 ,
766 3922 775 3940 ,
826 3923 833 3941 ,
1151 3864 1311 3945 timulat,
1335 3874 1377 3932 ut
1395 3862 1606 3931 memoriam
1630 3865 1786 3934 nominis
1807 3858 1922 3936 nostri
1946 3872 1994 3938 ad

228 3927 307 3976 Eme
325 3920 417 3982 πόλεις
434 3920 578 3990 despiceres
592 3938 656 4006 nepa
674 3920 752 3993 ῥίζαν
776 3928 902 3993 agapes,
1489 3991 1494 3999 ἢ
1694 3967 1702 3983 ,
2014 3895 2038 3963 P

222 3988 356 4061 Σμύρνα,
383 3989 488 4057 Ῥόδος,
518 3992 674 4060 natoque,
703 3992 850 4063 ratoeptr,
881 3990 954 4059 Ἴος,
984 3992 1099 4065 Ἄργος,
1151 3989 1209 4035 ros
1227 3965 1465 4035 extendamus.
1513 3964 1628 4035 Nemo
1645 3989 1740 4043 ,emm
1755 3982 1871 4039 tantos
1896 3972 2040 4044 labores

217 4151 263 4200 ..Ι
311 4155 322 4199 t
373 4150 383 4199 t
420 4150 502 4201 W
520 4057 651 4200 galm-
713 4152 736 4199 L
775 4149 867 4199 m
896 4150 1006 4202 mm
1150 4068 1300 4160 ciperet,
1325 4090 1432 4136 uerno
1455 4079 1507 4135 tot
1530 4069 1685 4159 pericula
1704 4070 1857 4153 subiret,
1883 4075 1913 4142 si
1929 4076 2029 4144 nulla

192 4156 256 4279 diii,
266 4151 369 4281 ⁰lisbio
384 4163 468 4269 liutei
486 4222 575 4269 autern
586 4160 991 4283 'inilihtyiglleollssncydt
1008 4165 1100 4273 tilii.
1151 4169 1428 4289 ¹m¹¹¹⁰rtf¹¹¹t³l¹⁸
1441 4182 1662 4289 tangeretur,
1688 4196 1717 4241 8¹
1734 4173 1986 4291 arbitraretur,
2012 4204 2043 4249 st

188 4303 215 4351 p.
232 4288 304 4338 rtet.
323 4294 389 4338 noa
405 4288 455 4337 troc
473 4287 606 4337 usttcnon
624 4287 754 4337 meatur:
1150 4296 1361 4342 memonam
1383 4288 1542 4343 ommum
1562 4273 1725 4342 laborum
1740 4287 1965 4347 rnterrturam
1981 4305 2043 4352 esst

216 4369 301 4423 ‘aare
319 4370 509 4439 turpatum·
525 4368 616 4430 natm
632 4368 675 4424 <5⁸1²
694 4367 772 4440 ῥίζαν
786 4368 922 4455 ”elwa
1150 4400 1224 4445 non
1253 4376 1299 4445 ob
1326 4377 1446 4447 oculos
1467 4400 1545 4467 spes
1567 4378 1741 4470 quaedam
1767 4378 2043 4454 immortalitatis

220 4437 312 4508 Κύμη,
330 4436 457 4509 Σμύρνα,
475 4444 552 4503 Χίνς,
570 4437 720 4510 Κολοφὼν,
738 4435 838 4505 Πύλος,
857 4446 963 4509 Αργος,
976 4435 1100 4505 Ἀθῆναι.
1165 4506 1172 4519 ν
1292 4492 1307 4548 t
1358 4477 1390 4520 ω
1454 4477 1500 4548 Et
1657 4480 1670 4547 l
1722 4492 1736 4547 t
1881 4485 1905 4550 d
1999 4486 2008 4501 .

153 4543 200 4602 ⁷³)
221 4542 370 4604 Quantas
389 4545 470 4593 uetus
488 4554 513 4593 e.
533 4556 559 4593 u.
578 4557 599 4594 c.
614 4545 673 4594 oto.
693 4543 804 4604 auctu,
823 4542 968 4594 calabriae
985 4543 1100 4611 oppid03
1150 4501 1291 4549 lenate
1307 4503 1351 4548 ur
1390 4479 1417 4573 i'
1514 4503 1593 4549 cum
1611 4503 1656 4548 vo
1671 4504 1718 4571 up
1737 4504 1879 4575 asquae
1907 4507 1964 4553 ΜΠ
1979 4501 2039 4570 5η,

190 4613 262 4664 cont.
280 4612 378 4663 orellii
396 4616 424 4662 et
440 4611 545 4662 astrea
563 4612 702 4665 onomat.
721 4612 838 4662 Tullten.
856 4611 887 4665 Ρ.
900 4612 933 4662 ll.
952 4625 979 4676 p.
991 4612 1051 4666 m.

154 4717 202 4775 rs)
223 4716 370 4775 nemetes]
395 4716 437 4766 ue
459 4716 542 4766 aaut
564 4717 654 4777 rasa..
679 4716 771 4777 rese..
792 4716 882 4779 rasa,
902 4716 994 4781 resa,
1012 4716 1098 4783 rote,
1183 4699 1232 4758 78)
1249 4700 1340 4759 utun]
1357 4693 1529 4749 1111111192
1548 4697 1578 4744 et
1593 4694 1706 4746 celon:
1729 4708 1800 4748 eun.

189 4784 282 4847 1568.;
306 4784 390 4835 eruc
405 4786 478 4835 toto.
496 4790 525 4837 et
540 4787 653 4839 Colore:
679 4787 821 4851 Heraclia,
849 4786 898 4837 Ed
915 4786 989 4838 11122.
1008 4786 1099 4836 llere·
1183 4786 1232 4845 79)
1249 4785 1335 4849 quod]
1352 4783 1438 4835 urta.
1452 4781 1526 4832 1122
1543 4785 1572 4831 st
1589 4780 1701 4832 Coton:
1722 4782 1796 4846 quod
1813 4782 1848 4837 si.

189 4855 266 4906 ettae.
289 4877 317 4888 -
356 4854 507 4914 tterectea,
536 4858 653 4917 treguae
670 4856 802 4906 Graeciae
828 4857 894 4906 urbe
918 4854 991 4905 tuter
1008 4856 1099 4905 lett-
1181 4873 1231 4928 8⁰)
1249 4869 1372 4929 fuum]
1390 4867 1475 4919 naret,
1490 4866 1581 4919 tm„
1602 4865 1851 4918 1m0t0010„,;
1877 4867 1972 4920 mm

189 4928 300 5004 pontum
318 4924 346 4971 et
364 4923 510 4972 'l'srentun
527 4924 597 5004 elta.
621 4926 698 4974 cutus
716 4923 1099 4977 civitatenattctntussr-
1183 4959 1232 5015 3¹)
1250 4958 1284 5018 0⁴
1308 4953 1443 5006 omnm
1467 4952 1595 5002 mmm,
1620 4951 1703 5012 pm,
1733 4952 1866 5001 Numidici
1891 4954 1984 5019 mm,
2017 4956 2044 5009 ὼ

188 4995 281 5054 Clllttfl,
300 5005 378 5054 qttttm
397 5002 422 5042 Ι.
444 5005 469 5044 ll.
487 5008 511 5043 (l.
529 4993 638 5044 cireliel'
650 4994 710 5043 661.
728 5007 787 5044 cum
799 4994 836 5043 Μ·
850 4994 962 5045 Atllfflllo
979 4992 1031 5044 hile
1048 5005 1099 5043 VO·
1218 5026 1281 5074 vide
1299 5022 1396 5075 omnip
1413 5026 1441 5071 et
1457 5020 1559 5071 nuptm
1578 5021 1719 5072 onomast·
1737 5021 1852 5071 muman·
1878 5021 1907 5073 p·
1919 5023 1953 5076 ss.
1977 5037 2004 5088 P·
2018 5026 2044 5079 u

186 5062 290 5125 '‘im‘’
315 5060 480 5123 mmmm·
1218 5095 1322 5156 Pauly:
1346 5091 1557 5153 lteat-ltnoyct.
1577 5090 1607 5141 Τ.
1620 5089 1652 5138 11.
1669 5104 1695 5151 p.
1708 5090 1741 5139 at
1756 5101 1797 5152 sq.
1815 5102 1856 5139 nr.
1871 5090 1913 5142 22.

151 5164 200 5222 tt)
222 5162 319 5225 eum]
336 5163 366 5215 u
381 5164 433 5221 tta
448 5164 522 5215 rasa.
545 5164 631 5214 resse
1182 5180 1232 5236 ee)
1249 5180 1298 5238 ιι]
1316 5177 1399 5227 rara.
1415 5176 1506 5236 ress..
1526 5176 1600 5225 raas.
1618 5177 1660 5226 οι.

151 5265 200 5322 76)
216 5261 374 5327 perferat]
392 5264 441 5315 te.
460 5263 532 5315 1622.
554 5264 706 5327 proferunt.
1182 5266 1232 5323 82)
1250 5263 1398 5327 perscribi]
1418 5262 1501 5313 norm
1516 5261 1589 5313 tm.
1609 5264 1637 5311 et
1655 5260 1766 5313 colom:
1793 5262 1952 5321 prsescriot.

149 5361 200 5421 m
215 5361 252 5411 sd
268 5360 382 5411 vlrtottr
399 5360 534 5421 nudloul
551 5362 635 5415 reru.
653 5364 725 5415 1226.
737 5363 785 5427 l’.,
805 5364 879 5417 1221.
887 5362 917 5416 P.
936 5366 1047 5419 virtatls
1064 5366 1099 5416 ed
1183 5352 1232 5406 8⁴)
1251 5348 1373 5413 glorier]
1390 5346 1440 5397 lid·
1454 5346 1529 5399 ¹508.
1547 5345 1645 5411 ιΙοτὶι

183 5429 310 5480 suurn.
1181 5437 1231 5494 et)
1249 5430 1461 5493 obversaretur]
1477 5430 1527 5485 rt
1541 5430 1616 5485 tm
1635 5430 1723 5487 tetscr
1745 5434 1950 5485 comeretur.
