4544 5766
188 186 262 260 125
454 172 657 249 SCRIPTA
679 173 757 246 PH.
781 171 895 246 MEL.
919 170 986 244 AD
1011 173 1222 251 E'l'HlCEN
1251 174 1318 248 ET
1342 172 1600 250 Pobl‘l'lcEN
1627 173 1938 250 SPECTANTIA.
2135 176 2212 252 124

190 361 256 428 bus
271 302 453 438 cohcedit,
477 364 518 421 ut
530 347 778 433 dominentur,
804 347 985 441 Apostolis
998 373 1075 418 non
1092 373 1175 417 con·
1225 365 1306 445 pter
1319 345 1413 420 hanc
1426 350 1541 442 ipsam
1558 374 1713 434 causam,
1740 349 1825 444 quia
1839 348 2024 418 maior-est
2039 349 2216 420 autoritas

192 461 298 541 cedit,
331 469 371 527 nt
393 455 642 534 dominentur,
675 447 744 520 hoc
770 465 839 536 est,
871 464 912 522 ut
935 453 972 521 vi
996 452 1177 544 corporali
1226 454 1414 538 Ecclesiae,
1431 478 1511 523 curn
1526 454 1683 546 episcopi
1696 453 1914 523 nonfaciunt
1927 477 2030 522 sunm
2044 451 2216 534 officinm,

130 588 134 599 ·
191 575 338 634 utantur
360 570 544 651 praetextu
567 552 767 624 ministerii.
832 554 880 623 Et
903 556 1038 626 Paulus
1060 555 1178 649 inquit
1228 559 1360 627 debent
1377 559 1613 649 imperatores
1635 571 1670 625 et
1689 581 1789 647 reges
1819 579 2016 625 convocare
2045 557 2218 648 synodos,

194 670 247 761 (2.
263 666 345 734 Cor.
362 665 427 744 10,
444 658 515 754 4.);
541 656 653 726 Arma
668 658 816 726 militiae
840 673 983 729 nostrae
998 684 1073 729 non
1096 671 1179 728 sunt
1228 661 1319 731 sicut
1339 672 1375 728 et
1399 658 1653 729 Constantinus
1677 659 1805 728 indixit
1835 661 1972 752 aliquas
2004 656 2219 752 synodos⁸),

195 767 363 839 carnalia.
384 749 391 761 ⁸
415 763 485 832 Sed
500 763 629 830 addam
647 785 757 830 unam
775 757 1022 856 Chrysostomi
1039 776 1179 832 senten·
1231 777 1265 832 et
1288 762 1432 855 quidem
1454 765 1620 846 mandat,
1654 776 1694 830 ut
1718 762 1778 846 iis,
1806 761 1869 856 qni
1889 761 2007 830 nolint
2034 760 2157 831 venire
2178 761 2218 829 i'n

194 873 299 952 tiam,
327 865 439 961 quiin
455 865 608 935 secunda
624 864 787 933 oratione
803 865 846 933 de
871 866 1043 956 dignitate
1066 889 1179 936 sacer-

195 977 320 1044 dotum
349 970 443 1037 clare
475 967 644 1037 discernit
672 968 899 1057 magistratus
923 971 1113 1060 profanos,
1146 981 1181 1035 et

195 1077 397 1168 episcopos,
432 1082 467 1139 et
486 1069 752 1161 magistratibus
782 1073 944 1181 profanis
973 1073 1110 1141 tribuit.
1126 1071 1181 1140 ius

196 1175 409 1249 cohercendi
430 1174 467 1241 vi
488 1173 682 1264 corporali:
723 1172 906 1267 episcopos
931 1189 1050 1244 autem
1075 1186 1183 1264 negat

195 1280 327 1352 habere
346 1289 557 1370 potestatem
573 1272 784 1344 cohercendi
797 1277 834 1344 vi
852 1278 1042 1370 corporali.
1095 1278 1181 1347 Cae-

197 1399 331 1466 terum,
351 1393 392 1450 ut
409 1378 486 1450 aliis
503 1374 735 1462 Christianis,
761 1381 809 1448 ita
836 1394 870 1449 et
894 1381 1087 1473 episcopis,
1120 1402 1183 1449 seu

196 1485 399 1580 pastoribus
413 1482 652 1552 Ecclesiarum
666 1481 750 1551 licet
761 1496 881 1552 tenere
896 1485 1103 1576 proprium,
1131 1482 1183 1550 di-

199 1591 304 1658 vitias
320 1599 355 1655 et
371 1587 457 1656 alias
474 1585 704 1668 donationes,
732 1586 816 1677 quia
836 1582 904 1656 hae
921 1600 1005 1657 sunt
1020 1611 1075 1655 res
1092 1585 1183 1677 poli-

198 1694 288 1762 ticae
306 1712 489 1759 concessae
505 1684 726 1758 Christianis.
778 1686 830 1756 lta
846 1688 929 1758 licet
943 1689 1116 1782 episcopis
1134 1701 1184 1756 te-

198 1820 284 1866 nere
303 1795 474 1862 donatam
491 1790 773 1860 iurisdictionem
789 1791 944 1863 inbonis
961 1793 1076 1874 certis,
1093 1815 1183 1884 quae

200 1912 252 1968 est
266 1922 322 1965 res
338 1894 462 1977 civilis,
477 1889 568 1961 nihil
581 1894 762 1986 pertinens
777 1896 821 1962 ad
831 1897 1018 1988 proprium
1029 1893 1185 1987 episcopi

201 1999 375 2079 officium,
402 1996 493 2065 sicut
509 2020 566 2066 ars
582 1996 723 2065 texendi
739 1997 775 2064 in
789 1998 903 2069 Paulo
922 1995 1013 2066 nihil
1031 1997 1186 2089 pertine-

199 2105 261 2172 bat
276 2103 322 2169 ad
336 2123 467 2168 munus
483 2097 656 2190 Apostoli.
702 2099 749 2168 Et
766 2113 885 2170 tamen
900 2102 1031 2172 Paulus
1045 2111 1188 2192 poterat

201 2231 274 2276 esse
285 2217 320 2273 et
327 2202 530 2294 Apostolus,
548 2215 584 2270 et
598 2214 724 2272 textor.
759 2204 828 2272 Sed
844 2206 1000 2273 viderint
1018 2202 1186 2295 episcopi,

200 2334 245 2377 ne
266 2318 414 2400 propter
438 2329 521 2396 opes
544 2306 765 2375 abducantur
786 2308 830 2374 ab
861 2308 976 2377 officio
1006 2307 1186 2375 docendae

201 2425 236 2479 ct
250 2410 501 2502 gubernandae
516 2406 713 2490 Ecclesiae,
739 2422 774 2478 et
797 2410 1037 2502 inspiciendae
1056 2408 1187 2478 doctri-

202 2540 269 2582 nae
286 2514 451 2593 illorum,
479 2511 607 2603 quibus
621 2525 802 2602 praesunt.

301 2613 500 2705 Imperator·
513 2612 574 2708 ¹⁰⁰)
591 2616 824 2684 mandaverat
838 2615 1048 2699 Ambrosio,
1073 2628 1114 2684 ut
1136 2639 1189 2683 ce-

202 2721 303 2788 deret
325 2717 498 2808 ternplum
521 2715 683 2799 Arianis,
708 2719 767 2786 sed
793 2719 1005 2789 Ambrosius
1028 2743 1103 2786 non
1127 2719 1190 2786 ob-

203 2832 389 2912 temperat.
439 2819 522 2888 Non
547 2821 643 2886 enim
666 2820 767 2888 licuit
789 2822 935 2913 obsequi
960 2822 1070 2912 impia
1087 2845 1190 2888 man-

204 2923 316 3004 danti,
331 2934 366 2989 et
379 2921 576 3010 imperator
588 2944 704 3012 neque
720 2921 915 3011 legitimam
925 2923 1189 2991 ordinationem

204 3050 247 3094 ex
264 3022 418 3092 Ecclesia
442 3023 565 3092 tollere
589 3023 731 3106 debuit,
757 3048 874 3117 neque
894 3025 1045 3116 impium
1069 3026 1190 3093 docto-

204 3152 279 3197 rem
306 3125 495 3216 praehcere
521 3124 711 3194 Ecclesiae.
762 3124 852 3195 Erat
872 3129 968 3196 eninr
982 3128 1191 3198 Ambrosius

204 3229 360 3319 legitime
387 3227 591 3311 ordinatus,
626 3241 661 3296 et
682 3241 776 3297 recte
800 3231 961 3302 docebat.
1024 3231 1193 3301 Continet

205 3344 325 3400 autem
345 3329 503 3420 legitima
521 3330 700 3399 ordinatio
720 3334 945 3402 vocationem
968 3359 1031 3404 seu
1052 3335 1192 3402 electio-

205 3459 308 3517 nem,
336 3433 426 3526 quae
446 3433 491 3502 sit
505 3458 524 3501 a
539 3435 694 3526 populo,
722 3436 861 3519 veliis,
888 3437 1017 3529 quibus
1038 3438 1193 3528 populus

207 3563 284 3606 eam
302 3560 377 3605 rem
398 3537 600 3622 committit,
617 3550 651 3606 et
669 3541 969 3630 approbationem
989 3541 1192 3634 aliquorum

207 3664 466 3732 episcoporum.

307 3742 497 3809 Praeterea
521 3744 567 3810 ad
591 3742 775 3836 episcopos
798 3747 953 3835 pertinet
980 3746 1193 3816 constituere
1271 3774 1280 3790 ·

208 3844 338 3913 iudicia
356 3845 399 3911 de
416 3844 600 3926 doctrina,
627 3857 662 3912 et
684 3870 881 3916 convocare
902 3851 1077 3940 synodos,
1105 3850 1195 3919 sicut

208 3961 308 4016 vetus
326 3945 531 4015 constitutio
548 3947 633 4031 fuit,
658 3959 700 4015 nt
721 3949 852 4038 singuli
877 3950 1034 4043 episcopi
1055 3951 1109 4020 bis
1131 3947 1194 4019 ha-

207 4053 334 4120 berent
362 4050 517 4142 synodos
549 4073 695 4118 suarum
721 4050 960 4122 Ecclesiarum
991 4056 1194 4148 quotannis.

208 4153 254 4221 Et
268 4153 432 4244 Apostoli
447 4152 623 4245 synodum
638 4148 852 4224 habuerunt.
902 4155 950 4225 Et
967 4182 1046 4226 cum
1063 4158 1195 4227 Paulus

210 4256 461 4325 samosatenus
475 4255 506 4348 ¹)
524 4268 654 4325 sereret
677 4255 828 4346 impium
846 4258 996 4348 dogma,
1023 4284 1196 4329 convene-

210 4371 295 4425 runt
316 4354 544 4426 Antiochiam
572 4359 681 4427 vicini
714 4359 871 4451 episcopi
882 4361 934 4456 9),
968 4375 1004 4430 et
1037 4358 1194 4431 adhibita

209 4458 365 4527 Ecclesia
403 4455 646 4543 Antiochena,
689 4464 951 4533 damnaverunt
980 4465 1196 4556 episcopum.

210 4562 297 4643 Sed,
325 4574 495 4652 utsupra
518 4562 651 4631 dictum
676 4567 787 4634 estin
809 4567 1060 4636 controversiis
1075 4570 1118 4636 de
1135 4569 1198 4636 do-

211 4665 339 4747 ctrina,
364 4687 440 4731 non
455 4664 587 4731 debent
600 4666 668 4734 soli
685 4668 842 4760 episcopi
855 4671 1033 4752 iudicare,
1058 4672 1120 4738 sed
1138 4670 1198 4737 cli-

210 4767 318 4858 gendi
333 4779 417 4835 sunt
432 4761 595 4836 homines
617 4768 739 4836 idonei
755 4797 796 4840 ex
822 4785 898 4842 toto
915 4795 1065 4864 corpore
1079 4771 1200 4840 Eccle-

211 4867 296 4952 siae,
319 4869 403 4962 qnia
418 4893 599 4938 summum
615 4869 785 4940 iudicium
803 4875 907 4943 debet
921 4901 993 4947 esse
1009 4875 1199 4958 Ecclesiae,

210 4967 280 5041 hoc
295 4985 366 5056 est,
393 4996 468 5040 non
491 4984 631 5041 tantum
657 4974 917 5066 episcoporum.
967 4977 1090 5072 ltaque
1117 5000 1200 5069 pro-

248 5222 311 5288 100)
332 5225 545 5277 Valentinianus
565 5228 599 5276 ll.
626 5235 664 5289 (a.
683 5231 734 5280 375
753 5236 828 5296 sqq.)
854 5233 967 5295 eiusque
985 5235 1072 5282 mater
1090 5233 1202 5285 lustina.

248 5309 278 5373 1)
296 5309 400 5359 Paulus
415 5314 610 5363 samosatenus
624 5315 768 5381 episcopua
780 5319 964 5369 antioclienus
977 5331 1002 5368 a.
1015 5319 1075 5370 260.
1089 5320 1203 5370 clectus.

247 5390 278 5456 2)
298 5394 374 5448 Dirae
387 5399 487 5458 synodi
502 5401 685 5454 Antiochense
701 5403 733 5452 de
746 5417 779 5455 eo
792 5406 899 5455 liabitae
914 5410 989 5461 sicin.
1002 5416 1027 5457 a.
1037 5405 1096 5457 231.
1108 5407 1203 5458 ettae.

1230 866 1426 960 synodum,
1453 865 1657 935 adimantur
1673 865 1906 957 episcopatus.

1330 968 1414 1036 Dixi
1454 969 1498 1036 de
1538 968 1743 1037 discrimine
1794 969 1979 1061 utriusque
2020 965 2220 1058 potestatis.

1230 1070 1383 1140 Prodest
1404 1070 1499 1139 enirn
1525 1085 1560 1139 et
1580 1071 1786 1141 doctoribus
1803 1070 2040 1140 Ecclesiarum
2063 1069 2219 1137 retinere

1233 1199 1304 1256 eos,
1331 1199 1377 1243 ne
1392 1187 1566 1264 usurpent
1580 1173 1693 1242 officia
1711 1175 1895 1265 potestatis
1908 1172 2027 1263 gladii.
2078 1170 2126 1241 Et
2139 1196 2220 1241 rur·

1233 1301 1291 1347 sus
1307 1276 1451 1366 profani
1473 1276 1699 1367 magistratus
1720 1278 1859 1347 discant
1880 1276 1995 1345 vereri
2012 1274 2221 1344 ecclesiasti·

1234 1405 1312 1451 cam
1327 1391 1558 1471 potestatem,
1583 1405 1648 1449 nec
1664 1381 1838 1449 invadant
1851 1380 1890 1447 in
1906 1379 2018 1448 officia
2035 1377 2221 1467 potestatis

1235 1482 1505 1565 ecclesiasticae,
1528 1483 1620 1552 sicut
1641 1483 1769 1553 Petrus
1792 1484 1844 1577 (1.
1859 1484 1960 1575 epist.
1978 1481 2019 1567 4,
2037 1476 2114 1574 15.)
2137 1504 2221 1571 pro-

1234 1582 1345 1669 hibet,
1368 1610 1413 1653 ne
1429 1585 1539 1654 simus
1555 1582 1935 1682 ἀλλοτριοεπίσκοποι,
1963 1586 2084 1666 idest,
2110 1607 2156 1651 ne
2174 1582 2222 1650 ir-

1235 1712 1383 1758 ruamus
1397 1688 1435 1755 in
1451 1689 1566 1756 aliena
1584 1690 1709 1758 officia.
1744 1689 1864 1780 Quare
1878 1689 2076 1779 imperator
2089 1685 2222 1754 Valen-

1217 1781 1393 1860 'tinianus
1415 1816 1495 1860 cum
1517 1814 1647 1882 magna
1671 1793 1801 1884 pietate
1825 1792 1960 1885 inquit:
2001 1790 2127 1859 Talem
2149 1812 2222 1859 esse

1237 1895 1441 1985 episcopum
1457 1895 1678 1984 eligendum,
1705 1894 1762 1964 cui
1777 1894 1850 1984 ipse
1866 1895 2063 1987 imperator
2075 1891 2223 1962 submit-

1237 2010 1311 2066 tere
1327 2009 1433 2088 caput
1446 2021 1521 2065 non
1536 2011 1753 2068 revereatur.
1779 1997 1826 2066 Et
1838 1998 1982 2091 quidem
1997 1998 2035 2065 in
2052 1995 2223 2064 electione

1237 2124 1312 2168 non
1328 2100 1436 2191 eripit
1449 2100 1503 2169 ius
1517 2099 1705 2185 Ecclesiae,
1730 2101 1791 2171 sed
1808 2101 1924 2185 iubet,
1951 2113 1990 2169 ut
2007 2100 2075 2192 ipsi
2092 2099 2224 2189 eligant

1239 2215 1303 2272 etc.
1354 2202 1402 2272 Et
1415 2227 1621 2296 quanquam
1638 2204 1861 2273 distinximus
1876 2216 2079 2294 potestates,
2105 2215 2225 2270 tamen

1240 2305 1477 2374 animadverti
1494 2320 1630 2396 potest,
1655 2309 1752 2400 quod
1775 2320 1930 2399 potestas
1956 2306 2069 2375 civilis
2091 2303 2225 2374 servire
2264 2346 2266 2351 ·

1239 2410 1367 2477 debeat
1381 2408 1557 2477 Ecclesiae
1574 2422 1722 2501 propter
1742 2410 1986 2501 disciplinam,
2007 2410 2097 2479 sicut
2122 2406 2227 2500 quili-

1239 2512 1299 2580 bet
1313 2512 1567 2603 paterfamilias
1582 2513 1745 2582 minister
1761 2527 1795 2582 et
1809 2525 1974 2582 executor
1990 2510 2227 2581 estEcclesiae

1241 2614 1278 2682 in
1299 2639 1361 2685 sua
1385 2614 1532 2684 familia.
1611 2615 1746 2686 Omnes
1769 2615 1864 2684 enim
1888 2616 2057 2684 debemus
2081 2614 2227 2683 obedire

1240 2717 1440 2787 ministerio
1457 2717 1577 2801 verbi,
1603 2719 1652 2788 sic
1666 2718 1893 2809 magistratus
1908 2719 1946 2786 in
1964 2717 2146 2809 republica
2163 2716 2230 2784 mi-

1240 2821 1352 2889 nister
1375 2832 1409 2888 et
1430 2833 1595 2889 executor
1617 2834 1669 2891 est
1691 2821 1880 2892 Ecclesiae.
1939 2821 2055 2889 Debet
2072 2819 2172 2889 enirn
2195 2832 2231 2888 et

1242 2924 1316 3014 ipse
1336 2923 1481 2991 obedire
1497 2922 1695 2992 ministerio
1715 2927 1834 3008 verbi,
1868 2938 1903 2993 ct
1917 2925 1954 2993 id
1968 2923 2133 2992 venerari
2151 2935 2231 2990 tan·

1243 3049 1351 3118 quam
1367 3024 1549 3109 divinum,
1576 3027 1673 3096 iuxta
1687 3028 1793 3097 illud:
1820 3027 1966 3121 Aperite
1986 3039 2109 3118 portas
2129 3025 2231 3116 prin-

1244 3128 1338 3219 cipes
1355 3141 1490 3197 vestras
1502 3125 1546 3223 ⁴).

1243 3304 1402 3371 Rectene
1422 3293 1523 3392 fecit
1536 3295 1707 3389 Naboth,
1736 3299 1833 3394 quod
1854 3323 1929 3373 nou
1946 3306 2061 3375 cessit
2080 3306 2232 3375 vincum

1243 3425 1325 3517 regi
1338 3422 1509 3512 petenti,
1537 3441 1624 3490 cum
1639 3441 1748 3516 repes
1763 3419 2072 3493 dicenturnam
2087 3418 2233 3493 domim

1475 3541 1711 3630 privatarum
1730 3534 1996 3633 facultatum?

1345 3670 1571 3763 Respondeo.
1595 3668 1739 3742 Naboth
1754 3673 1831 3742 iure
1841 3675 1958 3767 potuit
1967 3674 2120 3743 retinere
2130 3698 2231 3744 suam

1246 3799 1400 3857 vineam,
1427 3799 1492 3842 nec
1507 3775 1607 3843 licuit
1620 3776 1696 3866 regi
1712 3801 1836 3867 cogere
1851 3779 1976 3862 civem,
1995 3790 2035 3847 ut
2050 3802 2128 3845 eam
2148 3802 2234 3845 ven·

1246 3879 1356 3948 deret.
1408 3876 1516 3945 Ratio
1533 3890 1605 3961 est,
1632 3878 1711 3948 iura
1725 3893 1874 3949 naturae
1890 3906 1953 3950 seu
1976 3880 2134 3972 gentium
2160 3904 2235 3948 non

1246 3993 1328 4050 sunt
1349 3980 1528 4050 violanda.

1246 4105 1451 4118 -ιισ-σισ-

1281 4148 1513 4266 3)Ηῦοιιεῐαῐιῐίιιο
1528 4149 1630 4278 {il'qgnp
1655 4149 1806 4265 lipperanta
1820 4149 1889 4268 ¹l'iaetc
1912 4149 2028 4268 cqnclipia
2045 4149 2138 4269 liapgtaa
2155 4154 2237 4275 sung:

1342 4230 1465 4267 ortianum
1484 4230 1509 4266 a.
1563 4222 1587 4265 :.
1628 4233 1653 4266 v.
1700 4219 1760 4266 arisi
1784 4232 1816 4268 co
1841 4233 1869 4267 ec
1885 4220 1909 4268 io
1951 4257 1957 4269 .
2003 4254 2008 4266 .
2032 4233 2059 4282 p.
2152 4232 2237 4283 sqq..

1317 4288 1494 4335 seleuciense
1507 4298 1532 4334 a.
1547 4286 1606 4334 311.
1625 4286 1701 4345 (ibid.
1718 4301 1742 4347 p.
1755 4289 1802 4338 111
1820 4291 1912 4350 sqq),
1928 4290 2091 4336 Arelatcnse
2104 4289 2125 4336 1.
2142 4288 2238 4337 eodem

1315 4367 1341 4406 a.
1353 4356 1430 4415 (ibid.
1440 4371 1465 4417 p.
1475 4357 1526 4405 46³
1536 4357 1623 4418 sqq),
1650 4358 1826 4417 ancyranum
1844 4359 1904 4408 eod.
1920 4368 1947 4406 a.
1963 4357 2039 4415 (ibid
2050 4371 2075 4419 p.
2088 4357 2143 4406 513
2151 4358 2240 4419 qq),

1317 4425 1562 4474 licocaesareense
1589 4425 1682 4473 eodem
1706 4436 1732 4476 u.
1758 4427 1835 4485 [inid.
1855 4440 1879 4487 p.
1899 4427 1950 4476 539
1966 4429 2058 4490 sqq),
2084 4426 2240 4475 Romanum

1318 4493 1338 4542 1.
1364 4495 1414 4542 snt)
1437 4495 1572 4542 Silvestre
1597 4504 1622 4541 a.
1639 4493 1699 4543 313.
1725 4495 1803 4553 (inid.
1820 4509 1845 4556 p.
1865 4495 1914 4543 331
1934 4496 2027 4558 sqq),
2053 4492 2240 4543 [laodicenum

1319 4574 1344 4612 a.
1363 4562 1514 4622 3311111111.
1536 4576 1560 4622 p.
1579 4562 1631 4611 563
1648 4565 1740 4626 sqq),
1765 4562 1978 4613 Alexandrinum
1996 4564 2017 4612 i.
2036 4575 2061 4613 a.
2079 4562 2141 4615 331.
2160 4561 2238 4622 (iniit

1318 4646 1345 4692 p.
1370 4632 1422 4679 55³
1444 4638 1534 4692 ειμι),
1569 4631 1755 4680 Palaestnnnn
1778 4643 1802 4680 a.
1829 4633 1888 4683 333.
1924 4633 2000 4690 (ibid.
2026 4647 2053 4694 p.
2076 4631 2129 4683 357
2153 4639 2241 4695 sqq),

1319 4699 1533 4748 Alexandrinum
1551 4698 1582 4748 ll.
1601 4712 1626 4749 a.
1645 4700 1703 4749 334.
1724 4701 1799 4758 (ibid.
1817 4716 1841 4763 p.
1860 4702 1912 4750 333
1930 4703 2021 4765 sqq),
2038 4702 2193 4750 Romanum
2205 4698 2241 4751 it.

1321 4771 1370 4815 siin
1407 4769 1543 4818 silvestro
1576 4780 1601 4817 a.
1627 4769 1688 4818 ³24.
1727 4768 1805 4830 (init.
1833 4785 1857 4831 p.
1884 4772 1936 4820 ola
1961 4772 2054 4834 app),
2089 4769 2242 4819 Nicaeum

1320 4849 1345 4888 u.
1362 4836 1423 4885 325.
1449 4837 1498 4894 (de
1517 4849 1568 4898 quo
1587 4851 1611 4897 p.
1633 4838 1690 4890 120.
1715 4843 1778 4888 nota
1798 4839 1839 4886 91.
1866 4840 1965 4888 dictum
1989 4844 2062 4900 cst),
2087 4839 2243 4888 Romanurn

1320 4904 1366 4954 lll.
1390 4906 1439 4954 arri)
1462 4907 1599 4954 silvestro
1624 4918 1647 4955 n
1671 4907 1731 4957 335.
1763 4907 1831 4964 (inid
1864 4922 1889 4970 p.
1912 4908 1972 4957 1081
1994 4910 2087 4970 sqq).
2111 4906 2243 4957 Nicome-

1322 4974 1417 5024 diense
1434 4985 1460 5025 a.
1478 4974 1537 5024 328.
1557 4976 1634 5035 [ibid.
1653 4989 1678 5036 p.
1698 4976 1759 5023 1081
1780 4979 1870 5037 sqq).
1897 4978 2060 5037 (tongrense
2078 4977 2154 5027 circa
2172 4976 2243 5027 iden

1322 5047 1427 5102 tenipus
1447 5042 1523 5101 (ibid.
1543 5057 1567 5104 p.
1595 5046 1658 5092 litii-3
1676 5047 1767 5105 sav-i.
1792 5045 2012 5105 carthaginense
2035 5056 2061 5096 a.
2077 5045 2142 5096 333.
2165 5043 2244 5110 (ibid.

1322 5109 1461 5175 111121).
1473 5111 1654 5161 caesariense
1662 5112 1686 5160 in
1696 5113 1884 5163 Palaestinae.
1892 5115 1952 5167 3114.
1958 5114 2070 5175 (ibidp.
2079 5106 2244 5176 titi-illd.

1322 5183 1349 5228 et
1360 5180 1413 5227 tria
1423 5181 1615 5231 conciliabula:
1634 5182 1748 5243 Tyrium
1758 5194 1784 5232 a.
1795 5184 1855 5232 335.
1867 5184 1976 5246 (ibidp.
1988 5183 2054 5237 1133
2066 5186 2155 5245 σῃ),
2172 5183 2244 5233 tlte·

1322 5249 1552 5310 rosolymitannm
1569 5251 1783 5299 Ensetilanorunr
1802 5254 1861 5305 cod.
1879 5265 1904 5301 a.
1931 5250 2007 5317 (ibid.
2025 5266 2049 5313 p.
2070 5248 2244 5314 1111311111),

1324 5317 1656 5378 Constantinopolitanurn
1668 5320 1832 5371 arianorum
1846 5334 1863 5371 a
1883 5322 2028 5380 3311111111.
2042 5336 2067 5382 p.
2080 5319 2147 5371 1107
2157 5326 2243 5383 sqq).

1291 5403 1321 5468 1)
1341 5404 1418 5455 conl.
1438 5403 1538 5453 esaim.
1558 5403 1608 5466 31,
1626 5403 1650 5455 7.
1668 5407 1692 5456 a.
