4544 5766
105 210 223 287 ress
328 204 436 285 xvu.
486 202 768 281 caumana
800 200 1061 282 omuouts
1094 196 1345 278 uramus
1376 202 1478 276 rao
1506 202 1637 278 arcu
1669 150 1933 288 nuorsuo.
2034 178 2135 295 lm

107 364 224 480 grem]
258 378 437 477 Repetitio
456 382 602 454 alterius
625 380 844 454 obiectionis.
934 381 1096 474 Servum]
1148 374 1303 447 tissimus
1316 369 1445 461 homo:
1474 402 1558 470 ergo
1579 404 1653 449 non
1671 380 1861 455 verisimile
1885 399 1937 457 est
1957 372 2132 462 rumoal-

106 486 201 557 Nam
217 485 494 576 ignominiosum
511 497 744 555 eratservum
759 487 892 555 adesse.
937 531 941 538 ι
1146 491 1250 550 tasse.
1362 482 1511 574 Deinde]
1542 480 1724 554 Transitio
1748 488 1794 555 ad
1817 487 1923 559 aliam
1948 495 2130 588 quandam

211 586 299 681 Cap.
313 585 372 659 lX.
398 585 430 678 δ’.
447 587 516 662 24.
535 591 657 659 Alieno
675 638 683 656 .
700 639 709 658 .
726 614 748 658 a
762 589 810 680 te]
837 586 1093 657 Coniecturaa
1146 580 1438 652 confutationem.
1513 585 1616 676 Quid]
1641 586 1771 658 scilicet
1787 589 1886 662 dixit.
1963 599 2132 693 Laetitia]

107 690 280 782 temporis
296 691 512 775 difficultate,
539 689 640 783 quasi
654 690 803 760 diceret:
830 689 939 783 Quod
955 689 992 760 si'
1002 684 1095 758 odis·
1145 683 1277 755 scilicet
1295 685 1450 754 rumoris
1472 687 1674 775 superioris.
1766 694 1880 785 Crux]
1915 693 2129 790 Indignatio,

108 807 162 865 set
177 805 213 861 te
227 791 439 876 Deiotarus,
465 789 561 862 haud
577 792 683 863 dubie
698 792 913 864 declarasset
928 792 966 861 id
988 791 1094 860 rebus
1146 787 1194 856 du
1217 798 1313 856 must
1332 782 1482 855 warlich
1507 787 1564 856 ein
1586 789 1780 863 biisswicht
1802 797 1896 880 sein,
1929 804 2026 894 quod
2050 815 2128 873 tan-

106 896 183 966 eius
212 895 366 965 maxime
396 895 524 967 dubiis.
581 893 709 976 ditiore.
760 894 920 964 Alteram
954 906 1093 987 partem
1145 901 1221 958 tum
1240 889 1350 960 scelus
1367 889 1469 981 lingis
1491 889 1529 957 in
1549 913 1682 981 regem.
1751 895 1969 1001 Deiotarum]
1995 903 2127 977 Consu.
2175 912 2179 919 ’

106 997 343 1069 accusationis
372 1000 531 1068 confutat
562 997 779 1088 argumentis
808 996 922 1068 ductis
951 1021 970 1065 a
999 997 1093 1064 facto
1145 990 1233 1060 tatio
1273 992 1318 1060 ab
1358 1004 1518 1060 anteacta
1557 993 1629 1064 vita
1662 1008 1697 1065 ct
1731 998 1919 1073 virtutibus
1951 1006 2127 1084 Deiotari.

105 1099 284 1170 Deiotari.
322 1188 326 1197 Ι
361 1097 484 1199 Credo]
517 1096 665 1171 lronice.
742 1092 997 1197 Alexandriae]
1029 1097 1093 1169 sci·
1146 1094 1345 1188 Quisquam]
1373 1094 1473 1188 quasi
1495 1093 1605 1164 dicat:
1632 1122 1751 1170 nemo.
1830 1106 1967 1199 Omnes]
1990 1110 2127 1181 Proba.

104 1203 190 1272 licet
204 1203 286 1272 belli
301 1192 553 1286 Alexandrini,
587 1203 720 1274 scilicet
742 1203 840 1273 cuius
864 1215 965 1295 parte
992 1225 1093 1270 occu·
1145 1195 1207 1265 tio.
1280 1197 1494 1287 Singularis]
1520 1197 1651 1269 scilicet
1666 1201 1887 1274 inDeiotaro
1906 1221 1967 1280 est.
2037 1219 2128 1285 Fru-

106 1318 194 1396 pata
210 1305 340 1375 Caesar
357 1319 480 1375 contra
499 1306 647 1374 alteram
665 1304 1001 1396 periculosissimum
1019 1303 1092 1372 bel·
1140 1297 1282 1389 galitas]
1314 1296 1454 1368 Dicitur
1480 1302 1652 1370 modestia
1676 1316 1711 1372 et
1734 1312 1981 1399 temperantia.
2037 1315 2127 1388 Fru-

104 1408 182 1476 lum
211 1408 334 1497 gessit,
374 1410 471 1501 quod
501 1403 559 1476 hic
587 1432 653 1499 pro
684 1430 788 1477 causa
820 1409 934 1476 elevat
956 1404 1092 1476 Cicero.
1143 1397 1268 1489 galitas
1293 1412 1344 1470 est
1366 1402 1538 1471 modestia
1564 1424 1684 1475 rerum
1707 1408 1951 1484 fruendarum.
2036 1422 2130 1505 Quod

104 1507 298 1608 Naturam]
324 1511 360 1579 id
385 1524 455 1594 est,
490 1511 689 1580 naturalem
712 1510 831 1580 sitnm.
907 1503 1092 1604 Fluminis]
1142 1511 1192 1586 a,
1220 1504 1359 1595 Caeam]
1385 1504 1551 1596 Appellat
1564 1506 1678 1597 ipsum
1698 1508 1897 1585 Caesarem.
1963 1522 2039 1589 Etsi
2052 1523 2128 1617 froc]

105 1613 240 1682 scilicet
255 1613 340 1683 ltili.
416 1607 618 1710 Pecuniam]
643 1608 900 1705 Enthymema:
928 1610 1094 1681 Nonfuit
1143 1600 1394 1703 luterpretatio
1417 1632 1482 1696 seu¹
1503 1610 1697 1700 castigatio.
1799 1619 1919 1711 Verbo]
1953 1622 2126 1694 sciliceta

106 1714 267 1797 alienus,
294 1714 377 1809 quia
393 1715 490 1786 misit
504 1715 536 1784 ei
556 1738 722 1806 magnam
748 1715 886 1806 copiam
909 1712 1092 1804 pecuniae.
1143 1706 1357 1799 frugalitate.
1434 1711 1529 1801 Seio]
1555 1710 1775 1803 Apersonae
1793 1719 1964 1793 moribus.
2030 1729 2127 1797 Lau·

104 1822 250 1888 Praesto
268 1814 356 1916 ficit]
383 1818 514 1888 scilicet
532 1818 700 1887 adversus
715 1812 951 1886 Pharnacem.
1143 1808 1236 1901 dari]
1270 1808 1364 1902 Quia
1390 1812 1428 1879 in
1451 1835 1532 1903 rege
1553 1809 1641 1883 haec
1664 1817 1777 1890 virtus
1803 1821 1933 1892 dicitur
1960 1827 2124 1916 parcitas.

215 1916 322 2009 §.dd
348 1917 493 2019 Graues]
519 1920 650 1989 scilicet
671 1918 873 2012 periculosi.
949 1910 1092 2012 Sparsi]
1144 1914 1249 2000 Fruqf
1274 1914 1456 2005 hominem]
1498 1916 1534 1983 id
1569 1929 1639 1996 esi.
1680 1931 1916 2012 temperatam
1950 1928 1988 1996 in
2021 1932 2126 2003 rebus

105 2021 240 2092 scilicet
253 2025 298 2092 de
313 2036 348 2091 te
359 2022 507 2104 Caesar,
533 2023 634 2115 quasi
650 2023 799 2091 diceret:
827 2021 886 2090 Tu
901 2016 1093 2088 versareris
1142 2013 1322 2097 fruendis,
1358 2027 1629 2107 temperantem.
1698 2020 1780 2091 Non
1812 2030 1895 2095 satis
1926 2043 1977 2099 est
2006 2057 2126 2124 regem

105 2126 145 2192 in
170 2126 263 2195 bello
288 2123 596 2216 periculosissimo.
699 2119 928 2220 Caelium“)]
962 2121 1094 2190 scilicet
1145 2117 1368 2186 essebonum
1384 2117 1501 2188 virum
1519 2133 1553 2189 et
1566 2122 1761 2211 frugalem,
1784 2132 1844 2196 sed
1862 2145 2002 2220 oportet
2019 2136 2127 2206 etiam

108 2240 233 2295 contra
256 2242 312 2311 te,
347 2228 449 2321 qnasi
473 2228 620 2296 diceret:
655 2225 795 2296 Caelius
816 2250 891 2294 non
914 2236 1038 2293 contra
1057 2235 1092 2290 te
1145 2241 1218 2286 esse
1252 2219 1461 2292 beneficum.
1576 2228 1754 2320 Seuerum]
1793 2232 1923 2301 scilicet
1954 2237 2016 2329 qni
2052 2262 2128 2309 non

106 2354 208 2399 arma
226 2330 448 2422 sumpsisset,
473 2331 503 2399 si
518 2354 592 2397 non
616 2330 770 2399 audisset
790 2329 856 2398 tibi
879 2327 997 2396 omnia
1020 2348 1093 2393 csse
1144 2330 1260 2411 potest
1274 2322 1450 2389 semoveri
1465 2346 1484 2389 a
1502 2322 1660 2394 veritate.
1737 2334 1879 2426 Regiae]
1902 2335 2018 2421 idest,
2044 2366 2127 2410 con·

110 2435 273 2501 adversa.
350 2435 421 2518 Qrco
444 2427 534 2528 tum]
560 2432 834 2515 Aecommodat,
861 2432 960 2523 qnasi
982 2427 1091 2496 dicat:
1144 2421 1325 2492 venientes
1349 2424 1499 2514 regibus.
1607 2420 1689 2523 rua]
1721 2432 1852 2504 scilicet
1873 2439 2056 2528 frugalitas
2077 2459 2129 2516 est

110 2536 334 2604 amicissime.
412 2537 634 2605 Arretiouatus
648 2530 714 2631 sit]
739 2533 871 2603 scilicet
886 2530 1008 2602 fecerit
1029 2553 1093 2623 pu·
1144 2523 1379 2615 privatorum.
1483 2530 1645 2622 ursata]
1678 2531 1802 2617 idest,
1835 2539 1908 2608 sive
1930 2541 2128 2617 fittantum

108 2638 238 2705 blicam
256 2636 517 2720 venditionem,
543 2632 858 2719 subhastationcm‚
880 2659 944 2727 per
961 2633 1094 2703 strictio·
1145 2626 1306 2719 privato,
1332 2652 1394 2698 8011
1412 2628 1509 2719 regia
1526 2631 1637 2701 virtus
1652 2634 1853 2726 frugalitas,
1886 2666 1961 2710 non
1985 2646 2126 2738 disputo

109 2764 195 2809 nem
226 2741 321 2808 bona
351 2740 561 2809 vendiderit.
629 2738 810 2809 Domitius
840 2739 909 2809 fuit
936 2736 1092 2829 partium
1144 2725 1214 2799 hic.
1282 2733 1366 2822 aaa]
1390 2727 1652 2823 Interpretatio.
1724 2743 1832 2833 Haec]
1854 2742 2126 2820 Commendatio

109 2842 288 2933 Pompeii.
352 2842 468 2911 Sumit
492 2854 739 2933 argumentum
765 2867 783 2910 a
808 2841 967 2912 moribus
987 2838 1095 2906 Deio·
1144 2829 1356 2921 frugalitatis
1369 2831 1532 2903 Deiotari
1547 2860 1566 2904 a
1586 2838 1741 2910 testibus.
1819 2848 1971 2941 meurs]
1997 2852 2127 2923 scilicet

109 2945 193 3013 tari.
295 2950 342 3015 At
364 2944 417 3036 co]
450 2945 629 3038 Repetitio
654 2944 861 3015 obiectionis
891 2939 1094 3011 adversarii.
1146 2933 1294 3044 publicis
1311 2935 1523 3007 oratoribus.

114 3042 294 3142 Tempore]
322 3048 452 3117 scilicet
475 3049 559 3125 belli
576 3049 744 3118 Africani.
821 3040 1004 3140 Rumores]
1032 3044 1095 3112 sci·
1153 3085 1157 3091 -
1249 3038 1279 3126 ᾖ.
1303 3039 1363 3110 27.
1404 3042 1559 3134 Regium]
1591 3044 1771 3116 sciliceta
1802 3052 2125 3141 populoRomano

109 3150 196 3218 licet
214 3150 257 3217 de
279 3148 373 3218 bello
398 3150 436 3217 in
456 3150 575 3220 Africa
598 3164 707 3242 gesta.
797 3156 854 3221 Aa
878 3144 931 3245 se]
967 3146 1097 3216 seilicet
1148 3164 1362 3215 eoncessum.
1413 3141 1506 3212 Nam
1530 3159 1631 3215 antea
1658 3164 1734 3218 crat
1759 3148 1948 3224 tetrarcha.
2027 3161 2128 3243 Quie-

110 3252 179 3322 sibi
209 3253 466 3321 renuntiarent.
574 3249 710 3350 ltaque]
743 3253 896 3322 Excusat
928 3250 1096 3341 speculas.
1148 3240 1316 3340 aguidah]
1350 3244 1480 3313 scilicet
1512 3250 1694 3341 temporis.
1800 3259 1962 3348 Vacabat]
2000 3261 2131 3330 scilicet

111 3350 319 3450 Domitium]
370 3356 500 3423 scilicet
531 3355 685 3444 legatum
720 3367 870 3440 tuum,
899 3379 920 3422 o
956 3352 1096 3422 Caesar.
1148 3345 1349 3415 Deiotarus.
1435 3351 1614 3444 Rationes]
1646 3354 1775 3423 scilicet
1798 3370 2008 3429 contractus.
2061 3362 2131 3431 Te-

112 3451 441 3555 Gireumscdcri³⁷)]
463 3457 595 3527 scilicet
612 3444 827 3551 quamquam
844 3459 873 3527 is
888 3480 1012 3526 rumor
1033 3453 1097 3522 fal-
1149 3443 1288 3519 trarcha
1315 3461 1366 3516 est
1387 3450 1577 3539 appellatio
1602 3456 1826 3546 principum,
1867 3459 1972 3550 vulgo
2002 3463 2131 3533 dicitnr

110 3584 172 3629 sus
189 3572 276 3626 erat.
352 3555 518 3657 Pereaut]
545 3561 675 3629 scilicet
689 3561 813 3644 amici,
838 3559 969 3630 scilicet
983 3559 1097 3626 utdo-
1150 3553 1208 3621 ein
1222 3550 1339 3621 fiirst.
1417 3552 1689 3650 Paterfamilias]
1714 3559 1845 3629 scilicet
1862 3563 2132 3636 administrator

111 3664 245 3730 minus.
321 3663 427 3753 Dum]
451 3662 581 3731 scilicet
597 3664 803 3732 dummodo.
881 3662 988 3750 erod]
1006 3659 1098 3728 Con·
1149 3678 1270 3723 rerum
1292 3652 1577 3726 domesticarum.
1660 3664 1836 3755 Agricola]
1861 3664 1991 3735 seilicet
2012 3693 2132 3740 rerum

110 3764 241 3832 lutatio
262 3764 568 3835 amansuetudine
584 3765 757 3835 Deiotari.
832 3767 942 3856 Qrcod]
968 3762 1099 3831 scilicet
1149 3757 1373 3826 rusticarum.
1451 3758 1654 3858 Pecuarius]
1686 3765 1746 3857 qui
1769 3766 1901 3857 optime
1923 3769 2007 3838 colit
2029 3797 2133 3863 pecu·

113 3892 224 3960 quem
245 3889 385 3935 versum
404 3867 591 3938 Graecum.
668 3868 942 3958 inimicissimus]
969 3865 1099 3934 scilicet
1150 3864 1222 3931 des.
1294 3863 1359 3945 Qui
1380 3863 1487 3950 egitur
1506 3866 1711 3958 adolescens]
1742 3867 2019 3962 Amplificatioa
2045 3886 2133 3942 tem-

112 3982 156 4037 ut
179 3968 320 4037 Cacsar.
419 3971 515 4053 Qreod
543 3977 575 4039 si
601 3970 717 4066 otest)
746 3971 845 4061 esset]
878 3968 1104 4058 Apersona.
1150 3986 1257 4055 pore,
1279 3986 1344 4030 sen
1361 3963 1557 4052 epilogusa
1579 3970 1771 4039 contrario.
1851 3975 1977 4065 Tanta]
2002 3975 2133 4044 scilicet

113 4065 336 4167 Mansuetus]
371 4070 501 4153 idest,
534 4072 647 4155 mitis,
684 4076 848 4142 clemens.
923 4068 1100 4160 humauis]
1150 4065 1267 4156 regia,
1295 4078 1428 4158 quanta
1454 4089 1549 4135 nunc
1571 4094 1644 4140 rex.
1747 4075 1875 4166 Εαᾳιιε]
1908 4074 2038 4144 scilicet
2059 4091 2131 4147 tam

112 4175 245 4256 idest,
279 4175 407 4256 durus,
439 4169 665 4244 inhumanus.
750 4178 818 4260 Qui
839 4175 966 4264 amem]
1000 4173 1100 4265 qnasi
1152 4165 1289 4259 grandi.

113 4269 228 4345 clicat:
255 4276 352 4344 nulla
370 4300 485 4346 cansa.
548 4279 714 4370 Domitio]
736 4277 963 4344 scilicetcum
981 4287 1101 4343 tamen
1255 4268 1341 4360 Cap.
1364 4269 1406 4339 X.
1440 4263 1471 4357 ἓ.
1495 4270 1556 4341 28.
1600 4275 1731 4367 Castor]
1763 4274 1989 4369 Apostrophe
2012 4285 2132 4351 estad

115 4376 299 4448 Domitius
323 4391 411 4447 esset
433 4404 474 4448 ex
495 4391 596 4469 parte
616 4394 689 4450 tna.
763 4372 972 4469 inimicari]
999 4376 1100 4470 qnasi
1153 4374 1358 4454 Caesarem,
1386 4396 1455 4463 qua
1472 4372 1698 4442 rnaledictum
1715 4377 1788 4447 eius
1805 4380 1964 4449 confutat
1978 4383 2133 4473 primum

114 4484 230 4551 dicat:
264 4480 371 4549 Nullo
396 4483 503 4550 modo
527 4483 655 4574 potuit.
735 4475 828 4577 Tibi]
864 4481 993 4548 scilicet
1015 4479 1101 4549 Cac-
1154 4502 1174 4546 a
1215 4486 1368 4566 spectata
1409 4473 1481 4540 vita
1520 4473 1709 4562 Deiotari,
1760 4480 1886 4550 deinde
1924 4485 1968 4551 ab
2007 4500 2132 4557 aetate.

115 4584 202 4655 sari.
254 4582 513 4671 Argumentum
534 4611 552 4651 a
574 4582 826 4653 beneficiorum
845 4582 1003 4651 Caesaris
1027 4606 1102 4650 ma·
1154 4582 1262 4664 Quam
1292 4577 1426 4666 apthas]
1459 4569 1596 4657 πάθος.
1719 4584 1811 4666 Quod
1837 4585 1884 4676 si]
1917 4585 2134 4658 Confutatio.

117 4687 318 4778 guitudine.
395 4683 654 4779 Meminisscti]
680 4686 812 4755 seilicet
824 4684 1026 4754 Deiotarus.
1154 4683 1327 4771 Sabarai]
1354 4679 1482 4747 scilicet
1498 4680 1627 4749 studio.
1699 4686 1850 4777 Exacta]
1878 4687 2008 4757 scilicet
2023 4692 2135 4760 senili.

223 4784 254 4878 ἓ.
273 4787 334 4860 26.
368 4790 458 4875 Quid
477 4786 642 4880 deiudef]
676 4787 812 4858 Dilutio
836 4788 922 4856 novi
947 4786 1104 4855 criminis
1155 4782 1286 4875 ltaque]
1313 4781 1443 4850 scilicet
1460 4784 1541 4876 qnia
1560 4796 1682 4851 cuncta
1700 4789 1903 4859 defecerunt
1920 4816 1999 4860 cum
2015 4807 2134 4862 exacta

116 4897 165 4961 de
181 4890 388 4972 saltatione,
415 4891 516 4984 quasi
530 4891 640 4960 dicat:
668 4890 752 4961 Non
769 4903 820 4962 est
841 4889 1007 4960 credibile
1027 4914 1106 4957 mo·
1157 4896 1283 4953 aetate.
1386 4886 1624 4978 Sustulisseut]
1654 4884 1709 4956 Ex
1731 4891 1885 4965 minore:
1918 4891 2000 4962 Non
2021 4896 2138 4984 potuit

117 5001 284 5062 «letatum
310 4993 438 5062 saltare
460 4993 615 5069 ebrium;
657 4993 846 5064 Deiotarus
871 5006 923 5062 est
943 4992 1105 5061 modera-
1157 4986 1327 5057 sustinere
1343 4986 1480 5055 labores
1500 4989 1701 5081 equitaruli,
1737 5006 1871 5087 quanto
1887 4994 2005 5062 minus
2022 5011 2138 5088 potest

1158 5090 1297 5159 saltare.
1399 5092 1465 5185 Hic
1487 5114 1563 5160 uero
1584 5094 1784 5188 adolescens]
1817 5090 2031 5188 μετάβασις.
2081 5098 2139 5170 ln·

158 5230 208 5287 36,
227 5227 372 5284 euersum]
392 5238 432 5272 su
450 5225 498 5272 gd,
515 5225 604 5279 lm,
629 5225 972 5277 ffl‚0„11·0„.p,·,.m,
1160 5185 1301 5260 vellitur
1316 5190 1411 5258 enim
1434 5192 1471 5258 in
1487 5208 1739 5267 accusatorem.
1789 5195 1917 5275 ditare.
1970 5196 2141 5275 llecrimi-

158 5335 208 5393 37)
231 5330 457 5387 ciremaseaert]
474 5327 515 5377 sic
531 5328 580 5377 Ed.
596 5327 687 5392 tasas
708 5328 758 5379 Ed.
778 5328 864 5380 orell.
882 5327 1092 5381 summram.

160 5439 210 5496 aa)
232 5438 257 5486 st
276 5432 342 5491 tlte]
365 5431 404 5479 stc
422 5431 472 5482 tta.
493 5430 567 5481 1568.
586 5432 613 5480 et
630 5431 685 5494 at.3
709 5431 758 5484 tte
778 5431 864 5483 orell.
880 5430 950 5497 rste,
967 5431 1003 5484 st.
1194 5429 1242 5497 39)
1261 5431 1419 5498 micuerit]
1436 5432 1476 5482 stc
1493 5432 1543 5483 Ea.
1557 5427 1648 5481 taut:
1673 5428 1721 5479 Et.
1740 5428 1826 5480 orelt.
1847 5428 1992 5492 quidemr.

128 5529 311 5591 uuas-m.
336 5518 442 5580 Orsa.
466 5519 550 5580 Vou.
573 5520 664 5584 ΧΠ,
1591 5506 1637 5570 73

1829 5718 1900 5738 Δ
