4544 5766
187 223 263 299 461

454 221 655 296 SCRIPTA
677 217 765 294 nn·-
779 216 904 294 amr..
918 219 991 290 ao
1009 216 1219 294 rrrncut
1244 223 1312 296 rr
1335 222 1594 300 rouucmv
1619 224 1933 338 serenaret

2136 222 2215 300 aot

189 422 269 469 curn
286 395 419 467 iuravit
440 393 567 489 aliquis
587 392 701 464 sciens
725 405 761 462 et
778 394 921 478 volens,
946 417 1023 464 non
1037 416 1174 480 errans,
1224 418 1375 490 regnum
1392 412 1428 468 et
1440 399 1715 499 libertatem⁸⁸):
1740 426 1816 474 non
1836 401 1949 495 igitur
1968 402 2110 474 valebat
2130 428 2216 496 pro·

189 525 266 572 non
280 512 439 583 coactus,
459 500 555 568 dere
572 492 743 580 honesta,
769 497 949 590 possibili,
973 522 1083 591 quam
1098 497 1175 589 ipse
1226 502 1348 574 missio
1365 503 1556 574 servitutis.

190 604 400 698 promittere
414 613 550 694 potest,
575 612 617 672 ut
633 624 714 670 cum
731 601 873 670 debitor
892 600 933 669 in
955 623 1059 672 causa
1083 599 1176 670 iusta

192 708 288 777 iurat
303 731 339 776 se
357 716 452 774 certo
477 717 638 796 tempore
657 703 883 773 redditurum
904 728 979 775 esse
1002 716 1177 799 quantum

191 810 314 891 debet,
340 808 369 876 is
384 831 611 900 nequaquam
634 806 783 876 liberari
804 818 941 898 potest,
967 832 1038 900 quo
1058 808 1179 875 minus

190 911 296 980 faciat
310 910 546 1001 promissum,
571 922 606 979 et
626 935 705 981 cum
728 934 802 981 non
825 909 931 994 facit,
956 904 1179 978 horribiliter

191 1025 325 1106 peccat.

294 1166 346 1236 Ut
368 1179 486 1236 autem
508 1178 645 1234 caetera
667 1177 810 1256 peccata
835 1177 917 1257 post
936 1164 1068 1236 facturn
1096 1188 1181 1234 con·

195 1270 306 1342 versis
333 1269 582 1350 remittuntur,
624 1265 672 1335 ita
704 1267 851 1336 violatio
883 1268 1074 1337 iuramenti
1099 1279 1182 1358 post

197 1375 362 1444 delictum
387 1372 564 1440 conversis
587 1370 783 1439 remittitur
807 1395 892 1439 voce
912 1369 1098 1460 Evangelii
1118 1394 1180 1439 au-

196 1477 270 1546 dita
294 1501 313 1544 a
340 1472 552 1569 quocunque
574 1473 750 1542 ministro.
811 1473 884 1543 Nec
910 1474 989 1566 plus
1014 1474 1065 1541 ibi
1087 1473 1182 1541 valet

198 1579 356 1673 episcopi
378 1602 466 1660 vox,
494 1601 600 1671 quam
627 1575 780 1645 aliorum
802 1575 1049 1646 ministrorum
1063 1575 1181 1645 Evan-

196 1681 296 1774 gelii,
323 1679 405 1774 quia
434 1677 609 1750 absolutio
632 1703 707 1747 non
731 1691 879 1770 propter
899 1703 1090 1773 personam
1114 1677 1181 1747 mi-

198 1778 301 1853 nistri
318 1783 429 1865 valet,
455 1783 515 1851 sed
542 1780 624 1875 quia
649 1793 701 1849 est
725 1806 794 1849 vox
809 1779 1009 1871 Evangelii.
1060 1780 1107 1850 Et
1128 1793 1181 1848 ta-

196 1911 281 1956 men
313 1886 388 1954 sine
416 1885 489 1953 ulla
520 1881 741 1952 dubitatione
772 1883 1004 1954 violationem
1039 1882 1181 1953 iurisiu-

197 1987 301 2058 randi
318 1999 516 2081 sequuntur
530 2009 667 2076 poenae
683 1987 897 2076 corporales.
938 1987 1045 2081 Quod
1061 1999 1181 2054 autem

195 2091 354 2160 Romani
373 2089 530 2181 episcopi
549 2089 595 2156 ad
615 2112 651 2156 se
674 2099 859 2158 traxerrmt
880 2089 1105 2159 remissiones
1129 2102 1182 2157 ta-

194 2193 284 2263 lium
307 2193 536 2275 delictorum,
573 2190 745 2260 iniustum
775 2204 837 2262 est.
900 2191 969 2263 Sed
991 2193 1105 2263 multo
1127 2191 1182 2259 in-

197 2294 322 2365 iustius
338 2308 407 2378 est,
433 2297 530 2388 qnod
545 2305 772 2384 sumpserunt
787 2294 855 2364 sibi
875 2294 1103 2364 autoritatem
1121 2296 1182 2363 ab·

197 2398 359 2469 solvendi
377 2392 559 2482 bomines,
585 2420 629 2465 ne
646 2398 805 2466 facerent
826 2398 1001 2490 promissa
1021 2397 1180 2489 legitimo

198 2500 411 2573 iuramento.

487 2703 692 2773 Secunda
720 2702 890 2795 regula.

299 2876 454 2968 Quando
471 2888 589 2944 autern
612 2875 853 2946 iuramentum
875 2900 914 2944 re
936 2874 1012 2967 ipsa
1033 2899 1109 2944 non
1131 2887 1183 2945 est

196 2980 455 3061 iuramentum,
488 2991 528 3047 ut
553 3003 660 3072 supra
683 2977 854 3060 diximus,
890 2977 1086 3071 promissor
1107 3003 1183 3046 non

197 3083 333 3172 indiget
354 3079 597 3164 absolutione,
619 3093 660 3149 ut
675 3105 754 3151 curn
770 3079 891 3148 David
911 3105 985 3148 non
1007 3080 1183 3150 interfecit

197 3184 333 3269 Nabal,
361 3208 436 3252 non
452 3196 531 3251 erat
546 3208 636 3275 opus
654 3182 687 3251 ei
703 3182 946 3267 absolutione,
973 3183 1056 3276 quia
1074 3209 1181 3253 nemo

197 3287 341 3356 abolere
364 3298 483 3378 potest
507 3286 728 3369 iuramenta,
759 3311 851 3380 quae
874 3300 957 3355 sunt
979 3310 1062 3356 vere
1087 3287 1182 3357 iura-

197 3404 329 3460 menta.
380 3391 449 3459 Sed
467 3391 610 3484 quando
633 3388 826 3458 miscentur
849 3388 1042 3471 iniustitia,
1069 3414 1182 3472 error,

196 3492 484 3586 impossibilitas,
519 3516 588 3560 vox
613 3491 732 3559 divina
757 3492 969 3583 pronuntiat
990 3493 1073 3561 talia
1098 3519 1181 3584 pro-

132 3596 302 3666 “inissa
326 3619 553 3688 nequaquam
579 3618 650 3662 esse
673 3595 892 3679 iuramenta,
930 3608 971 3664 ut
993 3622 1072 3664 curn
1100 3598 1182 3664 fecit

198 3700 326 3792 aliquis
349 3709 433 3765 vota
455 3696 671 3780 monastica,
708 3699 907 3767 consideret
927 3696 1002 3789 ipse
1026 3724 1089 3767 cur
1111 3700 1182 3768 sint

194 3800 317 3885 irrita,
344 3800 425 3894 quia
445 3813 521 3868 orta
539 3812 622 3869 sunt
638 3825 680 3868 ex
695 3800 817 3871 multis
831 3801 1031 3885 erroribus,
1058 3815 1093 3870 et
1107 3827 1180 3870 non

197 3917 386 3975 servantur
414 3902 490 3971 sine
520 3902 657 3992 magnis
686 3903 857 3994 peccatis,
890 3902 974 3996 quia
1002 3905 1179 3974 manifesti

198 4007 312 4078 cultus
332 4007 512 4076 idolorum
539 4004 578 4072 in
599 4006 825 4077 monasteriis
846 4005 950 4075 multi
978 4019 1071 4077 sunt.
1138 4007 1179 4077 In

196 4111 326 4182 talibus
356 4110 494 4180 casibus
519 4133 594 4177 non
625 4109 778 4178 absolvit
794 4109 896 4200 Papa
918 4134 939 4178 a
965 4108 1179 4195 iuramento,

195 4217 257 4286 sed
272 4215 347 4306 ipsa
362 4238 432 4283 vox
446 4213 567 4283 divina
583 4213 796 4304 pronuntiat
815 4213 900 4280 talia
921 4213 1094 4305 promissa
1118 4240 1179 4283 ne-

196 4341 376 4411 quaquam
394 4341 467 4388 esse
487 4317 707 4400 iuramenta,
740 4327 775 4384 ct
795 4315 923 4386 usitate
946 4316 1089 4387 dicitur:
1123 4315 1179 4388 Iu-

195 4433 397 4488 ramentum
414 4444 488 4487 non
504 4419 549 4488 sit
564 4419 745 4488 vinculum
765 4417 975 4512 iniquitatis.

295 4567 498 4641 Adhibendi
513 4583 596 4640 sunt
610 4583 727 4640 autern
747 4569 784 4639 in
806 4570 991 4641 consilium
1014 4567 1177 4643 homines

195 4675 289 4747 docti
307 4688 341 4744 et
355 4674 518 4743 timentes
534 4672 670 4755 Deum,
698 4699 778 4743 cum
801 4675 840 4742 fit
860 4675 1106 4766 interpretatio
1125 4677 1177 4746 iu-

194 4777 367 4862 ramenti,
393 4776 475 4872 qnia
498 4777 609 4845 multa
636 4776 748 4846 tristia
768 4791 882 4847 errata
905 4778 1070 4847 accidunt
1093 4804 1176 4870 pro-

193 4896 272 4979 pter
289 4876 517 4974 sophisticam
539 4878 889 4970 interpretationem,
920 4894 961 4951 ut
986 4878 1175 4953 Zedcchias

194 4985 409 5079 promiserat
424 5006 547 5075 pacem
565 4982 640 5074 regi
655 4982 896 5076 Babylonico,
918 4998 1039 5075 postea
1057 4987 1095 5054 fit
1110 4982 1175 5055 ho·

193 5089 329 5176 stisffl),
356 5089 438 5183 quia
455 5086 559 5156 multi
582 5087 828 5178 disputabant,
854 5100 955 5178 pacta
978 5101 1101 5156 contra
1126 5089 1174 5157 le-

192 5218 271 5282 gem
287 5191 355 5261 Dei
371 5216 444 5260 non
456 5191 587 5262 valere.
638 5186 712 5259 Lex
734 5190 949 5281 promiserat
969 5191 1071 5284 stirpi
1086 5189 1172 5262 luda

203 5461 259 5520 m
271 5462 299 5511 ι.
318 5462 391 5524 aeg.
406 5460 452 5528 u,
469 5459 514 5512 ao.
551 5461 604 5514 rer.
621 5461 667 5526 aa,
685 5458 711 5512 a,

1330 638 1408 709 Hoc
1423 655 1673 732 argumentum
1688 640 1728 712 in
1744 643 1897 736 speciem
1919 642 2107 737 plausibile
2127 656 2217 728 erat,

1230 764 1311 812 cum
1326 756 1447 813 tamen
1460 744 1506 815 sit
1521 741 1771 838 sophisticum,
1806 746 1888 842 quia
1913 747 2030 817 maior
2053 746 2217 841 loquitur

1230 845 1273 913 de
1293 847 1484 931 mandato,
1504 873 1578 917 non
1595 849 1639 917 de
1655 850 1961 941 promissionibus.
2012 850 2147 929 Verum
2165 863 2218 920 est

1230 962 1332 1041 pacta
1349 951 1450 1019 irrita
1468 969 1561 1035 esse,
1588 976 1668 1020 cum
1685 952 1862 1044 promittit
1882 953 2027 1047 aliquis,
2054 979 2090 1022 se
2104 953 2218 1022 farctu-

1230 1077 1312 1121 rum
1327 1078 1399 1123 esse
1418 1066 1539 1123 contra
1558 1056 1726 1123 mandata
1736 1054 1821 1138 Dei,
1846 1069 1886 1125 ut
1901 1056 1929 1125 si
1944 1056 2023 1149 quis
2038 1056 2220 1147 promittit

1232 1156 1365 1227 cultum
1381 1156 1580 1241 idolorum,
1606 1158 1697 1228 sicut
1713 1159 1929 1250 promittunt
1943 1155 2123 1229 monachi.

1332 1309 1440 1379 Aliud
1457 1324 1508 1380 est
1523 1311 1622 1405 loqui
1638 1312 1681 1379 de
1697 1295 2005 1403 promissionibus.
2043 1310 2117 1382 Lex
2132 1338 2219 1405 pro·

1231 1413 1342 1483 mittit
1367 1414 1500 1483 bonam
1530 1415 1788 1498 valetudinem,
1824 1417 1961 1507 fruges,
1999 1439 2142 1507 pacem,
2183 1428 2219 1485 et

1233 1518 1375 1611 quidem
1397 1518 1575 1610 promittit
1590 1543 1669 1586 cum
1688 1519 1894 1610 exceptione
1917 1520 2160 1610 castigationis
2184 1533 2221 1588 et

1233 1620 1356 1692 crucis.
1399 1622 1487 1692 Cum
1503 1621 1612 1712 igitur
1625 1620 1968 1716 Nabugdonosorw)
1986 1623 2081 1715 capit
2095 1648 2220 1713 regem

1233 1719 1520 1818 zedechiamw),
1559 1725 1605 1794 sit
1626 1723 1699 1792 iam
1720 1727 1900 1818 captivus,
1940 1737 1976 1793 et
2003 1726 2220 1818 promittens

1232 1828 1457 1910 servitutem,
1483 1853 1557 1897 non
1572 1827 1760 1920 promittat
1774 1855 1810 1898 se
1833 1831 2009 1898 facturum
2033 1854 2116 1900 esse.
2132 1853 2221 1898 con-

1232 1943 1288 1999 tra
1305 1933 1475 1999 mandata
1491 1931 1580 2015 Dei,
1605 1933 1665 2000 sed
1682 1932 1918 2003 toleraturum
1937 1927 2030 2002 hanc
2049 1956 2222 2025 poenam,

1233 2046 1272 2104 ut
1289 2035 1319 2104 si
1334 2034 1372 2102 in
1387 2059 1564 2104 carcerem
1582 2035 1753 2106 abductus
1768 2048 1869 2107 esset.

1334 2195 1399 2268 Est
1432 2211 1550 2269 autern
1578 2195 1810 2291 sophisticum
1840 2200 1932 2273 dicta
1968 2199 2011 2268 de
2037 2196 2220 2270 mandatis

1233 2302 1424 2371 transferre
1447 2303 1493 2372 ad
1515 2302 1789 2395 promissiones,
1820 2305 1911 2376 sicut
1931 2298 2001 2372 hoc
2023 2324 2146 2371 errore
2160 2298 2221 2371 lu·

1234 2402 1312 2472 daei
1330 2429 1434 2496 saepe
1458 2405 1601 2498 impulsi
1621 2420 1703 2475 sunt
1728 2410 1774 2479 ad
1796 2409 1992 2479 movendas
2013 2402 2222 2489 seditiones,

1233 2519 1274 2577 ut
1290 2531 1370 2577 curn
1390 2508 1615 2600 interrogant
1628 2510 1847 2599 Dominum,
1872 2535 1920 2582 an
1937 2511 2043 2580 liceat
2060 2509 2221 2603 pendere

1235 2607 1484 2683 didrachmum
1499 2613 1674 2685 Romanis
1684 2613 1744 2712 ιι).

1334 2768 1411 2839 Hac
1434 2769 1639 2863 quaestione
1665 2792 1769 2862 saepe
1792 2769 1989 2864 disputata,
2021 2772 2135 2843 sancti
2150 2772 2223 2847 viri

1234 2869 1413 2962 sapienter
1427 2873 1674 2943 discernebant
1687 2876 1856 2945 mandata
1874 2889 1908 2944 et
1924 2900 2069 2968 poenas.
2122 2875 2220 2947 Scie-

1233 2974 1320 3042 bant
1336 2976 1374 3045 in
1394 2976 1520 3066 poenis
1545 2978 1808 3067 corporalibus,
1844 3003 1924 3048 cnm
1946 2975 2037 3049 nibil
2059 2981 2220 3052 facerent

1235 3091 1356 3147 contra
1375 3081 1543 3147 mandata
1560 3079 1647 3163 Dei,
1674 3083 1924 3171 praestandam
1950 3106 2023 3152 esse
2048 3083 2218 3154 obedien-

1233 3180 1340 3265 tiam,
1365 3182 1478 3251 donec
1493 3181 1590 3253 Deus
1604 3183 1760 3252 mitteret
1774 3186 1944 3255 salutares
1959 3187 2181 3261 liberatores.

1336 3334 1392 3403 Sic
1405 3335 1472 3406 suit
1488 3349 1645 3407 erratum
1664 3336 1862 3408 aRomauo
1879 3336 2104 3431 pontifice*l,
2134 3369 2214 3413 cum

1234 3437 1402 3506 iudicavit
1420 3438 1538 3510 irritas
1560 3466 1632 3510 esse
1657 3440 1816 3511 inducias
1838 3467 1857 3510 a
1874 3438 2032 3512 Iohanne
2048 3445 2215 3516 Huniade

1234 3566 1312 3611 curn
1336 3540 1463 3611 Turcis
1485 3543 1669 3635 sactasm),
1707 3545 1789 3637 quia
1820 3544 1895 3614 sine
1929 3547 2119 3617 autoritate
2141 3549 2216 3620 tto-

1232 3642 1330 3711 mani
1358 3645 1534 3734 pontificis
1560 3673 1635 3715 non
1660 3645 1781 3716 liceret
1805 3671 1884 3717 cum
1908 3651 2089 3719 communi
2112 3647 2215 3722 hoste

1233 3742 1417 3816 christiani
1447 3748 1603 3818 nominis
1635 3749 1769 3842 aliquid
1798 3751 1940 3841 pacisci.
2007 3752 2058 3822 Ac
2088 3768 2215 3845 postea

1232 3849 1431 3919 Vladislaus
1455 3876 1517 3919 rex
1535 3851 1728 3923 Polonicus
1753 3865 1787 3922 et
1807 3853 2026 3946 Ungaricns,
2053 3870 2087 3926 et
2109 3858 2214 3927 multi

1230 3952 1441 4023 nobilissimi
1458 3949 1641 4036 homines,
1666 3955 1861 4025 multarum
1877 3956 2054 4049 gentium,
2080 3985 2214 4052 magno

1230 4055 1369 4146 proelio
1384 4055 1467 4124 victi
1484 4056 1521 4125 in
1539 4056 1669 4153 acie⁴³)
1688 4058 1902 4132 ceciderunt.

1215 4367 1218 4372 ’
1262 4370 1311 4428 38)
1330 4369 1408 4423 Gonf.
1428 4373 1528 4426 Genea.
1540 4374 1584 4438 40,
1604 4375 1644 4425 10.

1262 4475 1311 4533 00)
1329 4474 1562 4535 Nabugdooosor]
1577 4476 1617 4525 ste
1629 4477 1712 4528 leuitt.
1730 4479 1803 4529 1552.
1823 4483 1850 4528 et
1869 4480 1959 4541 tasse
1976 4483 2048 4533 Edit.
2061 4486 2136 4539 15⁵7.
2155 4489 2213 4540 Na·

1298 4543 1503 4608 buchdonosor3
1537 4546 1609 4595 Edit.
1629 4547 1704 4598 1560.
1732 4549 1977 4599 Nabuchodonosor
2008 4557 2091 4615 (quae
2123 4557 2213 4608 torma

1296 4625 1357 4661 com
1374 4614 1460 4663 LXX.
1480 4616 1507 4663 et
1524 4615 1608 4678 Votg.
1632 4618 1775 4679 congruttz
1806 4619 1949 4670 ltebratcae
1972 4635 2040 4672 voro
2063 4629 2213 4688 respondet

1296 4682 1534 4742 Nebucadneaar).

1261 4783 1311 4842 40)
1327 4783 1353 4835 2.
1366 4784 1489 4851 ncepta,
1507 4788 1534 4837 6.

1260 4888 1309 4944 41)
1326 4887 1423 4938 uetat.
1436 4887 1479 4950 22,
1500 4888 1533 4939 17
1545 4900 1604 4952 sqq.
1637 4891 1721 4941 ltere.
1735 4891 1777 4956 tt,
1798 4892 1831 4941 14
1844 4906 1904 4956 sqq.
1936 4894 2058 4961 andtt,
2075 4898 2182 4967 21ης.

1260 4985 1294 5047 11)
1313 4987 1377 5041 Scit.
1396 4991 1430 5038 ab
1447 4991 1570 5056 Eugento
1582 4992 1631 5041 tv.
1650 5003 1720 5054 papa
1734 4993 1795 5043 1431
1808 5018 1836 5031 -
1849 4993 1923 5046 1447.

1259 5091 1308 5147 tat
1326 5092 1385 5141 ltee
1408 5090 1532 5143 totcrotae
1553 5105 1571 5143 a
1592 5093 1716 5143 buniade
1747 5096 1796 5154 (cte
1820 5108 1872 5158 quo
1895 5097 1967 5151 cont.
1992 5111 2077 5163 cupre
2100 5117 2127 5166 p.
2148 5104 2209 5160 177.

1292 5161 1359 5208 noto
1374 5160 1431 5217 19.)
1444 5175 1502 5210 cnm
1516 5161 1611 5210 Marad
1623 5162 1654 5210 tt.
1670 5162 1785 5214 sultano
1803 5176 1828 5216 e.
1842 5167 1915 5215 1444.
1935 5179 2028 5217 mense
2039 5169 2107 5221 lutto
2120 5173 2212 5228 acue

1294 5230 1373 5288 sont3
1397 5229 1452 5281 vid.
1471 5227 1583 5279 nstrata
1602 5231 1764 5281 Geectrtctrte
1781 5234 1830 5283 der
1844 5235 1998 5296 Magyaren
2016 5239 2044 5288 τ,
2056 5238 2088 5293 11.
2108 5256 2135 5304 p.
2149 5244 2211 5299 m,

1293 5298 1321 5344 et
1338 5298 1399 5346 Jos.
1419 5311 1446 5350 v.
1467 5300 1607 5348 Hammer:
1637 5299 1799 5350 Geaetrietrte
1817 5303 1866 5353 des
1884 5305 1994 5356 Oeneo.
2010 5306 2128 5361 Boletos
2147 5314 2176 5369 Τ.
2188 5315 2209 5364 l.

1292 5366 1410 5429 11400,
1435 5367 1493 5418 vit.
1509 5367 1583 5416 intra
1600 5368 1699 5429 11490.
1718 5372 1855 5425 11010100.

1259 5465 1308 5530 40)
1326 5467 1357 5521 ln
1375 5467 1434 5521 acte
1451 5469 1621 5540 warmunt,
1640 5471 1674 5524 tte
1691 5474 1834 5536 querant.
1850 5486 1878 5539 p.
1891 5474 1952 5528 tu.
1969 5478 2036 5528 note
2046 5476 2091 5532 Ἀ
