4544 5766
126 229 174 298 68
203 235 205 241 “
391 220 593 296 SCRIPTA
616 219 692 293 PH.
718 217 832 292 MEL.
856 215 923 290 Ab
948 211 1161 294 ETHIOEN
1187 219 1254 293 ΕΤ
1278 215 1537 295 POLITIGEN
1564 216 1874 297 SPECTANTIA.
2096 215 2150 290 64

123 396 345 468 conservatio
361 408 511 466 naturae
526 393 682 487 postulat
696 393 845 462 modum
857 391 897 462 in
911 390 1003 476 cibo,
1017 404 1108 485 potu
1157 405 1233 478 tus,
1260 406 1295 463 et
1318 392 1464 484 agnosci
1487 416 1528 463 ac
1551 394 1672 487 colligi
1685 406 1837 488 possunt
1852 392 2017 487 inspectis
2032 395 2148 466 causis

124 514 158 569 et
174 500 252 570 aliis
267 498 520 590 voluptatibus.
572 495 665 565 Hinc
690 492 926 588 temperantia
942 507 978 564 et
994 495 1108 565 conti-
1158 509 1194 594 et
1221 495 1403 568 effectibus
1435 497 1591 589 propriis
1627 494 1806 580 hominis,
1842 499 2154 591 quemadmodum·

122 603 244 672 nentia
268 602 445 671 oriuntur.
504 597 557 669 Ita
580 598 682 668 facile
703 610 823 690 potest
845 597 996 689 intelligi
1019 596 1108 668 divi·
1157 599 1291 669 dictum
1315 612 1377 670 est.
1438 598 1532 669 Nam
1558 623 1684 670 causae
1706 598 1900 670 ostendunt
1923 626 1997 671 esse
2016 599 2150 684 Deum,

122 707 259 775 sionem
283 705 455 772 virtutum
479 702 690 772 sumendam
707 725 780 770 esse
797 725 839 787 ep
854 700 990 791 legibus
1006 712 1109 770 natu·
1159 714 1195 771 et
1208 701 1287 772 Deo
1303 699 1543 771 obediendum
1558 727 1643 774 esse.
1701 702 1857 773 Effectus
1871 705 2067 775 ostendunt
2082 726 2149 774 nos

123 833 202 890 rae,
230 831 325 905 quae
343 817 427 876 sunt
451 805 602 874 notitiae
626 804 817 895 impressae
834 802 963 873 animis
979 802 1110 871 divini·
1159 806 1205 873 ad
1219 803 1509 896 procreationem
1528 818 1564 874 et
1581 806 1627 875 ad
1641 806 1845 876 societatem
1861 807 1970 877 nasci.

984 1068 1292 1090 ——n—-u—w-

889 1345 1052 1411 Lturn
1092 1302 1390 1410 suesanus.

796 1554 909 1636 De
996 1553 1485 1640 lustitia.

220 1819 268 1893 ln
291 1818 561 1890 enumeratione
587 1818 757 1892 virtutum
789 1821 893 1892 initio
922 1823 1111 1894 dicendum
1264 1821 1448 1904 Secundo,
1483 1819 1658 1912 significat
1685 1831 1825 1890 tautum
1858 1843 1937 1890 eam
1969 1822 2153 1907 virtutem,

123 1943 175 1999 est
199 1930 243 1996 de
265 1923 448 2013 religione.
495 1921 576 1990 'Sed
597 1921 781 2009 doctrina,
811 1926 855 1994 de
877 1924 1006 1995 timore
1031 1924 1111 2009 Dei,
1163 1949 1254 2020 quae
1294 1926 1333 1994 in
1370 1923 1509 1994 iudiciis
1550 1937 1586 1992 et
1616 1924 1854 1995 contractibus
1869 1917 1873 1929 ²
1888 1949 1992 1995 suum
2023 1925 2153 2020 cuique

123 2037 167 2100 de
189 2032 278 2111 fide,
305 2024 532 2095 invocatione
555 2034 590 2091 et
609 2024 758 2120 reliquis
781 2027 992 2112 virtutibus,
1019 2052 1110 2123 quae
1163 2027 1294 2098 reddit.

122 2132 268 2226 proprie
283 2141 366 2200 sunt
375 2124 673 2211 Christianorum,
692 2152 758 2199 nos
772 2130 856 2200 satis
875 2132 970 2200 tradi
982 2142 1112 2223 potest,
1262 2126 1400 2200 Tertio.
1466 2125 1508 2198 Iu
1542 2127 1648 2198 Pauli
1681 2128 1982 2222 disputationibus
2016 2113 2161 2201 iussisti

116 2237 192 2307 *nisi
219 2246 294 2304 tota
318 2229 482 2301 doctrina*
503 2229 661 2320 exposita
683 2233 726 2300 de
749 2231 954 2303 discrimine
971 2233 1057 2324 legis
1076 2245 1112 2302 et
1162 2230 1338 2323 significat
1354 2229 1627 2322 imputationem
1642 2231 1815 2315 iustitiae,
1839 2257 1902 2303 seu
1916 2232 2079 2302 divinam
2095 2255 2156 2301 ac·

122 2334 319 2427 Evangelii.
371 2331 455 2401 Ideo
481 2332 524 2400 de
546 2328 616 2400 hoc
639 2357 768 2424 genere
791 2336 963 2406 virtutum
985 2360 1111 2405 consu·
1164 2335 1422 2426 ceptationem,
1454 2345 1496 2402 ut
1518 2358 1600 2404 cum
1618 2334 1764 2404 dicitur:
1801 2331 2020 2427 Imputatum
2036 2347 2098 2407 ,est
2117 2333 2155 2404 ei

122 2445 244 2511 lantur
267 2438 389 2506 literae
412 2434 649 2526 Apostolicae.
702 2436 869 2506 Tradunt
892 2451 1010 2509 autem
1032 2433 1112 2531 phi·
1164 2439 1209 2506 ad
1224 2437 1416 2519 iustitiam,
1444 2436 1536 2506 etde
1554 2432 1621 2506 hac
1639 2436 1900 2527 significatione
1920 2433 2013 2507 nihil
2028 2438 2156 2508 dicunt

123 2539 265 2635 losophi
280 2562 409 2628 magna
427 2562 469 2606 ex
484 2548 585 2628 parte
600 2536 749 2609 virtutes
764 2541 940 2612 secundae
957 2542 1112 2624 tabulae,
1163 2535 1387 2632 philosophi,
1419 2562 1485 2629 ego
1507 2551 1626 2608 autem
1647 2563 1835 2625 recenseo,
1861 2552 1903 2610 ut
1924 2540 2155 2632 significatio·

125 2671 217 2742 quae
239 2645 441 2735 gubernant
469 2638 627 2709 actiones
650 2653 812 2713 externas
836 2667 918 2735 erga
945 2639 1111 2714 homines
1144 2667 1251 2712 vnum
1274 2642 1428 2712 varietas
1458 2641 1677 2714 observetur.
1728 2642 1822 2714 Nam
1850 2638 1939 2712 haec
1968 2642 2154 2715 distinctio

123 2752 161 2820 in
179 2748 274 2820 civili
288 2744 466 2816 societate.
504 2739 546 2810 In
560 2737 617 2812 his
633 2743 750 2835 prima
771 2746 883 2816 virtus
901 2759 953 2815 est
966 2746 1112 2828 iustitia,
1165 2745 1302 2838 aliquid
1332 2744 1420 2815 lucis
1456 2744 1560 2813 affert
1602 2740 1810 2836 theologicis
1839 2745 2155 2837 disputationibus.

122 2857 167 2921 de
184 2875 253 2945 qua
270 2873 352 2916 vere
375 2844 495 2937 inquit
509 2843 735 2928 Aristoteles,
762 2870 878 2940 neque
901 2847 1112 2940 Hesperum,
1165 2847 1258 2938 Quia
1274 2846 1369 2916 enim
1384 2846 1517 2917 Paulus
1534 2847 1638 2916 docet
1657 2872 1724 2917 nos
1740 2848 1849 2938 gratis
1864 2847 2025 2941 reputari
2039 2848 2156 2924 iustos

123 2977 240 3047 neque
257 2948 462 3019 Luciferum
476 2945 727 3015 formosiorem
745 2971 818 3017 esse
837 2949 982 3021 iustitia.
1017 2950 1112 3018 Haec
1163 2961 1311 3041 propter
1326 2944 1520 3032 Christum,
1544 2973 1686 3020 necesse
1701 2962 1755 3019 est
1770 2950 1902 3020 iustum
1917 2976 1984 3043 pro
2002 2964 2154 3044 accepto

123 3057 220 3127 enirn
245 3052 421 3144 gubernat
447 3060 603 3117 caeteras
632 3048 781 3119 virtutes
810 3062 847 3119 et
877 3052 1111 3145 praecipuum
1164 3050 1333 3143 intelligi,
1365 3050 1430 3121 etsi
1460 3051 1651 3121 comitatur
1678 3053 1958 3145 acceptationem
1981 3050 2160 3124 inchoata-

124 3158 307 3228 vinculum
323 3165 375 3222 est
392 3149 571 3221 societatis
587 3149 712 3222 civilis.
1112 3173 1114 3176 ·
1164 3152 2157 3248 obedientia,utlatiustraditurindoctrinaEvangelica.

298 3326 413 3393 Estne
437 3322 602 3414 simplex
625 3342 716 3392 usus
736 3319 935 3396 vocabuli?
1359 3326 1457 3409 Quot
1477 3330 1568 3395 suat
1589 3327 1733 3415 spectes
1756 3323 1958 3399 iustitiae?

227 3458 388 3528 Minime.
440 3455 533 3526 Nam
550 3454 683 3526 iustitia
699 3456 786 3527 alias
801 3457 840 3526 in
857 3481 987 3549 genere
1004 3456 1112 3549 signi-
1265 3453 1473 3526 Aristoteles
1508 3456 1659 3548 sumpsit
1693 3458 1905 3549 partitiones
1942 3458 2098 3531 iustitiae
2128 3484 2159 3530 a·

122 3569 205 3635 ficat
215 3559 455 3632 obedientiam
472 3582 553 3649 erga
568 3583 691 3628 omnes
705 3560 809 3651 leges,
824 3560 1113 3653 etcomplcctitur
1163 3558 1377 3642 Platone,ac
1390 3558 1572 3651 speciebus
1588 3559 1736 3630 nomina
1752 3562 1926 3645 attribuit,
1935 3575 1975 3632 ut
1988 3586 2042 3645 ea,
2057 3586 2163 3658 quw

124 3690 248 3737 omnes
265 3665 432 3744 virtutes,
457 3673 591 3731 utrum
608 3661 770 3746 dicimus,
796 3662 989 3732 Aristidem
1004 3663 1112 3733 fuisse
1164 3685 1184 3730 a
1200 3661 1351 3731 Platone
1373 3663 1518 3732 confuse
1540 3661 1719 3754 disputata
1735 3677 1836 3748 sunt,
1863 3664 2100 3757 distingueret
2119 3679 2164 3737 et*

122 3773 254 3841 iustum
271 3766 396 3846 civem,
411 3775 445 3832 et
460 3787 579 3833 sacrae
593 3763 717 3833 literae
732 3789 836 3856 saepe
852 3764 901 3833 ita
916 3765 1113 3859 loquuntur
1163 3763 1292 3835 diserte
1308 3764 1510 3856 explicaret.
1562 3764 1614 3832 Ac
1634 3764 1749 3856 prima
1773 3766 1900 3836 divisio
1923 3779 1975 3837 est
1996 3766 2156 3840 iustitiae

124 3876 169 3942 de
193 3868 326 3941 iustitia
349 3866 455 3957 legis,
479 3865 542 3934 ubi
563 3864 697 3935 iustitia
723 3868 830 3937 debet
854 3867 1004 3959 intelligi
1028 3871 1112 3938 obe-
1163 3866 1202 3935 in
1217 3867 1456 3937 universalem
1472 3879 1507 3937 et
1520 3866 1792 3957 particularem:
1825 3869 2037 3940 universalis
2053 3870 2161 3942 iusti-2

124 3974 259 4045 dientia
277 3975 360 4061 erga
377 3993 500 4038 ornnes
522 3967 635 4058 leges,
662 3980 703 4039 ut
723 3970 790 4039 feci
811 3969 982 4041 iudicium
1004 3984 1038 4040 et
1059 3971 1111 4057 iu·
1163 3968 1210 4037 tia
1226 3981 1279 4040 est
1293 3969 1494 4039 obedientia
1511 3993 1593 4060 erga
1612 3994 1737 4041 omnes
1751 3971 1865 4062 leges,
1892 3984 1927 4042 et
1946 3973 2162 4067 complecti:

123 4079 271 4159 stitiarn,
294 4085 329 4142 et
343 4069 467 4140 Esaias
484 4066 563 4165 (56,
590 4070 658 4161 1.):
684 4070 804 4140 Facite
821 4073 1005 4156 iustitiam,
1027 4073 1110 4168 quia
1163 4084 1223 4141 tur
1243 4096 1367 4142 omnes
1390 4071 1550 4143 virtutes.
1601 4070 1685 4142 Ideo
1711 4085 1830 4142 autem
1853 4077 2067 4147 transfertur
2087 4102 2162 4149 no·.

124 4205 238 4274 prope
258 4189 310 4247 est
334 4175 430 4244 salus
456 4184 574 4243 vestra
589 4185 653 4243 etc.
706 4173 819 4258 Nam,
845 4188 886 4245 ut
906 4176 1035 4246 deinde
1059 4177 1112 4245 di·
1163 4198 1248 4244 meu
1270 4173 1425 4244 iustitiae
1449 4174 1488 4243 in
1508 4199 1636 4264 genere
1659 4176 1705 4244 ad
1727 4187 1843 4246 toturn
1865 4175 2015 4248 chorum
2039 4180 2157 4252 virtu·

125 4309 223 4362 eam,
248 4279 365 4373 prima
389 4277 502 4346 virtus
526 4287 578 4345 est
601 4276 821 4360 obedientia,
848 4303 939 4372 quae
963 4291 1112 4349 vocatur
1163 4288 1259 4360 tum,
1284 4277 1368 4372 quia
1385 4278 1549 4346 redditur
1571 4276 1772 4348 obedientia
1788 4281 1905 4349 debita
1924 4306 1987 4351 seu
2001 4281 2163 4373 legibus,

125 4382 260 4456 iustitia
286 4379 509 4450 universalis.
585 4378 692 4450 Nulla
725 4379 821 4448 enim
855 4382 1005 4452 societas
1038 4406 1111 4469 esse
1163 4403 1225 4448 seu
1239 4380 1514 4470 magistratibus.
1565 4379 1658 4450 Nam
1672 4404 1712 4450 re
1728 4406 1813 4451 vera
1829 4383 1946 4475 prima
1970 4383 2085 4455 virtus
2101 4399 2160 4457 est·

126 4497 263 4580 potest,
286 4480 356 4550 nisi
375 4476 444 4548 hoc
468 4481 610 4550 vinculo
634 4482 836 4552 consociata
860 4483 922 4568 sit,
948 4484 1038 4555 sicut
1052 4508 1111 4553 ve·
1164 4482 1366 4553 obedientia
1391 4507 1474 4574 erga
1499 4481 1636 4566 Deum,
1662 4482 1692 4553 si
1711 4485 1906 4556 rectissime
1925 4486 2027 4580 loqui
2049 4490 2158 4560 volam

124 4585 326 4661 nustissime
341 4583 429 4652 dixit
443 4582 668 4654 Aristoteles:
683 4598 763 4654 octo
778 4587 977 4678 praedones
993 4585 1111 4670 fuisse,
1162 4610 1261 4668 mus,
1288 4586 1344 4654 vel
1361 4609 1443 4675 erga
1460 4585 1720 4676 magistratum,
1746 4589 1776 4657 si
1788 4589 1941 4659 civiliter
1955 4590 2158 4683 loquimur·

126 4693 189 4788 qui
221 4685 458 4759 communiter
488 4686 655 4776 praedari
678 4702 957 4773 consueverunt,
995 4690 1032 4758 in
1056 4685 1111 4760 his
1161 4683 1285 4781 ltaque
1301 4701 1337 4757 et
1352 4687 1456 4757 Plato
1473 4688 1634 4759 omnium
1651 4690 1823 4761 virtutum
1840 4691 1914 4760 vim
1930 4705 1966 4761 et
1980 4707 2156 4766 naturam

125 4808 222 4865 mota
238 4789 412 4863 seditione
434 4801 589 4882 quatuor
606 4812 626 4855 a
640 4790 787 4885 reliquis
803 4792 972 4862 dissidere
986 4817 1110 4885 coepe·
1163 4791 1208 4858 ab
1224 4789 1426 4860 ohedientia
1443 4792 1648 4876 exordiens,
1674 4792 1851 4884 copiosius
1866 4795 2034 4864 describit
2055 4792 2157 4875 hano

126 4891 260 4991 runt*)
275 4893 319 4962 de
336 4894 488 4983 praeda,
514 4902 637 4982 postea
654 4907 809 4985 quatuor
824 4895 956 4986 captis,
988 4920 1110 4966 rursus
1163 4893 1336 4985 speciem,
1373 4916 1524 4987 eamque
1555 4895 1639 4964 facit
1673 4896 1869 4987 duplicem,
1904 4898 2086 4989 privatam
2113 4902 2158 4972 in·

125 5006 197 5073 duo
210 5011 308 5069 mota
324 4995 498 5065 seditione
514 4994 729 5065 discordiam
747 4997 956 5083 excitarunt,
973 4999 1111 5069 duobus
1162 4995 1310 5085 singulis
1321 4990 1540 5081 hominibus,
1567 4995 1732 5067 videlicet
1745 5000 1986 5069 obedientiam
2003 5000 2155 5079 inferio-

125 5104 256 5197 eaptie,
299 5099 456 5192 reliquus
478 5097 545 5167 fuit
568 5121 671 5168 unus.
749 5097 817 5168 Hic
841 5100 926 5193 qtrid
949 5103 1109 5173 futurum
1163 5122 1243 5167 rum
1266 5097 1397 5168 virium
1422 5124 1504 5190 erga
1530 5100 1725 5183 rationem,
1751 5097 1843 5172 hanc
1867 5115 1971 5172 vocat
1991 5105 2157 5195 primane

125 5223 220 5287 crat,
245 5204 311 5274 uisi
325 5214 366 5271 ut
379 5204 501 5269 dextra
517 5225 536 5268 a
553 5199 695 5268 sinistra
713 5200 923 5270 dissideret?
1164 5200 1343 5279 virtutem.
1356 5205 1359 5214 '
1394 5202 1463 5273 Sed
1477 5203 1590 5272 multo
1605 5203 1723 5273 verius
1736 5205 1929 5274 definiisset
1943 5201 2036 5275 hanc
2050 5208 2157 5280 inscia·

126 5363 332 5379 ...-...
1163 5302 1248 5373 tiam
1264 5328 1337 5381 esse
1355 5305 1594 5381 obedientiam
1609 5328 1690 5396 erga
1707 5306 1835 5381 Deum.
1867 5373 1870 5377 ,
1887 5309 1956 5377 Sed
1970 5309 2077 5382 Plato
2092 5337 2157 5385 ora

154 5394 190 5501 i)
209 5433 372 5497 eoepauut]
391 5432 458 5484 aaa,
477 5433 556 5485 tuo.
572 5439 601 5486 ec
621 5435 695 5487 rste.
714 5439 853 5498 ceperunt.
1163 5406 1282 5477 dinem
1306 5406 1437 5479 virium
1451 5402 1699 5479 *lrrrmanarum
1715 5409 1814 5481 inter
1834 5434 1871 5480 se
1896 5413 2077 5496 contulit,
2103 5431 2160 5507 et:
