4544 5766
135 136 211 210 967

142 312 239 406 quod
263 310 423 381 omnium
443 311 537 382 salus
562 306 722 381 Caesaris
752 308 863 378 salute
886 309 1120 378 contineatur.

145 413 262 532 Qus]
290 439 391 508 quasr
381 413 557 482 diceret:
591 411 708 503 Opto,
733 424 773 479 ιιι
796 434 904 504 quam
926 409 1121 481 diutissime

142 517 254 587 vivas.
331 517 533 610 Doleaque]
536 513 706 597 Collatio,
733 537 802 606 qua
818 513 938 582 ruinas
954 511 1122 603 reipubli-

144 642 205 690 cae
221 619 356 688 confert
371 643 451 687 cum
471 617 582 685 veteri
604 630 698 687 statu
720 628 755 684 et
778 615 949 705 dignitate
966 614 1122 683 Romani

144 720 318 805 nominis,
344 721 516 815 docetque
530 720 668 791 restatur
684 742 758 790 non
776 743 897 809 posse,
922 717 991 789 nisi
1007 741 1123 808 opera

145 825 319 896 Caesaris.

245 926 331 1018 Cap.
346 922 438 995 VIII.
464 921 571 1016 ἓ..26
606 925 744 1014 Omnia]
777 923 885 994 Ratio
909 921 1124 1016 propositio-

143 1030 214 1099 nis:
243 1030 338 1122 Quia
358 1028 490 1098 bellum
507 1028 607 1097 civile
624 1027 778 1117 graviter
794 1026 916 1096 afflixit
932 1024 1125 1116 rempubli-

145 1158 243 1214 cam,
270 1157 376 1225 quam
395 1155 500 1202 nemo
515 1153 577 1199 sua
594 1130 784 1198 autoritate
799 1142 915 1221 potest
928 1130 1125 1210 restituere,

144 1235 214 1304 nisi
238 1247 287 1305 tu.
362 1235 508 1324 Iudicia]
540 1232 698 1303 Secunda
723 1256 804 1323 pars
827 1227 931 1300 huius
953 1229 1125 1300 orationis

36 1411 41 1418 ,
145 1337 258 1427 magis
287 1335 506 1406 consumitur
528 1335 566 1403 in
588 1336 792 1405 laudatione
817 1348 851 1403 et
875 1329 1125 1404 adhortatione

146 1438 324 1522 Caesaris,
364 1463 471 1531 quam
501 1437 732 1528 purgatione,
773 1450 807 1506 et
832 1437 892 1506 illa
922 1437 1027 1506 laude
1058 1431 1127 1504 hoc

146 1542 239 1632 agit,
266 1553 306 1610 ut
326 1541 371 1609 ad
385 1539 686 1624 moderationem,
717 1536 976 1609 humanitatem
991 1552 1026 1608 et
1039 1536 1127 1608 leni-

146 1657 254 1713 tatem
270 1643 388 1712 ssectat
403 1656 438 1713 et
456 1638 678 1713 adhortetur.
735 1641 842 1712 Extat
862 1641 987 1712 similis
1009 1640 1126 1711 oratio

144 1745 301 1816 Sallustii
325 1747 371 1814 ad
397 1745 437 1817 C.
464 1744 650 1816 Caesarem
676 1746 719 1813 de
746 1744 925 1836 republica
959 1744 1128 1813 ordinan-

145 1851 190 1927 da
205 1849 263 1942 ⁷³).
339 1849 453 1939 Fides]
480 1848 611 1919 scilicet
635 1847 851 1917 creditorum
865 1859 900 1916 et
913 1847 1128 1929 debitorum,

144 1964 343 2045 pactorum.

248 2048 279 2142 ἓ.
295 2048 356 2127 25.
381 2056 515 2145 ltaque]
538 2051 777 2142 Amplificatio
793 2075 835 2120 ex
856 2075 941 2120 voce
957 2049 1128 2121 Caesaris.

145 2156 455 2246 Sapientissimam]
488 2154 586 2223 Dicit
608 2166 755 2246 propter
775 2148 862 2237 hoc,
894 2156 992 2248 quod
1012 2152 1128 2245 sequi-

60 2296 63 2302 ·
146 2270 225 2340 tur,
251 2255 335 2350 quia
352 2269 403 2327 est
418 2257 590 2326 fortitudo
606 2270 640 2325 et
655 2256 828 2349 sapientia
845 2280 919 2325 non
934 2255 1128 2325 formidare

146 2373 313 2430 mortem.
389 2360 502 2450 Satis]
529 2359 728 2430 Concessio.
796 2361 858 2450 nt]
884 2354 1127 2451 Reprehensio

147 2486 308 2532 excausa
329 2460 439 2532 finali.
515 2467 557 2532 Iu
573 2460 824 2553 contemnenda]
849 2460 928 2530 Alia
946 2474 998 2533 est
1013 2459 1130 2552 publi-

147 2589 207 2639 cae
226 2564 318 2634 vitae
340 2563 454 2646 ratio,
486 2564 555 2634 alia
578 2564 752 2657 privatae.
809 2564 995 2634 Publiram
1017 2563 1127 2634 vitam

145 2667 296 2765 publicis
316 2667 513 2737 commodis
532 2668 741 2751 metiamur,
766 2666 942 2759 privatam
957 2667 1130 2738 libertate.

145 2771 267 2863 Saepe]
284 2769 546 2862 Repetitiones:
572 2768 799 2841 Incolumitas
815 2769 1030 2861 reipublicae
1045 2793 1130 2860 pen·

149 2876 210 2943 det
231 2898 251 2941 a
274 2886 333 2942 tua
357 2875 481 2944 salute.
545 2870 656 2963 Igitur
686 2897 761 2942 non
787 2873 939 2942 debebas
959 2884 1131 2963 spectare,

149 2976 262 3072 qualis
287 2975 352 3043 tibi
374 2975 515 3067 privato
543 2975 750 3044 conveniret
777 2974 950 3045 fortitudo
981 2975 1018 3042 in
1048 2997 1131 3042 con-

149 3079 337 3151 temnenda
380 3088 509 3145 morte.
631 3083 674 3147 Ut
708 3076 945 3169 fundamenta]
981 3075 1131 3148 Noema.

712 129 837 207 pult..
863 129 978 208 MEL.
1010 128 1213 218 SCRIPTA
1240 130 1575 232 PIIILOLOGIGA.
1657 202 1661 209 .

2077 139 2152 213 968

1276 304 1306 398 ἓ.
1322 308 1385 383 28.
1412 312 1502 394 Quae
1517 311 1664 404 quidem]
1689 307 1796 379 Redit
1810 312 1856 384 ad
1873 310 2065 384 discrimen
2082 313 2157 404 glo·

1173 410 1247 479 riae
1262 424 1297 480 et
1311 410 1555 481 admirationis
1570 436 1633 502 per
1651 413 1950 487 distributionem.

1277 510 1385 604 §.ER
1412 515 1653 606 Noudabebit]
1679 515 1801 598 idest,
1833 513 2158 588 nonhabebitcer-

1175 628 1249 683 tam
1271 616 1583 707 rempublicam,
1573 642 1609 686 ιιι
1632 643 1701 711 qua
1725 621 1968 708 praedicetur,
1994 622 2072 704 vel,
2096 617 2158 690 ha·

1173 718 1271 787 bebit
1300 718 1594 803 admirationem,
1632 722 1694 791 sed
1725 734 1845 791 tamen
1867 748 1943 792 non
1965 726 2157 814 perfectam

1175 821 1343 910 gloriam:
1381 821 1552 894 Homines
1572 822 1815 907 mirabuntur,
1850 826 1912 894 sed
1935 839 2058 896 tamen
2080 839 2154 895 turn

1174 924 1390 1008 lauda,bunt
1422 924 1452 994 si
1475 925 1728 1015 rempublicam
1754 927 1987 1000 constitueris.
2080 935 2157 1001 aru

1175 1028 1281 1117 inter]
1305 1026 1497 1117 Expolitio.
1574 1031 1690 1120 Serus]
1718 1027 1927 1105 Conclusio
1989 1034 2057 1118 Qui
2073 1034 2156 1102 med·

1174 1132 1235 1224 tis]
1261 1127 1432 1220 Epilogus
1448 1125 1725 1201 adhortatorias.

1279 1229 1309 1321 ἓ.
1334 1233 1394 1303 30.
1427 1236 1470 1302 ld
1495 1235 1620 1324 autem]
1655 1230 1867 1324 Occupatio:
1906 1233 2006 1327 Quid
2030 1237 2078 1304 ad
2103 1259 2153 1303 me

1177 1331 1347 1425 pertinet,
1386 1333 1472 1428 quid
1500 1347 1620 1424 postea
1645 1330 1807 1406 homines
1837 1337 1880 1404 de
1907 1361 1965 1406 me
1990 1337 2153 1421 iudicent,

1178 1435 1261 1529 quia
1279 1437 1397 1507 nullus
1411 1460 1532 1507 sensus
1547 1436 1622 1506 est?
1662 1436 1871 1529 Respondet
1880 1429 2010 1509 'Ciceio
2021 1469 2038 1513 ε,
2059 1440 2154 1511 Certe

1179 1539 1224 1607 ad
1252 1551 1285 1609 te
1310 1537 1480 1631 pertinet,
1507 1538 1590 1632 quia
1607 1553 1659 1610 est
1675 1540 1802 1633 aliquis
1823 1565 1944 1612 sensus
1966 1539 2155 1633 posthanc

1178 1641 1309 1726 vitam,
1342 1642 1444 1736 quasi
1460 1640 1608 1712 diceret:
1644 1644 1749 1712 debes
1764 1644 1836 1712 iam
1852 1668 1925 1714 esse
1941 1639 2011 1714 hoc
2025 1647 2153 1727 animo,

1178 1757 1219 1814 ut
1241 1743 1327 1813 velis
1349 1740 1534 1814 honestam
1563 1745 1770 1837 opinionem
1800 1746 2013 1841 relinquere.
2119 1755 2156 1819 gu

1178 1850 1313 1941 quidam
1324 1845 1428 1938 falso]
1454 1845 1669 1939 Occupatio:
1696 1847 1965 1920 Platonicorum
1985 1851 2154 1922 sententia

1178 1950 1262 2032 luit,
1295 1973 1373 2032 eos,
1408 1949 1470 2042 qui
1491 1950 1581 2019 bene
1607 1950 1793 2034 vixissent,
1830 1965 1911 2044 post
1933 1947 2027 2024 hanc
2049 1953 2154 2022 vitam

1179 2050 1307 2121 merito
1335 2051 1496 2142 praemio
1519 2052 1630 2137 affici,
1672 2066 1777 2147 atque
1801 2051 1850 2123 ita
1873 2069 2013 2146 partem
2039 2080 2156 2126 rerum

1179 2157 1268 2224 bene
1284 2166 1461 2245 gestarum
1483 2155 1529 2223 ad
1552 2154 1687 2228 autoris
1707 2157 1928 2226 voluntatem
1949 2161 2158 2229 redundare.

1179 2255 1219 2327 Id
1242 2281 1328 2326 vero
1353 2269 1556 2326 constanter
1574 2271 1683 2348 negat
1700 2255 1906 2331 Aristoteles
1927 2262 2048 2352 primo
2064 2257 2159 2331 Ethi-

1181 2385 1302 2430 corum
1311 2357 1371 2454 ⁷⁸).
1421 2356 1624 2453 Amplificat
1639 2384 1659 2430 a
1675 2363 1857 2454 paradoxo
1874 2365 2030 2457 quodam
2047 2360 2158 2458 philo·

1179 2458 1338 2556 sophico.
1636 2523 1637 2526 ,

1282 2563 1368 2654 Cap.
1381 2562 1425 2635 X.
1458 2559 1489 2655 ᾗ.
1504 2562 1564 2633 50.
1596 2563 1776 2657 Diversae]
1809 2565 1953 2657 Repetit
1974 2591 2159 2658 argumen-

1181 2681 1257 2738 tum
1272 2669 1316 2737 ab
1336 2666 1487 2735 utilitate
1506 2665 1646 2756 publica
1669 2679 1821 2737 tractum
1845 2668 1884 2737 in
1909 2665 2002 2740 hanc
2021 2683 2160 2741 senten·

1181 2771 1286 2839 tiam:
1329 2768 1433 2839 Salva
1456 2791 1531 2840 esse
1553 2769 1751 2861 respublica
1772 2794 1849 2840 non
1869 2784 2006 2863 potest,
2037 2773 2108 2844 nisi
2128 2787 2160 2843 te

1182 2872 1292 2943 salvo.
1345 2870 1629 2942 Consentaneum
1643 2871 1752 2962 igitur
1766 2896 1841 2942 non
1858 2886 1930 2958 est,
1961 2898 2036 2947 esse
2060 2901 2162 2970 quos-

1182 2977 1284 3058 dam,
1311 2973 1373 3068 qui
1397 2986 1477 3043 tuae
1500 2972 1606 3042 saluti
1630 2973 1854 3048 insidientur.
1888 2974 2016 3060 ἄλλως.
2071 2979 2162 3049 Con-

1183 3076 1312 3160 clusio,
1343 3077 1465 3170 inqua
1481 3075 1611 3166 repetit
1624 3101 1703 3145 cum
1719 3079 1874 3171 quadam
1889 3081 2163 3171 amplificatione

148 3180 343 3275 Aequitate]
369 3173 405 3250 h.
422 3203 452 3250 e.
466 3176 749 3272 Aequabilitate,
775 3191 981 3271 contemptu
995 3178 1132 3249 mortis.
1183 3181 1290 3263 illud,
1336 3181 1433 3273 quod
1463 3177 1578 3249 estin
1606 3202 1710 3249 causa
1742 3181 1994 3273 praecipuum,
2032 3184 2163 3255 scilicet

152 3277 264 3369 Quid?
289 3286 320 3351 si
334 3283 438 3372 istud]
462 3280 657 3351 Correctio.
1183 3283 1280 3377 quod
1294 3305 1356 3352 sua
1366 3280 1524 3351 bonitate
1540 3280 1794 3373 rempublicam
1808 3284 2001 3356 restituerit
2016 3286 2057 3355 in
2071 3300 2166 3357 tran-

254 3380 284 3473 §.
307 3383 367 3455 26.
405 3383 617 3479 Purum⁷⁶)]
649 3381 846 3474 Occupatio
873 3407 934 3454 seu
965 3382 1132 3455 inversio.
1184 3385 1352 3479 quillum,
1378 3408 1468 3477 quae
1484 3383 1642 3455 funditus
1662 3384 1880 3456 videbatur
1869 3388 2059 3458 mteritura
2081 3415 2165 3462 esse.

151 3489 270 3578 Immo]
304 3486 509 3570 Correctio,
550 3485 652 3581 quasi
676 3486 825 3555 diceret:
866 3498 948 3557 tuae
972 3511 1028 3555 res
1050 3497 1133 3556 sunt
1184 3488 1255 3559 Res
1271 3487 1366 3557 enim
1383 3486 1503 3555 divina
1522 3499 1573 3558 est
1585 3486 1769 3557 restituere
1792 3490 2063 3582 rempublicam.
2114 3492 2166 3564 Ex

151 3589 344 3670 eiusmodi,
372 3590 522 3683 quod
492 3614 541 3659 ers
565 3585 681 3658 adhuc
705 3588 841 3683 aliquid
865 3573 966 3661 desit.
1022 3585 1133 3680 Igitur
1184 3592 1244 3659 illa
1272 3589 1516 3680 magnitudine
1544 3589 1795 3660 beneficiorum
1828 3593 1961 3684 colligit
1985 3595 2166 3666 neminem

151 3716 225 3761 non
240 3686 347 3761 habes
363 3694 552 3782 perfectam
568 3692 731 3782 gloriam.
796 3691 973 3790 Quicquid]
1000 3691 1133 3763 Minor.
1185 3717 1280 3777 esse,
1313 3692 1376 3787 qui
1397 3716 1431 3761 er
1419 3691 1653 3773 insidietur,
1687 3692 1718 3763 si
1742 3706 1862 3765 autern
1882 3696 1973 3779 sint,
2007 3697 2166 3789 ingratos

154 3799 246 3881 Quod
261 3794 306 3885 si]
334 3794 465 3866 Minor.
530 3795 722 3890 Siquidem]
748 3793 878 3865 Maior.
942 3796 1133 3890 Siquidem]
1186 3821 1271 3868 esse.
1363 3795 1553 3886 Diversae]
1574 3792 1808 3884 Exaggeratio
1830 3798 2055 3889 publicarum
2079 3802 2167 3871 cala·

150 3895 333 3968 Definitio.
1185 3900 1349 3969 mitatum
1363 3920 1427 3987 per
1443 3895 1713 4013 incrementum.
1782 3904 1986 3994 deperiret]
2010 3901 2167 3995 Exagge-

255 3999 342 4092 Cap.
357 3996 415 4068 IX.
449 3993 555 4089 §.22
584 4003 678 4070 Haec
701 3949 822 4089 igitur]
853 3995 1024 4089 Epilogus
1045 3997 1136 4067 dilu-
1185 4001 1280 4072 ratio
1296 4011 1366 4082 est,
1393 4000 1491 4092 quod
1503 4022 1615 4067 anama
1604 3998 1759 4070 suerrnt
1774 4002 1920 4088 dubu
1889 4027 2073 4098 mquam
2087 4030 2165 4099 par

154 4102 280 4186 tionis,
319 4129 381 4174 seu
409 4102 588 4172 conclusio
619 4096 724 4171 huius
752 4100 957 4192 syllogismi.
1039 4106 1136 4173 Satis
1187 4118 1257 4174 tem
1275 4098 1422 4170 honeste
1437 4125 1474 4170 se
1492 4103 1651 4171 conferre
1666 4104 1846 4176 deberent.
1921 4110 2075 4203 Liceret]
2099 4105 2167 4179 hoc

153 4207 226 4298 diu]
262 4206 384 4274 Tertia
408 4230 491 4323 pars
514 4187 714 4287 dilationis,
756 4228 826 4296 qua
850 4203 997 4284 refellit,
1038 4203 1135 4296 quod
1187 4220 1257 4291 est,
1282 4203 1585 4288 aliiconserebant
1601 4230 1637 4275 se
1654 4207 1700 4275 ad
1723 4201 1892 4279 honestos
1913 4222 1947 4278 et
1969 4210 2086 4283 bonos
2105 4214 2167 4281 du·

155 4308 260 4392 dicit,
294 4334 331 4379 se
351 4308 435 4378 satis
459 4307 520 4378 diu
541 4307 679 4378 vixisse.
762 4309 850 4423 Quid
866 4304 1033 4400 euim⁷⁷)]
1066 4305 1135 4374 Re·
1187 4335 1260 4394 ces,
1293 4330 1368 4375 non
1391 4306 1509 4377 studio
1532 4307 1767 4399 reipublicae,
1799 4311 1861 4381 sed
1882 4334 1986 4382 eausa
2010 4314 2168 4406 privato·

155 4404 344 4504 prehensio
362 4411 649 4502 particulaediu,
677 4433 778 4526 quasr
768 4408 943 4477 diceret:
976 4407 1059 4477 Non
1076 4409 1136 4477 de·
1186 4437 1266 4482 rum
1283 4408 1528 4500 negotiorum,
1555 4423 1590 4480 et
1607 4412 1816 4502 perficiendi
1835 4437 1908 4498 res,
1935 4440 2026 4509 quas
2050 4418 2167 4510 cupie-

154 4513 216 4582 bes
232 4513 351 4582 metiri
366 4526 522 4604 tempus,
548 4514 609 4583 sed
624 4511 797 4631 respicere
813 4510 1075 4593 aeternitatem,
1101 4524 1137 4580 et
1186 4516 1284 4585 bant.
1420 4515 1424 4529 '

156 4626 209 4687 est
221 4627 362 4706 sumpta
377 4641 418 4686 ex
432 4616 620 4688 collatione
635 4615 728 4685 vitae
744 4614 923 4706 periturae
941 4625 975 4682 et
990 4613 1136 4683 immor·
1290 4611 1321 4706 ἓ.
1338 4614 1398 4685 31.
1423 4615 1554 4706 Iratus]
1580 4613 1883 4688 Commemoratio
1902 4620 2168 4696 beneficiorum.

156 4716 315 4789 talitatis.
389 4720 611 4815 Quamquam]
638 4716 842 4808 Castigatip.
913 4717 1136 4812 Quamquam]
1187 4720 1319 4811 Posita]
1346 4716 1448 4811 quasi
1469 4715 1617 4787 diceret:
1643 4719 1789 4813 quidam
1806 4721 1900 4792 ultro
1925 4747 2000 4793 sese
2025 4726 2168 4796 dedide-

156 4820 377 4892 Antecedens
405 4845 468 4891 seu
499 4822 634 4904 maior,
677 4820 778 4914 quasi
802 4821 950 4889 diceret:
992 4819 1052 4890 illa
1075 4831 1135 4889 tua
1187 4833 1283 4892 runt.
1333 4819 1456 4890 Cicero
1472 4819 1628 4892 discessrt
1641 4821 1736 4891 ultro
1749 4824 1794 4893 ab
1810 4825 1936 4910 armis,
1968 4839 2004 4897 et
2019 4830 2166 4901 contulit

158 4926 228 4995 vita
246 4938 298 4995 est
313 4923 485 4993 memoria
503 4923 731 5014 posteritatis.
1188 4948 1223 4994 se
1248 4926 1293 4992 ad
1314 4923 1512 4993 Caesarem.
1586 4927 1821 5041 liberatus]
1847 4926 2078 5025 Consequens
2101 4946 2164 5004 est:

1187 5025 1350 5117 Ingratus
1366 5025 1425 5095 ille
1442 5037 1511 5108 est,
1534 5024 1645 5118 quite
1661 5023 1776 5099 adhuc
1796 5030 1889 5116 odit,
1915 5033 1976 5102 sed
1992 5034 2078 5143 quia
2098 5037 2167 5106 bel-

191 5129 241 5191 ⁷⁶)
258 5131 335 5181 Duae
351 5128 388 5181 ad
404 5127 435 5180 G.
453 5125 602 5179 Caesarem
620 5124 654 5173 do
671 5121 810 5186 republlca
826 5121 981 5176 ordinanda
996 5121 1137 5175 orationes
1186 5131 1260 5200 lum
1275 5130 1435 5199 sedatum
1458 5140 1510 5199 es]
1530 5139 1590 5197 tua
1613 5131 1806 5225 aequitate:
1842 5158 1925 5227 ergo
1948 5160 2075 5210 omnes
2095 5162 2165 5211 gam

227 5198 361 5250 lattoatto
377 5196 534 5259 ausuque
551 5193 580 5243 tn
596 5193 676 5242 tutus
693 5192 820 5255 operibus
837 5193 957 5245 exstant.

190 5285 240 5344 76)
260 5279 611 5344 Parum]sIcEd.1568.;
636 5277 686 5329 lta.
706 5275 793 5329 orell.
813 5276 966 5329 Parumne.

191 5370 240 5430 77)
259 5371 336 5436 Quid
352 5371 441 5431 cutm]
460 5369 501 5420 stc
517 5367 567 5420 aa.
585 5364 679 5432 1668.;
700 5363 751 5416 ud.
770 5362 856 5416 tirell.
873 5363 950 5429 Quid
965 5363 1010 5418 ut
1026 5362 1112 5420 mm
1220 5360 1271 5426 78)
1288 5361 1368 5416 (tout.
1385 5361 1472 5424 Atlst.
1488 5363 1551 5418 ato.
1568 5363 1628 5419 Nlo.
1639 5364 1663 5432 1,
1681 5365 1706 5417 t.
