4544 5766
184 157 261 233 oss
452 152 654 229 scauri
679 154 757 230 ru.
783 152 898 231 ttae.
921 155 989 229 ao
1014 155 1227 237 crucan
1251 159 1321 236 ar
1346 163 1610 245 roamcau
1638 168 1952 248 seacrmrn.
2054 134 2060 144 ’
2142 174 2224 251 sss

1589 340 1728 454 Caput
1746 338 1856 461 ΙΙΙ).

1331 484 1486 556 Secundi
1510 488 1635 582 capitis
1658 496 1859 586 propositio
1884 508 1953 565 esl:
1991 492 2141 568 Necesse
2158 509 2222 578 est,

1230 584 1386 679 aliquem
1410 615 1484 662 esse
1506 606 1703 666 extremum
1729 610 1764 666 et
1787 598 1955 668 ultimum
1973 599 2081 667 linem
2104 594 2223 668 homi·

1233 742 1440 762 Ἢ

184 343 279 400 artes
295 340 379 399 sunt
394 328 635 421 augustiores,
661 341 696 399 et
711 328 873 400 serviunt
886 329 1107 423 potioribus,
1133 347 1175 404 ut

185 458 243 503 ars
257 433 429 526 equestris
444 432 554 501 servit
576 431 647 500 arti
667 432 933 524 imperatoriae.
990 435 1085 508 Nam
1107 437 1175 504 im·

186 536 368 628 peratoria
382 535 497 604 mtrlto
512 535 614 625 plura
632 533 890 627 complectitur.
937 534 1007 608 Ars
1020 540 1176 609 sorensis

186 639 296 709 servit
308 637 493 729 politicae:
526 661 611 705 nam
627 636 772 729 politica
791 638 1039 730 complectitur
1054 644 1176 711 loren-

185 767 259 811 sem
289 753 323 808 el
350 740 580 810 senatoriam.
643 740 743 812 Finis
763 737 918 825 ethicae,
953 739 1176 839 virlelieet*),

184 846 275 912 bene
286 855 320 911 et
333 842 436 911 beate
444 842 576 928 vivere,
594 843 840 936 complectitur
848 844 1010 916 omnium
1023 847 1175 917 aliarum

186 948 284 1014 lines.
343 943 426 1013 Ideo
450 942 544 1015 hane
565 960 671 1015 vocat
694 943 1025 1034 architectonicam,
1050 951 1089 1019 id
1113 963 1176 1032 est,

186 1048 472 1138 gubernatricem
495 1063 530 1118 et
554 1049 789 1142 principalem
810 1063 945 1133 artem,
976 1066 1017 1122 ut
1040 1055 1070 1123 si
1097 1053 1176 1147 quis

186 1151 303 1233 (licat,
353 1151 565 1242 religionem
608 1178 681 1223 esse
725 1148 1040 1229 architectonicam
1076 1156 1176 1227 iuris.

184 1254 281 1322 llaec
297 1266 379 1323 sunl
393 1255 497 1324 exilia
516 1254 637 1338 initia,
664 1280 729 1324 nec
747 1257 967 1346 effingendae
984 1271 1067 1327 sunt
1087 1259 1176 1327 tiliae

99 1413 102 1418 .
186 1356 425 1450 quaestiones.
491 1358 560 1427 Sed
588 1370 630 1428 ul
657 1359 697 1427 in
719 1360 943 1449 geometricis
965 1360 1067 1429 initia
1094 1374 1178 1431 sunt

186 1459 391 1550 perspicua,
429 1460 478 1529 ita
502 1457 561 1530 hic
581 1457 673 1530 nihil
698 1475 750 1532 esl
771 1461 1008 1532 obscuritatis.
1075 1464 1176 1534 Ortlo

185 1574 307 1629 tamen
331 1564 622 1654 propositionum
648 1564 875 1647 observetur,
909 1577 943 1632 et
968 1565 1082 1636 sciant
1106 1580 1178 1636 stu-

186 1663 276 1734 tliosi
293 1667 450 1755 prinmm
466 1663 561 1736 hisne
580 1669 715 1735 {nclitum
732 1694 773 1736 cx
792 1663 948 1760 physicis
965 1668 1067 1751 oriri,
1087 1694 1177 1762 <prae

187 1769 318 1835 elocent
352 1783 508 1862 cqtrattuor
540 1795 612 1839 csse
643 1770 828 1840 cuiuslibet
861 1783 1012 1839 naturae
1044 1796 1178 1841 causas.

186 1869 375 1962 Quaerunt
404 1871 511 1962 igilur
535 1874 580 1940 acl
605 1897 711 1965 quem
735 1876 862 1955 linem,
901 1873 975 1942 'sive
1001 1876 1045 1942 atl
1071 1899 1176 1968 quem

185 1973 419 2065 praecipuum
438 2000 541 2046 usum
559 1971 725 2045 homines
743 1989 937 2045 nascantur
949 1974 994 2070 ²).

1298 838 1383 900 dunt.
1419 841 1447 889 et
1477 840 1617 904 plerisque
1640 841 1709 892 locis
1733 843 1845 895 vincere
1868 845 2019 895 subtilitate
2043 845 2222 898 Aristotelen

1297 909 1422 973 certant,
1458 914 1488 958 et
1512 909 1668 959 sententias
1692 915 1872 974 quamtumvis
1894 914 2032 963 stthtlliter
2055 916 2223 980 propositas,

1297 976 1384 1039 magis
1404 977 1486 1026 etlam
1504 978 1602 1028 limare
1622 980 1749 1045 student,
1780 984 1808 1031 et
1831 996 1912 1045 qtrrsm
1929 983 1957 1032 ld
1974 996 2059 1047 agere
2076 984 2223 1049 debebant,

1297 1056 1333 1092 ne
1352 1044 1514 1095 viderentur
1532 1058 1549 1097 a
1567 1048 1752 1097 communibus
1776 1050 1948 1113 opinionibus
1972 1052 2145 1114 prudentium
2170 1056 2221 1104 ab·

1297 1115 1413 1162 horrere
1430 1116 1497 1164 haec
1514 1120 1678 1182 praecepta,
1698 1119 1744 1167 isti
1762 1120 1908 1170 ambitione
1926 1120 2040 1182 qttadam
2060 1134 2139 1184 quam
2157 1122 2221 1172 iun·

1298 1182 1411 1244 gissime
1429 1183 1539 1233 student
1557 1184 1698 1235 discedere
1718 1198 1735 1235 a
1753 1192 1833 1248 cornu
1851 1189 1969 1238 aliorum
1988 1191 2133 1241 hominurn.
2179 1192 2222 1241 lta

1297 1251 1399 1300 lituae
1424 1252 1604 1315 intelligendo
1628 1255 1694 1304 nibil
1720 1258 1750 1303 ut
1776 1257 1962 1323 intelligatur,
1995 1262 2023 1308 et
2048 1259 2222 1323 philosophh

1299 1330 1354 1367 trun
1385 1321 1420 1369 ad
1445 1322 1603 1371 indicandas
1628 1324 1725 1372 civiles
1750 1326 1873 1374 actiones
1899 1332 2057 1388 comparata
2079 1328 2221 1387 videatur,

1300 1389 1348 1436 sed
1381 1390 1506 1440 videatur
1530 1392 1609 1439 luders
1633 1392 1742 1455 quidum
1770 1406 1831 1442 csse
1857 1395 2004 1446 otiosorum
2030 1397 2167 1448 hominum
2191 1398 2220 1447 in

1299 1458 1401 1505 scholis
1418 1460 1618 1508 altercantium.
1660 1462 1716 1509 b'os
1734 1475 1802 1510 vcro
1822 1476 1871 1524 pro
1890 1465 1994 1514 viribus
2011 1467 2134 1516 dabimus
2151 1479 2220 1531 ope-

1298 1537 1374 1588 ram,
1393 1531 1421 1576 et
1439 1533 1469 1576 nt
1487 1528 1611 1589 populari
1627 1542 1731 1592 genere
1749 1533 1902 1587 sermonis,
1923 1537 1949 1583 et
1967 1536 2044 1584 reicit
2056 1535 2152 1598 pingui
2165 1536 2220 1584 Mi·

1299 1606 1402 1660 nerva,
1422 1608 1455 1646 ea
1472 1609 1542 1659 qliae
1561 1600 1625 1645 stant
1643 1603 1676 1647 ab
1694 1600 1844 1648 Aristotele
1862 1603 1989 1651 sulttilius
2007 1603 2109 1654 tradita
2126 1604 2220 1667 expli-

1299 1676 1406 1727 cemus,
1425 1666 1643 1728 elllcianmsque.
1662 1670 1692 1716 ut
1710 1679 1763 1716 nort
1784 1669 1941 1733 longissime
1952 1684 1970 1720 a
1982 1672 2058 1735 vulgi
2075 1673 2220 1723 intellectu

1298 1734 1388 1793 posita
1406 1734 1561 1783 videantur.
1587 1735 1633 1782 sle
1650 1741 1740 1785 autem
1761 1738 1867 1787 laclllus
1886 1740 2076 1799 intelligentur
2093 1743 2178 1798 haec,
2195 1739 2220 1790 si

1299 1813 1383 1862 saepae
1400 1815 1567 1852 corusrmnenr
1585 1816 1695 1853 sensum
1713 1808 1858 1855 consulent
1875 1809 2031 1863 auditores.
2061 1812 2089 1859 et
2106 1812 2218 1875 cogita-

1299 1871 1364 1918 bunt
1381 1872 1416 1919 ad
1434 1885 1512 1933 quem
1529 1885 1607 1920 usum
1625 1874 1691 1922 haec
1707 1878 1852 1937 praecepta
1869 1877 1981 1928 iuventa
1993 1879 2064 1939 sint,
2083 1881 2220 1941 quomodo

1298 1950 1315 1987 a
1333 1944 1433 1989 tratura
1451 1943 1528 2005 orta,
1547 1943 1575 1990 et
1592 1952 1609 1989 a
1627 1943 1804 2002 prudentibus
1821 1945 2014 1997 animadversa
2031 1947 2086 1996 sint
2102 1948 2140 1997 ad
2157 1950 2220 1999 ior-

1298 2009 1398 2057 manda
1422 2008 1520 2058 iudicia
1543 2009 1678 2059 homiuum
1703 2012 1737 2060 de
1760 2013 1888 2064 moribus.
1931 2015 1997 2063 llius
2020 2017 2059 2066 rei
2077 2016 2221 2068 sublicium

224 2151 257 2219 ²⁸¹)
276 2154 417 2215 videlicet]
435 2155 475 2203 sio
492 2155 541 2204 lad.
561 2154 651 2213 tame
676 2156 724 2204 nti.
745 2156 820 2205 abab.
839 2154 952 2205 utinam.

222 2222 254 2287 2)
273 2224 357 2275 Editt.
379 2224 469 2280 taso..
498 2224 573 2273 1532.
592 2227 619 2273 et
640 2225 713 2275 1535.
732 2238 782 2287 pro
800 2226 871 2289 iliis,
899 2236 968 2287 quae
992 2222 1086 2275 verbis
1109 2224 1180 2288 „De

257 2289 369 2341 'l'extu’'
388 2298 416 2343 et
434 2292 550 2357 „Caput
568 2288 707 2355 primum”
727 2294 861 2356 inscripta
878 2297 958 2357 stant,
978 2294 1045 2343 hacc
1063 2294 1178 2344 habent:

492 2396 733 2479 Argumentum
757 2396 851 2476 primi
873 2394 952 2457 libri.

324 2497 432 2547 Primus
453 2495 524 2545 iiber
543 2496 691 2546 ethicorum
710 2497 789 2545 docet
807 2507 868 2545 esse
886 2495 1004 2557 aliquem
1021 2494 1118 2553 tinem,
1144 2494 1179 2543 ati

256 2579 333 2629 quem
353 2566 475 2616 immines
493 2566 602 2627 proprie
621 2565 723 2614 conditi
747 2566 820 2625 sint,
852 2577 965 2626 etlmque
990 2565 1073 2613 itatem
1097 2565 1179 2611 vocat

254 2635 436 2684 foelicitatem.
480 2635 594 2698 Colligit
619 2637 710 2683 autem
735 2637 812 2682 certa
836 2633 1071 2682 demonstratione
1098 2634 1178 2681 linem

255 2704 371 2753 bortrinis
390 2717 451 2752 csse
470 2704 602 2752 virtutem
620 2715 667 2751 seu
687 2703 822 2752 actionem
840 2702 968 2759 virtutis,
988 2700 1050 2762 quia
1069 2699 1179 2762 propria

254 2774 325 2824 aetio
344 2773 553 2834 utritrscuiusque
571 2772 612 2821 rei
630 2771 693 2821 lillis
707 2772 766 2820 eius
784 2773 843 2831 est,
864 2772 934 2817 sient
952 2770 1020 2818 solis
1036 2769 1179 2817 iilustrare

258 2844 403 2896 strandum.
421 2842 484 2890 linis
502 2845 543 2888 est
560 2852 592 2889 ac
605 2841 743 2901 prtmrium
756 2852 834 2899 oritis.
869 2838 993 2885 iiorninis
1006 2842 1096 2886 atatem
1112 2850 1177 2897 pro-

255 2911 317 2973 pria
334 2912 405 2960 actio
425 2912 482 2969 est,
504 2909 576 2957 actio
595 2908 741 2956 seerurdum
760 2907 898 2957 virtutem.
935 2906 1003 2954 hain
1020 2906 1178 2966 voluptates

257 2992 386 3028 sensuum
403 2980 467 3025 sum
485 2976 563 3025 nobis
580 2987 735 3024 comnrtmes
753 2988 811 3022 eum
830 2974 984 3034 pecudibus.
1028 2974 1077 3021 list
1095 2973 1178 3035 igitur

256 3049 320 3097 illlis
338 3046 454 3095 hominis
471 3044 542 3093 aelio
562 3043 709 3092 secuudum
728 3043 867 3090 virtutem.
915 3045 951 3090 nt
975 3042 1003 3090 in
1022 3043 1072 3090 hoe
1090 3052 1177 3102 argu-

257 3120 349 3165 mento
367 3114 427 3164 lere
444 3115 519 3161 totus
540 3113 643 3174 prinms
664 3110 732 3160 liber
750 3112 928 3160 consumitur.
963 3112 1013 3159 list
1026 3113 1115 3158 etitem
1134 3110 1177 3157 iu-

258 3185 373 3233 cundum
401 3182 513 3239 videre,
549 3180 682 3243 qtroomdo
713 3179 785 3229 ratio
814 3179 1024 3240 deprehenderit
1049 3179 1179 3226 virtutem

257 3255 385 3315 optiomm
404 3263 482 3309 esse,
501 3250 528 3298 et
547 3249 755 3313 praeferendam
768 3261 829 3298 esse
845 3249 968 3297 onlrribus
981 3247 1177 3309 voluptatibus,

258 3324 286 3369 et
306 3320 429 3385 omuibus
451 3319 526 3366 vitae
550 3317 712 3375 etlnmmdis,
743 3329 794 3368 nee
819 3328 837 3365 a
859 3317 963 3365 virtute
987 3315 1177 3365 discedendum

258 3401 319 3439 esse
337 3392 449 3452 propter
467 3388 539 3436 scitas
558 3386 681 3448 quamvis
700 3398 813 3450 inagnas
831 3386 973 3434 utilitates.
1014 3385 1076 3434 ilrit
1094 3384 1177 3444 igitur

259 3460 342 3521 llaec,
361 3458 384 3505 si
403 3457 579 3508 Aristotelem
597 3469 757 3518 sequenmr,
785 3455 872 3518 prima
890 3459 1005 3503 nattrrae
1024 3454 1069 3502 lex
1086 3454 1177 3501 virtu-

258 3533 312 3578 tem
330 3540 391 3576 esse
409 3526 489 3576 linem
509 3525 640 3586 lromihis,
671 3538 719 3572 seu
741 3526 874 3573 virtutem
898 3534 965 3585 prae
984 3521 1108 3572 outlrilms
1127 3536 1176 3570 ex-

257 3597 312 3660 peti
331 3597 447 3651 debore,
478 3597 560 3657 atque
578 3593 640 3641 hine
657 3596 716 3643 tuta
734 3593 844 3641 vivendi
864 3593 935 3642 ratio
954 3593 1065 3654 petitur.
1109 3592 1177 3639 ilinc

257 3666 330 3726 apud
352 3665 502 3725 scriptores
525 3664 626 3712 attritae
647 3664 800 3711 sententiae
825 3663 987 3721 tcalnmtur,
1023 3660 1111 3722 qualis
1134 3664 1177 3708 est

257 3735 324 3783 haec
341 3733 413 3793 apud
431 3733 568 3780 llemosth.
588 3731 611 3779 l.
625 3731 740 3792 Philipp.
773 3732 832 3793 Ego
851 3731 923 3780 euim
941 3729 1068 3778 existimo
1088 3729 1177 3777 maxi-

257 3813 328 3851 mam
347 3801 538 3850 necessitatem
557 3799 659 3848 liberos
676 3799 870 3861 turpitudinem
885 3811 932 3847 seu
947 3798 1064 3846 dedecus
1077 3798 1176 3846 dooere

257 3871 373 3919 debere:
398 3872 426 3918 et
446 3866 631 3916 iurisconsulti
649 3868 721 3916 iuter
741 3867 807 3916 ilaris
825 3870 972 3928 praecepta
990 3866 1105 3928 primum
1123 3879 1176 3914 nn·

257 3942 365 3989 merant
383 3938 499 3986 honeste
516 3936 628 3993 vivere,
647 3939 676 3984 ot
693 3936 850 3994 significent
868 3938 996 3984 natttram
1013 3947 1064 3984 nos
1078 3934 1177 3983 docere

257 4009 404 4064 virtutem,
428 4019 483 4054 uon
502 4008 614 4067 propter
632 4005 767 4054 utilitates
785 4005 875 4069 sallas,
906 4002 954 4051 sed
973 4008 1086 4065 propter
1103 4016 1176 4067 sese,

195 4128 198 4134 ,
257 4076 438 4138 expetendam
456 4087 517 4124 esse
534 4072 680 4131 iustitium,
702 4074 842 4123 colendam
860 4085 939 4127 esse,
961 4072 1066 4122 etiamsi
1084 4073 1177 4122 nullae

256 4156 361 4208 poenae
374 4145 401 4193 in
416 4144 534 4194 iniustos
547 4143 711 4192 constitutae
725 4147 827 4192 essent.
854 4143 919 4191 item
935 4140 1070 4190 utilitates
1082 4153 1177 4191 amares

259 4227 322 4264 esse
338 4213 543 4277 postponendas
560 4211 666 4264 virtuti.

325 4286 377 4336 Est
396 4288 423 4332 et
443 4285 492 4332 boe
507 4281 722 4343 observandam,
742 4280 813 4342 qnod
826 4281 903 4343 leges
915 4281 1030 4327 natiuae
1046 4279 1110 4326 sant
1123 4290 1176 4326 no-

257 4351 335 4401 litiae
353 4353 485 4415 quaedum
502 4363 557 4399 lton
575 4349 704 4407 allectus,
733 4348 787 4398 ium
806 4360 841 4398 ne
860 4351 1047 4408 obtemperant
1068 4347 1175 4408 quidem

258 4421 300 4468 his
317 4421 438 4471 allectus.
474 4420 559 4469 Neruo
578 4419 649 4467 enim
668 4419 797 4467 virtutem
816 4421 927 4479 propter
941 4428 973 4464 se
990 4415 1109 4479 expetit,
1127 4416 1176 4464 sed

258 4489 386 4550 praemiis
399 4493 445 4538 aut
458 4489 554 4550 poenis
566 4490 710 4536 moventur
725 4499 826 4536 omnes.
863 4486 894 4534 id
908 4483 1074 4547 significavit
1085 4489 1176 4546 pocta.

257 4558 293 4605 Et
311 4557 358 4604 vix
375 4558 500 4608 invenias
518 4557 610 4604 multis
629 4569 644 4605 e
663 4556 782 4606 millibus
801 4567 893 4618 unum,
912 4552 1041 4603 virtutem
1059 4553 1176 4614 pretium

258 4624 304 4687 qrti
321 4629 397 4687 putet
416 4638 477 4676 esse
492 4624 544 4675 sui.

328 4708 1107 4772 ottarationeAristoteIessittractandus.

327 4779 493 4830 Aristoteles
523 4779 588 4827 exili
621 4778 735 4839 quodam
759 4790 792 4826 au
816 4779 891 4828 tenui
917 4789 1019 4841 gessere
1042 4778 1176 4827 orationis

258 4862 325 4899 usus
342 4853 401 4901 est.
420 4852 447 4897 et
466 4848 500 4896 de
518 4850 598 4895 retum
614 4858 669 4895 non
688 4848 802 4896 remotis
818 4859 836 4897 a
852 4847 977 4910 populari
991 4856 1089 4911 sensu,
1108 4859 1175 4897 ora-

258 4921 332 4969 tioue
351 4918 435 4966 utitur
453 4928 509 4964 non
527 4916 637 4965 omnino
655 4917 790 4977 populari.
824 4916 920 4978 ltaque
935 4927 1018 4978 saepe
1035 4914 1175 4980 interpre-

258 4994 302 5037 tes
321 4990 432 5049 propter
452 4985 588 5035 inscitiam
605 4982 740 5033 aerumnis
758 4985 792 5034 de
808 4985 901 5033 verbis
919 4985 1062 5043 rixantur,
1080 4987 1108 5035 et
1120 4997 1175 5035 uon

257 5058 337 5108 ruodo
356 5068 410 5104 nou
429 5055 566 5115 explicant
584 5053 765 5111 sententiam,
799 5053 849 5102 sed
864 5053 953 5116 magis
975 5054 1056 5103 etiam
1073 5050 1175 5103 intem-

258 5125 374 5190 pestivis
389 5125 444 5172 iliis
460 5125 603 5172 verborum
617 5122 760 5170 cainumlis
776 5125 930 5171 obscurant.
966 5124 1070 5187 Saepe,
1088 5135 1175 5186 quau-

257 5206 336 5258 quam
355 5193 518 5241 setltentiam
536 5191 675 5253 assequuti
693 5194 773 5247 sarrit,
791 5194 882 5239 tanien
900 5189 1028 5251 qttianon
1043 5196 1176 5240 enarrant

258 5262 382 5328 popinari
400 5274 504 5321 genere
521 5260 670 5323 orationis,
688 5272 739 5308 neo
754 5259 879 5308 reierunt
896 5258 963 5306 haec
979 5260 1175 5321 praeceptaria

1300 2079 1458 2137 exemplum.
1493 2078 1659 2127 Aristoteles
1683 2082 1764 2129 linem
1788 2082 1904 2130 iionlinis
1928 2096 1988 2133 esse
2014 2087 2145 2136 virtutem
2169 2099 2221 2137 sen

1299 2143 1413 2194 virttltis
1429 2148 1580 2201 actionem.
1609 2148 1720 2213 scribit,
1752 2150 1904 2210 quodcum
1930 2153 1980 2201 hoc
2002 2155 2081 2203 rrrodo
2100 2155 2222 2207 technici

1299 2213 1406 2272 dicunt,
1429 2218 1463 2265 ab
1482 2216 1633 2265 hominibus
1649 2217 1783 2278 imperitis
1800 2230 1855 2268 nors
1872 2222 1942 2269 satis
1958 2222 2134 2283 intelligitur.
2168 2226 2221 2274 ila

1299 2283 1370 2331 euim
1389 2284 1553 2347 gravissima
1576 2287 1715 2335 sententia
1733 2298 1853 2349 quaeque
1871 2289 1899 2338 iu
1918 2291 1990 2339 onrnl
2007 2282 2065 2342 vite
2082 2293 2221 2344 latissime

1298 2355 1389 2415 patet,
1421 2353 1542 2401 breviter
1567 2356 1594 2401 et
1612 2355 1756 2404 subtilibus
1773 2356 1866 2404 verbis
1886 2358 1996 2410 tradita.
2045 2361 2220 2415 licitantem

1299 2420 1386 2483 tnagis
1403 2422 1561 2484 perspicua,
1579 2422 1604 2470 sl
1622 2424 1682 2485 quis
1701 2424 1819 2473 civiliter
1837 2427 1971 2491 explicet,
1991 2431 2018 2478 et
2035 2430 2165 2481 ostendat
2183 2443 2221 2482 eo

1297 2491 1438 2550 pertinere
1454 2492 1522 2539 hanc
1545 2492 1725 2556 sententiam,
1755 2494 1826 2554 quod
1849 2500 1950 2546 statura
1973 2498 2090 2548 humana
2111 2502 2222 2550 statuat

1298 2569 1331 2606 ac
1348 2558 1447 2608 iudicet
1465 2559 1531 2607 nihii
1550 2573 1612 2608 esse
1629 2560 1726 2610 meiius
1743 2562 1865 2625 virtute,
1884 2576 1934 2614 nee
1951 2579 2068 2628 unquam
2080 2570 2114 2617 ab
2127 2569 2218 2618 hone·

1299 2631 1372 2677 state
1390 2631 1502 2691 propter
1519 2629 1654 2678 utilitates
1678 2630 1749 2678 tritas
1773 2631 1963 2685 discedendum
1982 2648 2059 2690 esse.
2090 2648 2143 2687 nec
2163 2649 2218 2686 vo-

1298 2697 1419 2758 luptates
1437 2699 1508 2747 tritas
1527 2710 1588 2745 esse
1605 2701 1702 2747 contra
1719 2699 1889 2750 honestatem
1906 2705 2116 2765 arripieeteodas.
2144 2706 2219 2756 Nul-

1297 2766 1333 2815 lis
1349 2766 1478 2828 periculis
1495 2766 1658 2828 propositis,
1687 2767 1771 2815 nciliis
1797 2770 1961 2820 cruciatibus
1980 2774 2014 2822 ab
2032 2776 2147 2824 honesto
2166 2775 2220 2824 de·

1297 2835 1457 2885 flectendum
1476 2847 1546 2885 esse.
1581 2836 1666 2884 iicete
1682 2836 1765 2898 igitur
1778 2837 1902 2900 Regulus
1913 2842 1993 2901 iecit,
2012 2843 2083 2905 quod
2098 2844 2136 2893 ad
2148 2857 2219 2905 sup-

1299 2904 1407 2965 plicium
1427 2903 1535 2967 redire,
1554 2916 1633 2965 quam
1652 2905 1759 2953 violare
1777 2906 1964 2959 iusiurandum
1981 2913 2085 2964 rnaitrit.
2128 2911 2219 2964 arse·

1298 2974 1373 3021 clarc
1390 2971 1571 3037 Papinianus,
1592 2973 1663 3033 qtrod
1681 2974 1795 3025 mortem
1815 2981 1960 3037 oppetere,
1987 2993 2065 3041 quam
2084 2980 2220 3044 principis

1299 3041 1735 3103 perric-laiumdeterruerenulult.
1761 3044 1859 3092 illelius
1869 3049 2003 3097 scaevola
2015 3051 2089 3105 lecit,
2106 3049 2218 3100 etia-si

1299 3111 1326 3160 in
1345 3110 1393 3158 iiio
1414 3109 1490 3173 ioco.
1508 3110 1536 3158 in
1557 3122 1608 3172 quo
1622 3112 1746 3160 ambusta
1757 3125 1853 3161 martiis
1865 3118 1924 3179 est,
1941 3122 2118 3181 consumptus
2129 3123 2218 3181 esset,

1298 3190 1377 3242 qttam
1394 3178 1517 3237 t'itelllt,
1548 3177 1592 3241 qul
1617 3180 1734 3240 patriam
1751 3184 1874 3243 tyratmo
1892 3182 2004 3247 expulso
2023 3187 2218 3250 prodiderunt,

1298 3247 1405 3299 etiamsi
1428 3247 1552 3296 licuisset
1574 3247 1630 3295 iilis
1653 3250 1781 3298 restituto
1800 3256 1920 3313 tyranno
1939 3254 1967 3302 in
1986 3256 2076 3317 patria
2092 3257 2218 3306 molliter

1297 3317 1403 3366 vivere.
1440 3317 1515 3365 llaec
1532 3316 1603 3364 enim
1620 3320 1736 3367 naturae
1753 3332 1808 3368 vox
1827 3321 1854 3368 in
1873 3321 1978 3372 irttimis
1998 3327 2100 3386 scripta
2122 3325 2216 3375 seusi-

1298 3390 1347 3437 bus
1363 3384 1515 3434 animorum
1533 3386 1690 3434 austrorum
1707 3399 1815 3449 semper
1833 3390 1959 3440 hortatur
1982 3405 2050 3451 nos,
2084 3406 2119 3442 ue
2144 3405 2217 3457 quas

1297 3454 1431 3504 utilitates
1448 3457 1496 3502 aut
1513 3454 1670 3515 voitrptates
1687 3455 1783 3505 virtuti
1801 3462 1995 3518 praeferamus.
2032 3464 2067 3511 lit
2084 3463 2127 3512 hic
2138 3467 2217 3512 totus

1296 3526 1374 3574 loeus
1392 3534 1469 3585 quam
1489 3524 1544 3572 late
1561 3527 1670 3584 pateat,
1703 3524 1730 3572 lu
1755 3527 1827 3575 ouini
1847 3528 1904 3577 vita
1922 3531 2003 3579 facile
2021 3535 2063 3582 est
2080 3532 2215 3582 iudicare.

1296 3594 1347 3644 Est
1364 3594 1454 3641 autem
1471 3591 1580 3653 copiose
1597 3590 1625 3638 iu
1650 3593 1744 3655 qtrioto
1762 3594 1868 3647 litu-ul.
1889 3600 1999 3657 otraest.
2024 3606 2052 3650 et
2076 3601 2103 3648 in
2130 3600 2214 3650 tertio

1298 3660 1456 3713 Oitlciormn
1481 3663 1622 3710 tractatos.
1674 3663 1725 3711 'l'ot
1751 3665 1896 3727 mittasque
1920 3680 1965 3715 res
1988 3669 2147 3731 complexus
2170 3672 2216 3718 est

1297 3729 1461 3778 Aristoteles
1478 3742 1532 3778 urm
1550 3728 1704 3795 versiculo,
1724 3733 1851 3794 tanquam
1875 3736 1986 3786 oraculo
2004 3739 2112 3803 aliquo,
2132 3750 2215 3803 quum

1295 3799 1400 3860 inquit,
1430 3799 1560 3846 viritatem
1578 3811 1640 3847 esse
1656 3800 1735 3849 linem
1753 3801 1878 3852 hominis.
1919 3804 1949 3852 ld
1966 3810 2055 3855 autem
2077 3806 2215 3870 quomodo

1297 3867 1425 3930 colligat.
1443 3878 1528 3929 snpra
1545 3867 1737 3924 indicavimus,
1758 3872 1784 3917 et
1802 3873 1882 3930 patrio
1900 3876 1963 3934 post
1982 3878 2146 3936 repetemus.
2182 3876 2215 3927 sl

1297 3935 1357 3998 quis
1371 3935 1406 3984 ad
1422 3937 1491 3984 hunc
1505 3936 1612 3984 modurn
1628 3936 1746 3985 civiliter
1756 3939 2215 4010 explicctAristoteiissententias,

1297 4009 1325 4053 et
1339 4005 1413 4053 iuxta
1427 4005 1599 4066 proverbium
1610 3998 1690 4054 estetsi
1704 4004 1800 4062 κοινῶς
1813 4008 1894 4071 distat,
1913 4013 1998 4060 intrita
2011 4012 2118 4067 clarius
2127 4012 2214 4064 intei-

1295 4071 1417 4135 ilgeulur
1442 4085 1474 4123 ao
1497 4074 1688 4136 percipientur.
1729 4075 1813 4123 Nobis
1836 4078 1878 4125 hie
1902 4079 1972 4128 satis
1993 4085 2035 4130 est
2058 4082 2214 4144 exemplum

1297 4143 1406 4203 aliquod
1424 4143 1483 4192 eins
1502 4143 1541 4192 rei
1559 4143 1720 4193 ostendisse.
1763 4145 1816 4192 Alii
1835 4148 1930 4207 quihus
1948 4149 2032 4198 otiatus
2050 4153 2108 4215 est,
2133 4151 2214 4202 sirni-

1295 4210 1337 4260 les
1361 4212 1514 4261 sententias
1538 4209 1672 4271 teopsiosius
1696 4212 1841 4273 explicent.
1896 4218 1966 4266 ilinc
1991 4217 2072 4267 etiarn
2095 4225 2214 4283 apparet

1297 4280 1356 4330 sinc
1376 4280 1531 4342 eloquentia
1543 4280 1731 4340 Philosophiae
1749 4282 1839 4331 itrctren
1857 4283 1963 4335 deesse.
1998 4286 2213 4351 Forussepro-

1296 4350 1381 4398 luerit
1398 4349 1479 4398 etiarn
1503 4349 1630 4397 corlierre
1653 4350 1725 4397 tales
1748 4350 1823 4401 iocos
1845 4354 1881 4402 ad
1905 4356 2081 4407 christianam
2105 4356 2213 4407 dactri-

1296 4430 1374 4477 stant,
1392 4429 1461 4479 quae
1479 4418 1557 4466 docet
1574 4428 1628 4464 non
1647 4421 1751 4468 tacitum
1769 4421 1835 4469 haee
1852 4422 1943 4472 civilia
1957 4424 2129 4475 ohiclailnes
2140 4440 2212 4480 esse.

1296 4488 1351 4536 secl
1369 4498 1419 4536 uos
1435 4486 1561 4536 conditos
1578 4498 1639 4534 esse
1656 4488 1691 4534 ad
1708 4489 1826 4551 gloriam
1838 4492 1904 4555 Del,
1922 4495 1950 4542 et
1968 4496 1998 4542 ut
2014 4504 2214 4558 cognoscamus

1297 4557 1398 4609 Deum.
1417 4556 1465 4604 sed
1484 4557 1550 4603 haee
1567 4555 1645 4608 alias.

1366 4624 1441 4674 Sicrtt
1459 4625 1486 4672 in
1503 4623 1566 4672 aliis
1582 4623 1687 4672 artibus
1705 4636 1722 4675 a
1739 4626 1904 4691 notissimis,
1933 4632 1961 4679 et
1985 4633 2213 4688 communissimis

1295 4693 1438 4758 incipitur,
1457 4693 1494 4742 ita
1511 4691 1676 4764 Aristoteles
1693 4699 1720 4744 et
1738 4694 1781 4745 his
1798 4708 1815 4744 a
1832 4697 1984 4749 strauilestis
2000 4700 2144 4764 principiis
2159 4718 2213 4756 ex·

1291 4775 1392 4826 pestis,
1420 4760 1550 4824 paulatim
1567 4762 1601 4810 ad
1620 4763 1777 4813 obsecutura
1794 4767 1985 4833 progreditur,
2011 4769 2080 4820 sicut
2098 4784 2213 4837 geome-

1295 4832 1350 4882 tris
1368 4827 1385 4881 'a
1402 4829 1584 4880 conmunilms
1601 4832 1745 4881 sententiis
1762 4834 1868 4882 orditur
1886 4847 1965 4886 omne
1982 4843 2111 4901 quantum
2126 4842 2214 4895 dividi

1294 4903 1393 4963 potest.
1430 4900 1526 4949 'lotum
1541 4903 1584 4947 est
1602 4900 1690 4949 maius
1704 4904 1784 4962 parte
1800 4903 1930 4965 physicus
1948 4905 2025 4956 initio
2044 4907 2124 4959 docet
2139 4924 2212 4973 qus-

1295 4973 1358 5018 tuor
1370 4969 1506 5018 elementa
1518 4981 1593 5032 esse,
1611 4969 1650 5018 ita
1666 4969 1795 5031 principio
1809 4972 2073 5035 doeetAristoteles,
2091 4982 2214 5032 omnium

1297 5049 1389 5087 rerem
1413 5043 1440 5086 et
1465 5037 1603 5087 aetiormm
1629 5038 1735 5100 aliquos
1758 5052 1820 5088 esse
1842 5042 1925 5106 hstes,
1952 5046 1982 5092 et
2003 5044 2147 5108 unicuique
2170 5053 2214 5101 rei

1294 5119 1371 5155 suram
1389 5106 1484 5168 tillem,
1509 5110 1637 5167 tanqrtanr
1658 5108 1755 5156 bonum
1773 5109 1907 5171 quoddam
1925 5124 2002 5177 esse,
2027 5113 2097 5163 sicut
2117 5120 2215 5170 terrae

1293 5175 1381 5226 locum
1400 5176 1543 5237 deorsum,
1560 5174 1617 5238 igni
1635 5188 1759 5238 rurscam,
1778 5178 1858 5228 militi
1876 5179 2037 5245 victoriani,
2061 5190 2215 5240 merestort

1294 5245 1406 5297 lucrum.

256 5345 423 5383 corrrrmmem
448 5344 575 5388 seusun,
606 5332 634 5378 et
657 5328 693 5377 ad
717 5328 824 5377 civilem
848 5326 924 5375 ritae
941 5329 1174 5383 consuetudinem.
1257 5327 1288 5396 a)
1307 5330 1436 5384 lnllattt.
1450 5330 1542 5394 meu,
1564 5329 1638 5382 1552.
1652 5333 1680 5379 et
1696 5331 1786 5387 1555..
1804 5345 1916 5395 qllarum
1928 5337 2216 5395 verbaahhisvam,

258 5416 273 5451 e
292 5401 384 5463 procli
402 5405 507 5449 tautum
526 5399 673 5450 ostendunt
691 5411 765 5462 rem,
783 5396 917 5446 uersutis
935 5396 1096 5458 explicatam
1114 5401 1175 5447 tra-

1293 5398 1440 5459 dllerunt,
1465 5401 1492 5451 lt.
1511 5400 1527 5450 l.
1546 5398 1687 5461 inscriptio
1707 5401 1822 5464 iegitur:
1847 5403 1878 5453 in
1895 5406 2043 5457 emmaum
2060 5413 2153 5471 unua
