<?xml version="1.0" encoding="UTF-8"?>
<!DOCTYPE html PUBLIC "-//W3C//DTD XHTML 1.0 Transitional//EN"
    "http://www.w3.org/TR/xhtml1/DTD/xhtml1-transitional.dtd">
<html xmlns="http://www.w3.org/1999/xhtml" xml:lang="en" lang="en">
 <head>
  <title>
</title>
<meta http-equiv="Content-Type" content="text/html;charset=utf-8" />
  <meta name='ocr-system' content='tesseract 3.04.00' />
  <meta name='ocr-capabilities' content='ocr_page ocr_carea ocr_par ocr_line ocrx_word'/>
</head>
<body>
  <div class='ocr_page' id='page_1' title='image "./corpusreformato12melagoog/corpusreformato12melagoog_0107.png"; bbox 0 0 4544 5766; ppageno 0'>
   <div class='ocr_carea' id='block_1_1' title="bbox 2064 177 2178 255">
    <p class='ocr_par' dir='ltr' id='par_1_1' title="bbox 2064 177 2178 255">
     <span class='ocr_line' id='line_1_1' title="bbox 2064 177 2178 255; baseline 0.044 -5"><span class='ocrx_word' id='word_1_1' title='bbox 2064 177 2138 250; x_wconf 76' lang='lat' dir='ltr'><strong>lut</strong></span> <span class='ocrx_word' id='word_1_2' title='bbox 2176 208 2178 255; x_wconf 70' lang='grc' dir='ltr'>ε</span> 
     </span>
    </p>
   </div>
   <div class='ocr_carea' id='block_1_2' title="bbox 122 172 1868 268">
    <p class='ocr_par' dir='ltr' id='par_1_2' title="bbox 122 172 1868 268">
     <span class='ocr_line' id='line_1_2' title="bbox 122 172 1868 268; baseline -0.004 -10"><span class='ocrx_word' id='word_1_3' title='bbox 122 183 197 258; x_wconf 72' lang='grc'><strong>188</strong></span> <span class='ocrx_word' id='word_1_4' title='bbox 390 174 592 252; x_wconf 77' lang='lat' dir='ltr'>SCRIPTA</span> <span class='ocrx_word' id='word_1_5' title='bbox 616 177 693 250; x_wconf 80' lang='lat' dir='ltr'><strong>Pil.</strong></span> <span class='ocrx_word' id='word_1_6' title='bbox 718 172 833 251; x_wconf 70' lang='lat' dir='ltr'><strong>ulit,</strong></span> <span class='ocrx_word' id='word_1_7' title='bbox 856 172 924 251; x_wconf 77' lang='lat' dir='ltr'><strong>AD</strong></span> <span class='ocrx_word' id='word_1_8' title='bbox 948 172 1159 255; x_wconf 69' lang='lat' dir='ltr'><strong>Ermum</strong></span> <span class='ocrx_word' id='word_1_9' title='bbox 1183 174 1249 250; x_wconf 73' lang='grc' dir='ltr'><strong>ΕΤ</strong></span> <span class='ocrx_word' id='word_1_10' title='bbox 1274 172 1531 268; x_wconf 65' lang='lat' dir='ltr'><strong>rotmanis</strong></span> <span class='ocrx_word' id='word_1_11' title='bbox 1557 175 1868 253; x_wconf 77' lang='lat' dir='ltr'><strong>SPECTANTIA.</strong></span> 
     </span>
    </p>
   </div>
   <div class='ocr_carea' id='block_1_3' title="bbox 123 344 2178 1474">
    <p class='ocr_par' dir='ltr' id='par_1_3' title="bbox 123 344 2178 1474">
     <span class='ocr_line' id='line_1_3' title="bbox 225 344 2144 449; baseline -0.001 -25"><span class='ocrx_word' id='word_1_12' title='bbox 225 353 347 449; x_wconf 81' lang='lat' dir='ltr'><strong>Quare</strong></span> <span class='ocrx_word' id='word_1_13' title='bbox 362 352 499 424; x_wconf 77' lang='lat' dir='ltr'><strong>stoicas</strong></span> <span class='ocrx_word' id='word_1_14' title='bbox 519 350 673 443; x_wconf 87' lang='lat' dir='ltr'><strong>ineptias</strong></span> <span class='ocrx_word' id='word_1_15' title='bbox 684 349 906 437; x_wconf 87' lang='lat' dir='ltr'><strong>reiiciamus,</strong></span> <span class='ocrx_word' id='word_1_16' title='bbox 932 350 995 445; x_wconf 89' lang='lat' dir='ltr'><strong>qui</strong></span> <span class='ocrx_word' id='word_1_17' title='bbox 1009 374 1106 419; x_wconf 89' lang='lat' dir='ltr'><strong>mor·</strong></span> <span class='ocrx_word' id='word_1_18' title='bbox 1157 349 1228 420; x_wconf 89' lang='lat' dir='ltr'><strong>tiae</strong></span> <span class='ocrx_word' id='word_1_19' title='bbox 1243 352 1316 422; x_wconf 90' lang='lat' dir='ltr'><strong>sint</strong></span> <span class='ocrx_word' id='word_1_20' title='bbox 1326 344 1476 435; x_wconf 57' lang='lat' dir='ltr'><strong>nome</strong></span> <span class='ocrx_word' id='word_1_21' title='bbox 1491 349 1676 437; x_wconf 79' lang='lat' dir='ltr'><strong>virtutum,</strong></span> <span class='ocrx_word' id='word_1_22' title='bbox 1700 365 1736 422; x_wconf 88' lang='lat' dir='ltr'><strong>et</strong></span> <span class='ocrx_word' id='word_1_23' title='bbox 1749 375 1812 423; x_wconf 90' lang='lat' dir='ltr'><strong>cur</strong></span> <span class='ocrx_word' id='word_1_24' title='bbox 1827 349 2029 421; x_wconf 83' lang='lat' dir='ltr'><strong>obedientia</strong></span> <span class='ocrx_word' id='word_1_25' title='bbox 2045 350 2144 422; x_wconf 87' lang='lat' dir='ltr'><strong>bona</strong></span> 
     </span>
     <span class='ocr_line' id='line_1_4' title="bbox 124 453 2178 546; baseline -0.001 -17"><span class='ocrx_word' id='word_1_26' title='bbox 124 473 217 542; x_wconf 90' lang='lat' dir='ltr'><strong>tem,</strong></span> <span class='ocrx_word' id='word_1_27' title='bbox 241 459 373 528; x_wconf 86' lang='lat' dir='ltr'><strong>famem</strong></span> <span class='ocrx_word' id='word_1_28' title='bbox 390 468 426 525; x_wconf 90' lang='lat' dir='ltr'><strong>et</strong></span> <span class='ocrx_word' id='word_1_29' title='bbox 441 455 529 526; x_wconf 90' lang='lat' dir='ltr'><strong>alias</strong></span> <span class='ocrx_word' id='word_1_30' title='bbox 543 453 760 535; x_wconf 79' lang='lat' dir='ltr'><strong>calamitates</strong></span> <span class='ocrx_word' id='word_1_31' title='bbox 774 454 904 525; x_wconf 87' lang='lat' dir='ltr'><strong>nolunt</strong></span> <span class='ocrx_word' id='word_1_32' title='bbox 918 454 989 523; x_wconf 92' lang='lat' dir='ltr'><strong>dici</strong></span> <span class='ocrx_word' id='word_1_33' title='bbox 1001 453 1108 537; x_wconf 89' lang='lat' dir='ltr'><strong>mala,</strong></span> <span class='ocrx_word' id='word_1_34' title='bbox 1157 454 1222 539; x_wconf 90' lang='lat' dir='ltr'><strong>sit,</strong></span> <span class='ocrx_word' id='word_1_35' title='bbox 1248 477 1447 546; x_wconf 78' lang='lat' dir='ltr'>congruens</span> <span class='ocrx_word' id='word_1_36' title='bbox 1469 479 1549 524; x_wconf 92' lang='lat' dir='ltr'><strong>cum</strong></span> <span class='ocrx_word' id='word_1_37' title='bbox 1569 454 1639 526; x_wconf 91' lang='lat' dir='ltr'><strong>illis</strong></span> <span class='ocrx_word' id='word_1_38' title='bbox 1660 454 1797 526; x_wconf 89' lang='lat' dir='ltr'><strong>notitiis</strong></span> <span class='ocrx_word' id='word_1_39' title='bbox 1813 466 1885 526; x_wconf 72' lang='lat' dir='ltr'><strong>etc.</strong></span> <span class='ocrx_word' id='word_1_40' title='bbox 1943 453 2010 523; x_wconf 92' lang='lat' dir='ltr'><strong>llic</strong></span> <span class='ocrx_word' id='word_1_41' title='bbox 2032 453 2144 545; x_wconf 88' lang='lat' dir='ltr'><strong>igitur</strong></span> <span class='ocrx_word' id='word_1_42' title='bbox 2175 490 2178 527; x_wconf 77' lang='lat'>1</span> 
     </span>
     <span class='ocr_line' id='line_1_5' title="bbox 125 554 2143 654; baseline -0.003 -21"><span class='ocrx_word' id='word_1_43' title='bbox 125 564 186 634; x_wconf 86' lang='lat' dir='ltr'><strong>sed</strong></span> <span class='ocrx_word' id='word_1_44' title='bbox 200 562 410 654; x_wconf 85' lang='lat' dir='ltr'><strong>loquamur,</strong></span> <span class='ocrx_word' id='word_1_45' title='bbox 436 570 478 628; x_wconf 90' lang='lat' dir='ltr'><strong>ut</strong></span> <span class='ocrx_word' id='word_1_46' title='bbox 500 581 569 625; x_wconf 86' lang='lat' dir='ltr'><strong>vox</strong></span> <span class='ocrx_word' id='word_1_47' title='bbox 590 557 712 627; x_wconf 88' lang='lat' dir='ltr'><strong>divina</strong></span> <span class='ocrx_word' id='word_1_48' title='bbox 731 557 913 650; x_wconf 88' lang='lat' dir='ltr'><strong>loquitur,</strong></span> <span class='ocrx_word' id='word_1_49' title='bbox 937 569 972 626; x_wconf 89' lang='lat' dir='ltr'><strong>et</strong></span> <span class='ocrx_word' id='word_1_50' title='bbox 987 580 1108 627; x_wconf 88' lang='lat' dir='ltr'><strong>causas</strong></span> <span class='ocrx_word' id='word_1_51' title='bbox 1158 581 1298 628; x_wconf 89' lang='lat' dir='ltr'><strong>necesse</strong></span> <span class='ocrx_word' id='word_1_52' title='bbox 1317 569 1368 627; x_wconf 90' lang='lat' dir='ltr'><strong>est</strong></span> <span class='ocrx_word' id='word_1_53' title='bbox 1384 557 1601 626; x_wconf 89' lang='lat' dir='ltr'><strong>considerari</strong></span> <span class='ocrx_word' id='word_1_54' title='bbox 1623 560 1760 627; x_wconf 84' lang='lat' dir='ltr'><strong>iontem</strong></span> <span class='ocrx_word' id='word_1_55' title='bbox 1783 554 1890 628; x_wconf 89' lang='lat' dir='ltr'><strong>huius</strong></span> <span class='ocrx_word' id='word_1_56' title='bbox 1911 556 1999 627; x_wconf 91' lang='lat' dir='ltr'><strong>lucis</strong></span> <span class='ocrx_word' id='word_1_57' title='bbox 2019 556 2059 625; x_wconf 91' lang='lat' dir='ltr'><strong>in</strong></span> <span class='ocrx_word' id='word_1_58' title='bbox 2080 579 2143 626; x_wconf 89' lang='lat' dir='ltr'><strong>na·</strong></span> 
     </span>
     <span class='ocr_line' id='line_1_6' title="bbox 125 655 2011 757; baseline -0.002 -23"><span class='ocrx_word' id='word_1_59' title='bbox 125 662 383 753; x_wconf 80' lang='lat' dir='ltr'><strong>intelligamus,</strong></span> <span class='ocrx_word' id='word_1_60' title='bbox 407 684 470 733; x_wconf 88' lang='lat' dir='ltr'><strong>cur</strong></span> <span class='ocrx_word' id='word_1_61' title='bbox 485 684 619 752; x_wconf 88' lang='lat' dir='ltr'><strong>poenas</strong></span> <span class='ocrx_word' id='word_1_62' title='bbox 632 659 796 731; x_wconf 88' lang='lat' dir='ltr'><strong>nominet</strong></span> <span class='ocrx_word' id='word_1_63' title='bbox 806 659 918 757; x_wconf 26' lang='lat' dir='ltr'><strong>mala..</strong></span> <span class='ocrx_word' id='word_1_64' title='bbox 963 658 1011 729; x_wconf 81' lang='lat' dir='ltr'><strong>Et</strong></span> <span class='ocrx_word' id='word_1_65' title='bbox 1024 683 1108 751; x_wconf 93' lang='lat' dir='ltr'><strong>pru-</strong></span> <span class='ocrx_word' id='word_1_66' title='bbox 1159 672 1239 730; x_wconf 88' lang='lat' dir='ltr'><strong>tura</strong></span> <span class='ocrx_word' id='word_1_67' title='bbox 1256 655 1465 744; x_wconf 86' lang='lat' dir='ltr'><strong>hominum,</strong></span> <span class='ocrx_word' id='word_1_68' title='bbox 1490 659 1653 730; x_wconf 73' lang='lat' dir='ltr'><strong>videlicet</strong></span> <span class='ocrx_word' id='word_1_69' title='bbox 1668 672 1824 730; x_wconf 85' lang='lat' dir='ltr'><strong>mentem</strong></span> <span class='ocrx_word' id='word_1_70' title='bbox 1840 660 2011 730; x_wconf 76' lang='lat' dir='ltr'><strong>divinam.</strong></span> 
     </span>
     <span class='ocr_line' id='line_1_7' title="bbox 125 758 2144 855; baseline -0.004 -19"><span class='ocrx_word' id='word_1_71' title='bbox 125 769 250 836; x_wconf 89' lang='lat' dir='ltr'><strong>denter</strong></span> <span class='ocrx_word' id='word_1_72' title='bbox 265 764 456 834; x_wconf 85' lang='lat' dir='ltr'><strong>discrimen</strong></span> <span class='ocrx_word' id='word_1_73' title='bbox 476 763 570 833; x_wconf 90' lang='lat' dir='ltr'><strong>inter</strong></span> <span class='ocrx_word' id='word_1_74' title='bbox 590 763 731 855; x_wconf 90' lang='lat' dir='ltr'><strong>culpam</strong></span> <span class='ocrx_word' id='word_1_75' title='bbox 757 775 793 833; x_wconf 88' lang='lat' dir='ltr'><strong>ct</strong></span> <span class='ocrx_word' id='word_1_76' title='bbox 814 785 968 854; x_wconf 87' lang='lat' dir='ltr'><strong>poenam</strong></span> <span class='ocrx_word' id='word_1_77' title='bbox 990 763 1109 833; x_wconf 88' lang='lat' dir='ltr'><strong>obser·</strong></span> <span class='ocrx_word' id='word_1_78' title='bbox 1263 763 1353 834; x_wconf 89' lang='lat' dir='ltr'><strong>Cum</strong></span> <span class='ocrx_word' id='word_1_79' title='bbox 1370 762 1466 833; x_wconf 87' lang='lat' dir='ltr'><strong>enim</strong></span> <span class='ocrx_word' id='word_1_80' title='bbox 1485 758 1595 833; x_wconf 88' lang='lat' dir='ltr'><strong>homo</strong></span> <span class='ocrx_word' id='word_1_81' title='bbox 1620 764 1783 835; x_wconf 87' lang='lat' dir='ltr'><strong>conditus</strong></span> <span class='ocrx_word' id='word_1_82' title='bbox 1806 764 1870 848; x_wconf 86' lang='lat' dir='ltr'><strong>sit,</strong></span> <span class='ocrx_word' id='word_1_83' title='bbox 1894 776 1936 834; x_wconf 90' lang='lat' dir='ltr'><strong>ut</strong></span> <span class='ocrx_word' id='word_1_84' title='bbox 1958 763 2007 833; x_wconf 88' lang='lat' dir='ltr'><strong>sit·</strong></span> <span class='ocrx_word' id='word_1_85' title='bbox 2024 760 2144 851; x_wconf 84' lang='lat' dir='ltr'><strong>imago</strong></span> 
     </span>
     <span class='ocr_line' id='line_1_8' title="bbox 123 863 2147 958; baseline -0.002 -21"><span class='ocrx_word' id='word_1_86' title='bbox 123 893 265 951; x_wconf 79' lang='lat' dir='ltr'><strong>remus,</strong></span> <span class='ocrx_word' id='word_1_87' title='bbox 291 892 332 936; x_wconf 93' lang='lat' dir='ltr'><strong>ac</strong></span> <span class='ocrx_word' id='word_1_88' title='bbox 348 880 459 938; x_wconf 88' lang='lat' dir='ltr'><strong>tetros</strong></span> <span class='ocrx_word' id='word_1_89' title='bbox 476 868 615 936; x_wconf 83' lang='lat' dir='ltr'><strong>furores</strong></span> <span class='ocrx_word' id='word_1_90' title='bbox 629 865 774 937; x_wconf 88' lang='lat' dir='ltr'><strong>illorum</strong></span> <span class='ocrx_word' id='word_1_91' title='bbox 792 866 1020 950; x_wconf 82' lang='lat' dir='ltr'><strong>damnemus,</strong></span> <span class='ocrx_word' id='word_1_92' title='bbox 1047 863 1110 958; x_wconf 88' lang='lat' dir='ltr'><strong>qui</strong></span> <span class='ocrx_word' id='word_1_93' title='bbox 1159 864 1246 950; x_wconf 90' lang='lat' dir='ltr'><strong>Dei,</strong></span> <span class='ocrx_word' id='word_1_94' title='bbox 1285 865 1383 937; x_wconf 85' lang='lat' dir='ltr'><strong>Deus</strong></span> <span class='ocrx_word' id='word_1_95' title='bbox 1410 865 1584 937; x_wconf 87' lang='lat' dir='ltr'><strong>immensa</strong></span> <span class='ocrx_word' id='word_1_96' title='bbox 1609 867 1769 937; x_wconf 87' lang='lat' dir='ltr'><strong>bonitate</strong></span> <span class='ocrx_word' id='word_1_97' title='bbox 1800 866 2076 958; x_wconf 84' lang='lat' dir='ltr'><strong>praecipuarum</strong></span> <span class='ocrx_word' id='word_1_98' title='bbox 2110 875 2147 932; x_wconf 89' lang='lat' dir='ltr'><strong>et</strong></span> 
     </span>
     <span class='ocr_line' id='line_1_9' title="bbox 124 966 2146 1061; baseline -0.003 -20"><span class='ocrx_word' id='word_1_99' title='bbox 124 972 266 1054; x_wconf 90' lang='lat' dir='ltr'><strong>dicunt,</strong></span> <span class='ocrx_word' id='word_1_100' title='bbox 287 968 403 1039; x_wconf 88' lang='lat' dir='ltr'><strong>Deum</strong></span> <span class='ocrx_word' id='word_1_101' title='bbox 421 982 584 1039; x_wconf 90' lang='lat' dir='ltr'><strong>autorem</strong></span> <span class='ocrx_word' id='word_1_102' title='bbox 600 992 672 1038; x_wconf 90' lang='lat' dir='ltr'><strong>esse</strong></span> <span class='ocrx_word' id='word_1_103' title='bbox 686 967 841 1060; x_wconf 91' lang='lat' dir='ltr'><strong>peccati,</strong></span> <span class='ocrx_word' id='word_1_104' title='bbox 865 968 987 1053; x_wconf 89' lang='lat' dir='ltr'><strong>idest,</strong></span> <span class='ocrx_word' id='word_1_105' title='bbox 1007 968 1109 1051; x_wconf 88' lang='lat' dir='ltr'><strong>velle,</strong></span> <span class='ocrx_word' id='word_1_106' title='bbox 1161 969 1378 1061; x_wconf 88' lang='lat' dir='ltr'><strong>optimarum</strong></span> <span class='ocrx_word' id='word_1_107' title='bbox 1394 992 1513 1038; x_wconf 89' lang='lat' dir='ltr'><strong>rerum</strong></span> <span class='ocrx_word' id='word_1_108' title='bbox 1531 969 1569 1039; x_wconf 89' lang='lat' dir='ltr'><strong>in</strong></span> <span class='ocrx_word' id='word_1_109' title='bbox 1583 994 1647 1039; x_wconf 86' lang='lat' dir='ltr'><strong>sua</strong></span> <span class='ocrx_word' id='word_1_110' title='bbox 1663 969 1859 1040; x_wconf 86' lang='lat' dir='ltr'><strong>substantia</strong></span> <span class='ocrx_word' id='word_1_111' title='bbox 1876 966 2146 1039; x_wconf 83' lang='lat' dir='ltr'><strong>similitudinem</strong></span> 
     </span>
     <span class='ocr_line' id='line_1_10' title="bbox 124 1069 2147 1165; baseline -0.003 -22"><span class='ocrx_word' id='word_1_112' title='bbox 124 1087 187 1146; x_wconf 89' lang='lat' dir='ltr'><strong>aut</strong></span> <span class='ocrx_word' id='word_1_113' title='bbox 210 1074 410 1165; x_wconf 90' lang='lat' dir='ltr'><strong>approbare</strong></span> <span class='ocrx_word' id='word_1_114' title='bbox 432 1084 635 1163; x_wconf 91' lang='lat' dir='ltr'><strong>peccatum,</strong></span> <span class='ocrx_word' id='word_1_115' title='bbox 662 1084 725 1140; x_wconf 91' lang='lat' dir='ltr'><strong>aut</strong></span> <span class='ocrx_word' id='word_1_116' title='bbox 747 1071 949 1140; x_wconf 86' lang='lat' dir='ltr'><strong>effectorem</strong></span> <span class='ocrx_word' id='word_1_117' title='bbox 969 1069 1027 1139; x_wconf 84' lang='lat' dir='ltr'><strong>vel</strong></span> <span class='ocrx_word' id='word_1_118' title='bbox 1047 1071 1109 1139; x_wconf 89' lang='lat' dir='ltr'><strong>ad·</strong></span> <span class='ocrx_word' id='word_1_119' title='bbox 1160 1071 1322 1142; x_wconf 84' lang='lat' dir='ltr'><strong>innubis</strong></span> <span class='ocrx_word' id='word_1_120' title='bbox 1344 1072 1523 1157; x_wconf 85' lang='lat' dir='ltr'><strong>condidit,</strong></span> <span class='ocrx_word' id='word_1_121' title='bbox 1549 1072 1700 1158; x_wconf 86' lang='lat' dir='ltr'><strong>scilicet,</strong></span> <span class='ocrx_word' id='word_1_122' title='bbox 1725 1072 1877 1143; x_wconf 84' lang='lat' dir='ltr'><strong>similem</strong></span> <span class='ocrx_word' id='word_1_123' title='bbox 1901 1072 1987 1163; x_wconf 86' lang='lat' dir='ltr'><strong>legis</strong></span> <span class='ocrx_word' id='word_1_124' title='bbox 2004 1069 2147 1163; x_wconf 87' lang='lat' dir='ltr'><strong>sapien·</strong></span> 
     </span>
     <span class='ocr_line' id='line_1_11' title="bbox 123 1170 2147 1268; baseline -0.003 -22"><span class='ocrx_word' id='word_1_125' title='bbox 123 1178 279 1248; x_wconf 91' lang='lat' dir='ltr'><strong>iutorem</strong></span> <span class='ocrx_word' id='word_1_126' title='bbox 296 1200 369 1246; x_wconf 90' lang='lat' dir='ltr'><strong>esse</strong></span> <span class='ocrx_word' id='word_1_127' title='bbox 386 1174 541 1268; x_wconf 90' lang='lat' dir='ltr'><strong>peccati,</strong></span> <span class='ocrx_word' id='word_1_128' title='bbox 566 1197 658 1268; x_wconf 89' lang='lat' dir='ltr'><strong>quae</strong></span> <span class='ocrx_word' id='word_1_129' title='bbox 677 1174 800 1265; x_wconf 89' lang='lat' dir='ltr'><strong>opinio</strong></span> <span class='ocrx_word' id='word_1_130' title='bbox 816 1174 1003 1244; x_wconf 87' lang='lat' dir='ltr'><strong>manifeste</strong></span> <span class='ocrx_word' id='word_1_131' title='bbox 1026 1196 1110 1241; x_wconf 86' lang='lat' dir='ltr'><strong>con·</strong></span> <span class='ocrx_word' id='word_1_132' title='bbox 1160 1174 1267 1259; x_wconf 90' lang='lat' dir='ltr'><strong>tiam,</strong></span> <span class='ocrx_word' id='word_1_133' title='bbox 1299 1175 1499 1244; x_wconf 86' lang='lat' dir='ltr'><strong>libertatem</strong></span> <span class='ocrx_word' id='word_1_134' title='bbox 1525 1175 1563 1242; x_wconf 90' lang='lat' dir='ltr'><strong>in</strong></span> <span class='ocrx_word' id='word_1_135' title='bbox 1587 1176 1790 1260; x_wconf 81' lang='lat' dir='ltr'><strong>voluntate,</strong></span> <span class='ocrx_word' id='word_1_136' title='bbox 1823 1176 2039 1246; x_wconf 81' lang='lat' dir='ltr'><strong>etvirtutes.</strong></span> <span class='ocrx_word' id='word_1_137' title='bbox 2090 1170 2147 1241; x_wconf 77' lang='lat' dir='ltr'><strong>Ad</strong></span> 
     </span>
     <span class='ocr_line' id='line_1_12' title="bbox 124 1273 2148 1371; baseline -0.003 -22"><span class='ocrx_word' id='word_1_138' title='bbox 124 1279 312 1350; x_wconf 85' lang='lat' dir='ltr'><strong>tumeliosa</strong></span> <span class='ocrx_word' id='word_1_139' title='bbox 337 1290 388 1347; x_wconf 92' lang='lat' dir='ltr'><strong>est</strong></span> <span class='ocrx_word' id='word_1_140' title='bbox 411 1277 581 1348; x_wconf 87' lang='lat' dir='ltr'><strong>adversus</strong></span> <span class='ocrx_word' id='word_1_141' title='bbox 606 1276 736 1348; x_wconf 85' lang='lat' dir='ltr'><strong>Deum.</strong></span> <span class='ocrx_word' id='word_1_142' title='bbox 800 1276 875 1349; x_wconf 87' lang='lat' dir='ltr'><strong>Nec</strong></span> <span class='ocrx_word' id='word_1_143' title='bbox 896 1275 1037 1346; x_wconf 87' lang='lat' dir='ltr'><strong>difficile</strong></span> <span class='ocrx_word' id='word_1_144' title='bbox 1059 1287 1111 1344; x_wconf 87' lang='lat' dir='ltr'><strong>est</strong></span> <span class='ocrx_word' id='word_1_145' title='bbox 1160 1273 1249 1346; x_wconf 90' lang='lat' dir='ltr'><strong>haec</strong></span> <span class='ocrx_word' id='word_1_146' title='bbox 1264 1277 1455 1347; x_wconf 84' lang='lat' dir='ltr'><strong>transfudit</strong></span> <span class='ocrx_word' id='word_1_147' title='bbox 1478 1278 1516 1349; x_wconf 90' lang='lat' dir='ltr'><strong>in</strong></span> <span class='ocrx_word' id='word_1_148' title='bbox 1535 1277 1671 1368; x_wconf 89' lang='lat' dir='ltr'><strong>primos</strong></span> <span class='ocrx_word' id='word_1_149' title='bbox 1692 1274 1856 1348; x_wconf 87' lang='lat' dir='ltr'><strong>homines</strong></span> <span class='ocrx_word' id='word_1_150' title='bbox 1871 1278 2045 1371; x_wconf 85' lang='lat' dir='ltr'><strong>Spiritum</strong></span> <span class='ocrx_word' id='word_1_151' title='bbox 2066 1297 2148 1344; x_wconf 88' lang='lat' dir='ltr'><strong>san·</strong></span> 
     </span>
     <span class='ocr_line' id='line_1_13' title="bbox 123 1374 2147 1474; baseline -0.003 -21"><span class='ocrx_word' id='word_1_152' title='bbox 123 1384 279 1454; x_wconf 87' lang='lat' dir='ltr'><strong>refutare</strong></span> <span class='ocrx_word' id='word_1_153' title='bbox 297 1380 504 1473; x_wconf 89' lang='lat' dir='ltr'><strong>praestigias</strong></span> <span class='ocrx_word' id='word_1_154' title='bbox 523 1394 558 1450; x_wconf 93' lang='lat' dir='ltr'><strong>et</strong></span> <span class='ocrx_word' id='word_1_155' title='bbox 577 1374 814 1471; x_wconf 88' lang='lat' dir='ltr'><strong>sophismata,</strong></span> <span class='ocrx_word' id='word_1_156' title='bbox 842 1380 969 1474; x_wconf 88' lang='lat' dir='ltr'><strong>quibus</strong></span> <span class='ocrx_word' id='word_1_157' title='bbox 992 1379 1110 1449; x_wconf 83' lang='lat' dir='ltr'><strong>delen·</strong></span> <span class='ocrx_word' id='word_1_158' title='bbox 1162 1394 1270 1464; x_wconf 88' lang='lat' dir='ltr'><strong>ctum,</strong></span> <span class='ocrx_word' id='word_1_159' title='bbox 1290 1380 1499 1471; x_wconf 89' lang='lat' dir='ltr'><strong>impertiens</strong></span> <span class='ocrx_word' id='word_1_160' title='bbox 1511 1404 1594 1450; x_wconf 89' lang='lat' dir='ltr'><strong>suae</strong></span> <span class='ocrx_word' id='word_1_161' title='bbox 1610 1380 1780 1451; x_wconf 87' lang='lat' dir='ltr'><strong>essentiae</strong></span> <span class='ocrx_word' id='word_1_162' title='bbox 1796 1381 2013 1468; x_wconf 70' lang='lat' dir='ltr'><strong>societatem,</strong></span> <span class='ocrx_word' id='word_1_163' title='bbox 2048 1376 2147 1447; x_wconf 90' lang='lat' dir='ltr'><strong>llaec</strong></span> 
     </span>
    </p>
   </div>
   <div class='ocr_carea' id='block_1_4' title="bbox 125 1487 1111 1679">
    <p class='ocr_par' dir='ltr' id='par_1_4' title="bbox 125 1487 1111 1679">
     <span class='ocr_line' id='line_1_14' title="bbox 125 1487 1111 1679; baseline -0.006 -23"><span class='ocrx_word' id='word_1_164' title='bbox 125 1487 280 1656; x_wconf 82' lang='lat' dir='ltr'><strong>dlturDe</strong></span> <span class='ocrx_word' id='word_1_165' title='bbox 303 1586 397 1654; x_wconf 92' lang='lat' dir='ltr'><strong>dicto</strong></span> <span class='ocrx_word' id='word_1_166' title='bbox 420 1582 547 1654; x_wconf 85' lang='lat' dir='ltr'><strong>Esaiae</strong></span> <span class='ocrx_word' id='word_1_167' title='bbox 577 1581 655 1679; x_wconf 81' lang='lat'><strong>(45,</strong></span> <span class='ocrx_word' id='word_1_168' title='bbox 670 1577 749 1679; x_wconf 71' lang='grc'>,7.);</span> <span class='ocrx_word' id='word_1_169' title='bbox 799 1582 877 1675; x_wconf 88' lang='lat' dir='ltr'><strong>Ego</strong></span> <span class='ocrx_word' id='word_1_170' title='bbox 899 1607 978 1654; x_wconf 90' lang='lat' dir='ltr'><strong>sum</strong></span> <span class='ocrx_word' id='word_1_171' title='bbox 1001 1581 1111 1664; x_wconf 88' lang='lat' dir='ltr'><strong>Deus,</strong></span> 
     </span>
    </p>
   </div>
   <div class='ocr_carea' id='block_1_5' title="bbox 122 1683 1114 3013">
    <p class='ocr_par' dir='ltr' id='par_1_5' title="bbox 122 1683 1114 3013">
     <span class='ocr_line' id='line_1_15' title="bbox 125 1683 1111 1779; baseline -0.01 -19"><span class='ocrx_word' id='word_1_172' title='bbox 125 1714 248 1760; x_wconf 89' lang='lat' dir='ltr'><strong>creans</strong></span> <span class='ocrx_word' id='word_1_173' title='bbox 260 1690 398 1758; x_wconf 90' lang='lat' dir='ltr'><strong>bonum</strong></span> <span class='ocrx_word' id='word_1_174' title='bbox 413 1701 449 1757; x_wconf 91' lang='lat' dir='ltr'><strong>et</strong></span> <span class='ocrx_word' id='word_1_175' title='bbox 462 1688 610 1758; x_wconf 90' lang='lat' dir='ltr'><strong>malum.</strong></span> <span class='ocrx_word' id='word_1_176' title='bbox 654 1685 829 1779; x_wconf 84' lang='lat' dir='ltr'><strong>Expedita</strong></span> <span class='ocrx_word' id='word_1_177' title='bbox 844 1683 1029 1778; x_wconf 86' lang='lat' dir='ltr'><strong>responsio</strong></span> <span class='ocrx_word' id='word_1_178' title='bbox 1048 1695 1111 1766; x_wconf 90' lang='lat' dir='ltr'><strong>est,</strong></span> 
     </span>
     <span class='ocr_line' id='line_1_16' title="bbox 125 1785 1109 1881; baseline -0.011 -18"><span class='ocrx_word' id='word_1_179' title='bbox 125 1794 261 1863; x_wconf 85' lang='lat' dir='ltr'><strong>malurn</strong></span> <span class='ocrx_word' id='word_1_180' title='bbox 283 1790 433 1881; x_wconf 82' lang='lat' dir='ltr'><strong>intelligi</strong></span> <span class='ocrx_word' id='word_1_181' title='bbox 453 1790 709 1872; x_wconf 87' lang='lat' dir='ltr'><strong>materialiter,</strong></span> <span class='ocrx_word' id='word_1_182' title='bbox 735 1789 773 1858; x_wconf 93' lang='lat' dir='ltr'><strong>id</strong></span> <span class='ocrx_word' id='word_1_183' title='bbox 799 1801 867 1873; x_wconf 90' lang='lat' dir='ltr'><strong>est,</strong></span> <span class='ocrx_word' id='word_1_184' title='bbox 895 1791 938 1857; x_wconf 90' lang='lat' dir='ltr'><strong>de</strong></span> <span class='ocrx_word' id='word_1_185' title='bbox 957 1785 1109 1856; x_wconf 88' lang='lat' dir='ltr'><strong>materia</strong></span> 
     </span>
     <span class='ocr_line' id='line_1_17' title="bbox 124 1891 1109 1977; baseline -0.01 -11"><span class='ocrx_word' id='word_1_186' title='bbox 124 1908 295 1977; x_wconf 89' lang='lat' dir='ltr'><strong>nocente,</strong></span> <span class='ocrx_word' id='word_1_187' title='bbox 321 1906 363 1964; x_wconf 92' lang='lat' dir='ltr'><strong>ut</strong></span> <span class='ocrx_word' id='word_1_188' title='bbox 375 1895 419 1962; x_wconf 92' lang='lat' dir='ltr'><strong>de</strong></span> <span class='ocrx_word' id='word_1_189' title='bbox 434 1915 596 1976; x_wconf 85' lang='lat' dir='ltr'><strong>veneno,</strong></span> <span class='ocrx_word' id='word_1_190' title='bbox 623 1891 848 1963; x_wconf 87' lang='lat' dir='ltr'><strong>ubimatcria</strong></span> <span class='ocrx_word' id='word_1_191' title='bbox 866 1891 976 1961; x_wconf 91' lang='lat' dir='ltr'><strong>aDeo</strong></span> <span class='ocrx_word' id='word_1_192' title='bbox 993 1901 1109 1959; x_wconf 89' lang='lat' dir='ltr'><strong>creata</strong></span> 
     </span>
     <span class='ocr_line' id='line_1_18' title="bbox 125 1988 1110 2085; baseline -0.006 -16"><span class='ocrx_word' id='word_1_193' title='bbox 125 2011 194 2082; x_wconf 91' lang='lat' dir='ltr'><strong>est,</strong></span> <span class='ocrx_word' id='word_1_194' title='bbox 222 2009 257 2066; x_wconf 92' lang='lat' dir='ltr'><strong>et</strong></span> <span class='ocrx_word' id='word_1_195' title='bbox 279 2008 332 2066; x_wconf 89' lang='lat' dir='ltr'><strong>est</strong></span> <span class='ocrx_word' id='word_1_196' title='bbox 352 2019 409 2065; x_wconf 90' lang='lat' dir='ltr'><strong>res</strong></span> <span class='ocrx_word' id='word_1_197' title='bbox 430 1994 545 2079; x_wconf 88' lang='lat' dir='ltr'><strong>hona,</strong></span> <span class='ocrx_word' id='word_1_198' title='bbox 570 2007 611 2063; x_wconf 93' lang='lat' dir='ltr'><strong>ut</strong></span> <span class='ocrx_word' id='word_1_199' title='bbox 635 1994 747 2065; x_wconf 87' lang='lat' dir='ltr'><strong>cicuta</strong></span> <span class='ocrx_word' id='word_1_200' title='bbox 769 1995 933 2065; x_wconf 87' lang='lat' dir='ltr'><strong>medetur</strong></span> <span class='ocrx_word' id='word_1_201' title='bbox 951 1988 1110 2085; x_wconf 52' lang='lat' dir='ltr'><strong>sacrooe)</strong></span> 
     </span>
     <span class='ocr_line' id='line_1_19' title="bbox 122 2093 1110 2194; baseline -0.011 -25"><span class='ocrx_word' id='word_1_202' title='bbox 122 2102 209 2194; x_wconf 86' lang='lat' dir='ltr'><strong>igni.</strong></span> <span class='ocrx_word' id='word_1_203' title='bbox 262 2099 332 2168; x_wconf 89' lang='lat' dir='ltr'><strong>Sed</strong></span> <span class='ocrx_word' id='word_1_204' title='bbox 352 2097 425 2166; x_wconf 88' lang='lat' dir='ltr'><strong>iam</strong></span> <span class='ocrx_word' id='word_1_205' title='bbox 447 2110 529 2188; x_wconf 85' lang='lat' dir='ltr'><strong>post</strong></span> <span class='ocrx_word' id='word_1_206' title='bbox 549 2097 688 2189; x_wconf 89' lang='lat' dir='ltr'><strong>lapsum</strong></span> <span class='ocrx_word' id='word_1_207' title='bbox 710 2093 799 2166; x_wconf 90' lang='lat' dir='ltr'><strong>haec</strong></span> <span class='ocrx_word' id='word_1_208' title='bbox 821 2096 962 2166; x_wconf 87' lang='lat' dir='ltr'><strong>infirma</strong></span> <span class='ocrx_word' id='word_1_209' title='bbox 981 2106 1110 2164; x_wconf 88' lang='lat' dir='ltr'><strong>natura</strong></span> 
     </span>
     <span class='ocr_line' id='line_1_20' title="bbox 123 2197 1112 2295; baseline -0.01 -21"><span class='ocrx_word' id='word_1_210' title='bbox 123 2201 370 2295; x_wconf 85' lang='lat' dir='ltr'><strong>multipliciter</strong></span> <span class='ocrx_word' id='word_1_211' title='bbox 389 2198 485 2271; x_wconf 89' lang='lat' dir='ltr'><strong>laedi</strong></span> <span class='ocrx_word' id='word_1_212' title='bbox 509 2212 636 2292; x_wconf 76' lang='lat' dir='ltr'><strong>potest.</strong></span> <span class='ocrx_word' id='word_1_213' title='bbox 700 2197 783 2272; x_wconf 91' lang='lat' dir='ltr'><strong>ldeo</strong></span> <span class='ocrx_word' id='word_1_214' title='bbox 805 2201 939 2271; x_wconf 88' lang='lat' dir='ltr'><strong>multae</strong></span> <span class='ocrx_word' id='word_1_215' title='bbox 967 2222 1024 2267; x_wconf 88' lang='lat' dir='ltr'><strong>res</strong></span> <span class='ocrx_word' id='word_1_216' title='bbox 1047 2221 1112 2265; x_wconf 92' lang='lat' dir='ltr'><strong>no-</strong></span> 
     </span>
     <span class='ocr_line' id='line_1_21' title="bbox 124 2297 1111 2393; baseline -0.008 -16"><span class='ocrx_word' id='word_1_217' title='bbox 124 2319 244 2377; x_wconf 86' lang='lat' dir='ltr'><strong>centes</strong></span> <span class='ocrx_word' id='word_1_218' title='bbox 259 2304 427 2375; x_wconf 90' lang='lat' dir='ltr'><strong>dicuntur</strong></span> <span class='ocrx_word' id='word_1_219' title='bbox 448 2303 564 2371; x_wconf 90' lang='lat' dir='ltr'><strong>malae</strong></span> <span class='ocrx_word' id='word_1_220' title='bbox 589 2315 624 2373; x_wconf 91' lang='lat' dir='ltr'><strong>et</strong></span> <span class='ocrx_word' id='word_1_221' title='bbox 646 2303 772 2373; x_wconf 79' lang='lat' dir='ltr'><strong>reterri</strong></span> <span class='ocrx_word' id='word_1_222' title='bbox 797 2297 855 2371; x_wconf 87' lang='lat' dir='ltr'><strong>hic</strong></span> <span class='ocrx_word' id='word_1_223' title='bbox 879 2302 1009 2393; x_wconf 91' lang='lat' dir='ltr'><strong>gradus</strong></span> <span class='ocrx_word' id='word_1_224' title='bbox 1032 2323 1111 2369; x_wconf 88' lang='lat' dir='ltr'><strong>eru·</strong></span> 
     </span>
     <span class='ocr_line' id='line_1_22' title="bbox 122 2398 1111 2501; baseline -0.01 -22"><span class='ocrx_word' id='word_1_225' title='bbox 122 2409 197 2479; x_wconf 90' lang='lat' dir='ltr'><strong>dite</strong></span> <span class='ocrx_word' id='word_1_226' title='bbox 226 2419 344 2501; x_wconf 89' lang='lat' dir='ltr'><strong>potest</strong></span> <span class='ocrx_word' id='word_1_227' title='bbox 376 2406 424 2475; x_wconf 91' lang='lat' dir='ltr'><strong>ad</strong></span> <span class='ocrx_word' id='word_1_228' title='bbox 449 2405 584 2475; x_wconf 89' lang='lat' dir='ltr'><strong>malum</strong></span> <span class='ocrx_word' id='word_1_229' title='bbox 609 2430 766 2496; x_wconf 89' lang='lat' dir='ltr'><strong>poenae,</strong></span> <span class='ocrx_word' id='word_1_230' title='bbox 798 2405 890 2476; x_wconf 90' lang='lat' dir='ltr'><strong>sicut</strong></span> <span class='ocrx_word' id='word_1_231' title='bbox 909 2398 1111 2494; x_wconf 88' lang='lat' dir='ltr'><strong>Prophetae</strong></span> 
     </span>
     <span class='ocr_line' id='line_1_23' title="bbox 124 2509 1114 2605; baseline -0.011 -22"><span class='ocrx_word' id='word_1_232' title='bbox 124 2536 229 2605; x_wconf 89' lang='lat' dir='ltr'><strong>saepe</strong></span> <span class='ocrx_word' id='word_1_233' title='bbox 253 2511 291 2578; x_wconf 93' lang='lat' dir='ltr'><strong>in</strong></span> <span class='ocrx_word' id='word_1_234' title='bbox 317 2532 446 2600; x_wconf 90' lang='lat' dir='ltr'><strong>genere</strong></span> <span class='ocrx_word' id='word_1_235' title='bbox 467 2509 665 2602; x_wconf 89' lang='lat' dir='ltr'><strong>loquuntur</strong></span> <span class='ocrx_word' id='word_1_236' title='bbox 687 2510 731 2579; x_wconf 90' lang='lat' dir='ltr'><strong>de</strong></span> <span class='ocrx_word' id='word_1_237' title='bbox 756 2509 852 2577; x_wconf 92' lang='lat' dir='ltr'><strong>malo</strong></span> <span class='ocrx_word' id='word_1_238' title='bbox 876 2530 1031 2600; x_wconf 89' lang='lat' dir='ltr'><strong>poenae,</strong></span> <span class='ocrx_word' id='word_1_239' title='bbox 1072 2516 1114 2574; x_wconf 92' lang='lat' dir='ltr'><strong>ut</strong></span> 
     </span>
     <span class='ocr_line' id='line_1_24' title="bbox 123 2606 1112 2708; baseline -0.011 -23"><span class='ocrx_word' id='word_1_240' title='bbox 123 2611 366 2708; x_wconf 60' lang='lat' dir='ltr'><strong>leremias”):</strong></span> <span class='ocrx_word' id='word_1_241' title='bbox 400 2611 539 2681; x_wconf 81' lang='lat' dir='ltr'><strong>Erote</strong></span> <span class='ocrx_word' id='word_1_242' title='bbox 563 2610 731 2696; x_wconf 92' lang='lat' dir='ltr'><strong>Domini,</strong></span> <span class='ocrx_word' id='word_1_243' title='bbox 755 2612 851 2681; x_wconf 89' lang='lat' dir='ltr'><strong>hona</strong></span> <span class='ocrx_word' id='word_1_244' title='bbox 875 2622 911 2678; x_wconf 91' lang='lat' dir='ltr'><strong>et</strong></span> <span class='ocrx_word' id='word_1_245' title='bbox 932 2609 1048 2690; x_wconf 90' lang='lat' dir='ltr'><strong>mala,</strong></span> <span class='ocrx_word' id='word_1_246' title='bbox 1075 2606 1112 2675; x_wconf 95' lang='lat' dir='ltr'><strong>id</strong></span> 
     </span>
     <span class='ocr_line' id='line_1_25' title="bbox 124 2708 1113 2810; baseline -0.013 -21"><span class='ocrx_word' id='word_1_247' title='bbox 124 2731 195 2802; x_wconf 90' lang='lat' dir='ltr'><strong>est,</strong></span> <span class='ocrx_word' id='word_1_248' title='bbox 220 2740 370 2810; x_wconf 86' lang='lat' dir='ltr'><strong>poenae.</strong></span> <span class='ocrx_word' id='word_1_249' title='bbox 412 2715 469 2784; x_wconf 90' lang='lat' dir='ltr'><strong>Sic</strong></span> <span class='ocrx_word' id='word_1_250' title='bbox 486 2727 520 2782; x_wconf 90' lang='lat' dir='ltr'><strong>et</strong></span> <span class='ocrx_word' id='word_1_251' title='bbox 535 2715 657 2783; x_wconf 86' lang='lat' dir='ltr'><strong>dextre</strong></span> <span class='ocrx_word' id='word_1_252' title='bbox 674 2714 807 2785; x_wconf 89' lang='lat' dir='ltr'><strong>dictum</strong></span> <span class='ocrx_word' id='word_1_253' title='bbox 820 2712 948 2783; x_wconf 86' lang='lat' dir='ltr'><strong>Esaiae</strong></span> <span class='ocrx_word' id='word_1_254' title='bbox 964 2708 1113 2800; x_wconf 91' lang='lat' dir='ltr'><strong>intelligi</strong></span> 
     </span>
     <span class='ocr_line' id='line_1_26' title="bbox 126 2813 1111 2914; baseline -0.011 -23"><span class='ocrx_word' id='word_1_255' title='bbox 126 2834 259 2914; x_wconf 92' lang='lat' dir='ltr'><strong>potest:</strong></span> <span class='ocrx_word' id='word_1_256' title='bbox 285 2818 362 2909; x_wconf 87' lang='lat' dir='ltr'><strong>Ego</strong></span> <span class='ocrx_word' id='word_1_257' title='bbox 377 2842 455 2887; x_wconf 86' lang='lat' dir='ltr'><strong>snm</strong></span> <span class='ocrx_word' id='word_1_258' title='bbox 471 2816 586 2900; x_wconf 89' lang='lat' dir='ltr'><strong>Deus,</strong></span> <span class='ocrx_word' id='word_1_259' title='bbox 612 2817 744 2886; x_wconf 86' lang='lat' dir='ltr'><strong>iaciens</strong></span> <span class='ocrx_word' id='word_1_260' title='bbox 759 2817 896 2885; x_wconf 90' lang='lat' dir='ltr'><strong>bonum</strong></span> <span class='ocrx_word' id='word_1_261' title='bbox 914 2826 949 2884; x_wconf 88' lang='lat' dir='ltr'><strong>et</strong></span> <span class='ocrx_word' id='word_1_262' title='bbox 963 2813 1111 2895; x_wconf 90' lang='lat' dir='ltr'><strong>malum,</strong></span> 
     </span>
     <span class='ocr_line' id='line_1_27' title="bbox 125 2924 422 3013; baseline -0.003 -23"><span class='ocrx_word' id='word_1_263' title='bbox 125 2924 163 2992; x_wconf 93' lang='lat' dir='ltr'><strong>id</strong></span> <span class='ocrx_word' id='word_1_264' title='bbox 179 2935 250 3005; x_wconf 88' lang='lat' dir='ltr'><strong>est,</strong></span> <span class='ocrx_word' id='word_1_265' title='bbox 276 2943 422 3013; x_wconf 86' lang='lat' dir='ltr'><strong>poenas.</strong></span> 
     </span>
    </p>
   </div>
   <div class='ocr_carea' id='block_1_6' title="bbox 442 3068 799 3159">
    <p class='ocr_par' dir='ltr' id='par_1_6' title="bbox 442 3068 799 3159">
     <span class='ocr_line' id='line_1_28' title="bbox 442 3068 799 3159; baseline -0.008 -15"><span class='ocrx_word' id='word_1_266' title='bbox 442 3071 541 3159; x_wconf 82' lang='lat' dir='ltr'><strong>Quid</strong></span> <span class='ocrx_word' id='word_1_267' title='bbox 568 3082 628 3145; x_wconf 86' lang='lat' dir='ltr'><strong>est</strong></span> <span class='ocrx_word' id='word_1_268' title='bbox 652 3068 799 3144; x_wconf 82' lang='lat' dir='ltr'><strong>virtus?</strong></span> 
     </span>
    </p>
   </div>
   <div class='ocr_carea' id='block_1_7' title="bbox 124 3204 1112 4011">
    <p class='ocr_par' dir='ltr' id='par_1_7' title="bbox 124 3204 1112 3710">
     <span class='ocr_line' id='line_1_29' title="bbox 229 3204 1112 3301; baseline -0.011 -18"><span class='ocrx_word' id='word_1_269' title='bbox 229 3213 368 3283; x_wconf 89' lang='lat' dir='ltr'><strong>Usitata</strong></span> <span class='ocrx_word' id='word_1_270' title='bbox 397 3208 557 3279; x_wconf 87' lang='lat' dir='ltr'><strong>delinitio</strong></span> <span class='ocrx_word' id='word_1_271' title='bbox 584 3221 618 3277; x_wconf 90' lang='lat' dir='ltr'><strong>et</strong></span> <span class='ocrx_word' id='word_1_272' title='bbox 640 3205 724 3279; x_wconf 86' lang='lat' dir='ltr'><strong>satis</strong></span> <span class='ocrx_word' id='word_1_273' title='bbox 746 3207 851 3301; x_wconf 92' lang='lat' dir='ltr'><strong>plana</strong></span> <span class='ocrx_word' id='word_1_274' title='bbox 878 3217 946 3275; x_wconf 88' lang='lat' dir='ltr'><strong>est:</strong></span> <span class='ocrx_word' id='word_1_275' title='bbox 990 3204 1112 3293; x_wconf 85' lang='lat' dir='ltr'><strong>Virtus</strong></span> 
     </span>
     <span class='ocr_line' id='line_1_30' title="bbox 124 3307 1111 3398; baseline -0.011 -12"><span class='ocrx_word' id='word_1_276' title='bbox 124 3330 178 3388; x_wconf 89' lang='lat' dir='ltr'><strong>est</strong></span> <span class='ocrx_word' id='word_1_277' title='bbox 191 3314 354 3398; x_wconf 90' lang='lat' dir='ltr'><strong>habitus,</strong></span> <span class='ocrx_word' id='word_1_278' title='bbox 381 3312 556 3382; x_wconf 90' lang='lat' dir='ltr'><strong>inclinans</strong></span> <span class='ocrx_word' id='word_1_279' title='bbox 572 3310 795 3379; x_wconf 89' lang='lat' dir='ltr'><strong>voluntatem</strong></span> <span class='ocrx_word' id='word_1_280' title='bbox 812 3310 858 3379; x_wconf 92' lang='lat' dir='ltr'><strong>ad</strong></span> <span class='ocrx_word' id='word_1_281' title='bbox 874 3307 1111 3378; x_wconf 88' lang='lat' dir='ltr'><strong>obediendum</strong></span> 
     </span>
     <span class='ocr_line' id='line_1_31' title="bbox 125 3408 1111 3490; baseline -0.012 0"><span class='ocrx_word' id='word_1_282' title='bbox 125 3433 242 3490; x_wconf 88' lang='lat' dir='ltr'><strong>rectae</strong></span> <span class='ocrx_word' id='word_1_283' title='bbox 271 3416 416 3487; x_wconf 87' lang='lat' dir='ltr'><strong>rationi.</strong></span> <span class='ocrx_word' id='word_1_284' title='bbox 477 3415 656 3484; x_wconf 88' lang='lat' dir='ltr'><strong>Monstrat</strong></span> <span class='ocrx_word' id='word_1_285' title='bbox 686 3426 803 3482; x_wconf 89' lang='lat' dir='ltr'><strong>autem</strong></span> <span class='ocrx_word' id='word_1_286' title='bbox 835 3408 924 3481; x_wconf 90' lang='lat' dir='ltr'><strong>haec</strong></span> <span class='ocrx_word' id='word_1_287' title='bbox 952 3410 1111 3480; x_wconf 86' lang='lat' dir='ltr'><strong>delinitio</strong></span> 
     </span>
     <span class='ocr_line' id='line_1_32' title="bbox 127 3510 1111 3606; baseline -0.012 -13"><span class='ocrx_word' id='word_1_288' title='bbox 127 3549 269 3606; x_wconf 86' lang='lat' dir='ltr'><strong>causas,</strong></span> <span class='ocrx_word' id='word_1_289' title='bbox 296 3534 331 3590; x_wconf 87' lang='lat' dir='ltr'><strong>et</strong></span> <span class='ocrx_word' id='word_1_290' title='bbox 354 3533 395 3590; x_wconf 91' lang='lat' dir='ltr'><strong>ut</strong></span> <span class='ocrx_word' id='word_1_291' title='bbox 417 3519 454 3588; x_wconf 90' lang='lat' dir='ltr'><strong>in</strong></span> <span class='ocrx_word' id='word_1_292' title='bbox 476 3517 622 3588; x_wconf 92' lang='lat' dir='ltr'><strong>caeteris</strong></span> <span class='ocrx_word' id='word_1_293' title='bbox 637 3516 815 3600; x_wconf 86' lang='lat' dir='ltr'><strong>materiis,</strong></span> <span class='ocrx_word' id='word_1_294' title='bbox 847 3515 895 3585; x_wconf 90' lang='lat' dir='ltr'><strong>ita</strong></span> <span class='ocrx_word' id='word_1_295' title='bbox 917 3510 975 3583; x_wconf 89' lang='lat' dir='ltr'><strong>hic</strong></span> <span class='ocrx_word' id='word_1_296' title='bbox 997 3511 1111 3582; x_wconf 86' lang='lat' dir='ltr'><strong>consi-</strong></span> 
     </span>
     <span class='ocr_line' id='line_1_33' title="bbox 126 3619 798 3710; baseline -0.01 -14"><span class='ocrx_word' id='word_1_297' title='bbox 126 3627 258 3696; x_wconf 87' lang='lat' dir='ltr'><strong>deratis</strong></span> <span class='ocrx_word' id='word_1_298' title='bbox 276 3623 408 3705; x_wconf 90' lang='lat' dir='ltr'><strong>causis,</strong></span> <span class='ocrx_word' id='word_1_299' title='bbox 435 3646 491 3691; x_wconf 93' lang='lat' dir='ltr'><strong>res</strong></span> <span class='ocrx_word' id='word_1_300' title='bbox 507 3623 546 3689; x_wconf 88' lang='lat' dir='ltr'><strong>fit</strong></span> <span class='ocrx_word' id='word_1_301' title='bbox 565 3619 798 3710; x_wconf 89' lang='lat' dir='ltr'><strong>conspectior.</strong></span> 
     </span>
    </p>

    <p class='ocr_par' dir='ltr' id='par_1_8' title="bbox 125 3717 1112 4011">
     <span class='ocr_line' id='line_1_34' title="bbox 229 3717 1112 3815; baseline -0.012 -19"><span class='ocrx_word' id='word_1_302' title='bbox 229 3728 330 3797; x_wconf 92' lang='lat' dir='ltr'><strong>Duae</strong></span> <span class='ocrx_word' id='word_1_303' title='bbox 348 3748 473 3794; x_wconf 88' lang='lat' dir='ltr'><strong>causae</strong></span> <span class='ocrx_word' id='word_1_304' title='bbox 488 3722 676 3793; x_wconf 85' lang='lat' dir='ltr'><strong>efficientes</strong></span> <span class='ocrx_word' id='word_1_305' title='bbox 696 3720 911 3815; x_wconf 87' lang='lat' dir='ltr'><strong>principales</strong></span> <span class='ocrx_word' id='word_1_306' title='bbox 934 3732 968 3788; x_wconf 89' lang='lat' dir='ltr'><strong>et</strong></span> <span class='ocrx_word' id='word_1_307' title='bbox 993 3717 1112 3810; x_wconf 89' lang='lat' dir='ltr'><strong>proxi-</strong></span> 
     </span>
     <span class='ocr_line' id='line_1_35' title="bbox 125 3822 1112 3916; baseline -0.012 -16"><span class='ocrx_word' id='word_1_308' title='bbox 125 3855 205 3901; x_wconf 89' lang='lat' dir='ltr'><strong>mae</strong></span> <span class='ocrx_word' id='word_1_309' title='bbox 222 3841 306 3902; x_wconf 88' lang='lat' dir='ltr'><strong>sunt</strong></span> <span class='ocrx_word' id='word_1_310' title='bbox 322 3827 482 3907; x_wconf 89' lang='lat' dir='ltr'><strong>virtutis,</strong></span> <span class='ocrx_word' id='word_1_311' title='bbox 509 3825 641 3896; x_wconf 87' lang='lat' dir='ltr'><strong>scilicet</strong></span> <span class='ocrx_word' id='word_1_312' title='bbox 656 3848 756 3894; x_wconf 90' lang='lat' dir='ltr'><strong>mens</strong></span> <span class='ocrx_word' id='word_1_313' title='bbox 769 3824 970 3916; x_wconf 90' lang='lat' dir='ltr'><strong>gubernans</strong></span> <span class='ocrx_word' id='word_1_314' title='bbox 986 3822 1112 3889; x_wconf 85' lang='lat' dir='ltr'><strong>volun-</strong></span> 
     </span>
     <span class='ocr_line' id='line_1_36' title="bbox 125 3925 1112 4011; baseline -0.012 -7"><span class='ocrx_word' id='word_1_315' title='bbox 125 3947 235 4004; x_wconf 85' lang='lat' dir='ltr'><strong>tatem</strong></span> <span class='ocrx_word' id='word_1_316' title='bbox 264 3943 361 4001; x_wconf 89' lang='lat' dir='ltr'><strong>recto</strong></span> <span class='ocrx_word' id='word_1_317' title='bbox 394 3928 547 4011; x_wconf 74' lang='lat' dir='ltr'><strong>iudicio„</strong></span> <span class='ocrx_word' id='word_1_318' title='bbox 581 3940 615 3995; x_wconf 89' lang='lat' dir='ltr'><strong>et</strong></span> <span class='ocrx_word' id='word_1_319' title='bbox 646 3928 828 4008; x_wconf 89' lang='lat' dir='ltr'><strong>voluntas,</strong></span> <span class='ocrx_word' id='word_1_320' title='bbox 860 3925 991 4006; x_wconf 89' lang='lat' dir='ltr'><strong>libere,</strong></span> <span class='ocrx_word' id='word_1_321' title='bbox 1029 3948 1112 3992; x_wconf 92' lang='lat' dir='ltr'><strong>con-</strong></span> 
     </span>
    </p>
   </div>
   <div class='ocr_carea' id='block_1_8' title="bbox 1161 1482 2152 4042">
    <p class='ocr_par' dir='ltr' id='par_1_9' title="bbox 1161 1482 2148 1780">
     <span class='ocr_line' id='line_1_37' title="bbox 1161 1482 2147 1574; baseline -0.002 -23"><span class='ocrx_word' id='word_1_322' title='bbox 1161 1485 1256 1553; x_wconf 89' lang='lat' dir='ltr'><strong>dona</strong></span> <span class='ocrx_word' id='word_1_323' title='bbox 1274 1482 1387 1552; x_wconf 89' lang='lat' dir='ltr'><strong>voluit</strong></span> <span class='ocrx_word' id='word_1_324' title='bbox 1402 1482 1645 1553; x_wconf 85' lang='lat' dir='ltr'><strong>testimonium</strong></span> <span class='ocrx_word' id='word_1_325' title='bbox 1661 1508 1734 1554; x_wconf 89' lang='lat' dir='ltr'><strong>esse</strong></span> <span class='ocrx_word' id='word_1_326' title='bbox 1748 1484 1871 1574; x_wconf 89' lang='lat' dir='ltr'><strong>magni</strong></span> <span class='ocrx_word' id='word_1_327' title='bbox 1891 1496 1926 1554; x_wconf 90' lang='lat' dir='ltr'><strong>et</strong></span> <span class='ocrx_word' id='word_1_328' title='bbox 1948 1482 2026 1552; x_wconf 82' lang='lat' dir='ltr'><strong>veri</strong></span> <span class='ocrx_word' id='word_1_329' title='bbox 2045 1504 2147 1550; x_wconf 88' lang='lat' dir='ltr'><strong>amo·</strong></span> 
     </span>
     <span class='ocr_line' id='line_1_38' title="bbox 1161 1585 2148 1678; baseline -0.005 -22"><span class='ocrx_word' id='word_1_330' title='bbox 1161 1585 1210 1656; x_wconf 91' lang='lat' dir='ltr'><strong>ris</strong></span> <span class='ocrx_word' id='word_1_331' title='bbox 1227 1610 1310 1676; x_wconf 85' lang='lat' dir='ltr'><strong>erga</strong></span> <span class='ocrx_word' id='word_1_332' title='bbox 1326 1610 1403 1656; x_wconf 90' lang='lat' dir='ltr'><strong>nos.</strong></span> <span class='ocrx_word' id='word_1_333' title='bbox 1455 1585 1559 1654; x_wconf 89' lang='lat' dir='ltr'><strong>Hunc</strong></span> <span class='ocrx_word' id='word_1_334' title='bbox 1575 1611 1736 1655; x_wconf 91' lang='lat' dir='ltr'><strong>amorem</strong></span> <span class='ocrx_word' id='word_1_335' title='bbox 1751 1610 1944 1678; x_wconf 88' lang='lat' dir='ltr'><strong>agnoscere</strong></span> <span class='ocrx_word' id='word_1_336' title='bbox 1956 1610 2022 1657; x_wconf 84' lang='lat' dir='ltr'><strong>nos</strong></span> <span class='ocrx_word' id='word_1_337' title='bbox 2039 1604 2148 1676; x_wconf 88' lang='lat' dir='ltr'><strong>opor·</strong></span> 
     </span>
     <span class='ocr_line' id='line_1_39' title="bbox 1163 1687 1808 1780; baseline 0 -21"><span class='ocrx_word' id='word_1_338' title='bbox 1163 1689 1276 1771; x_wconf 80' lang='lat' dir='ltr'><strong>tabat,</strong></span> <span class='ocrx_word' id='word_1_339' title='bbox 1299 1700 1334 1757; x_wconf 87' lang='lat' dir='ltr'><strong>et</strong></span> <span class='ocrx_word' id='word_1_340' title='bbox 1348 1687 1501 1758; x_wconf 89' lang='lat' dir='ltr'><strong>vicissim</strong></span> <span class='ocrx_word' id='word_1_341' title='bbox 1518 1687 1634 1759; x_wconf 89' lang='lat' dir='ltr'><strong>Deum</strong></span> <span class='ocrx_word' id='word_1_342' title='bbox 1651 1689 1808 1780; x_wconf 83' lang='lat' dir='ltr'><strong>diligere.</strong></span> 
     </span>
    </p>

    <p class='ocr_par' dir='ltr' id='par_1_10' title="bbox 1162 1785 2152 3508">
     <span class='ocr_line' id='line_1_40' title="bbox 1262 1785 2149 1883; baseline -0.007 -22"><span class='ocrx_word' id='word_1_343' title='bbox 1262 1790 1340 1861; x_wconf 83' lang='lat' dir='ltr'><strong>Etsi</strong></span> <span class='ocrx_word' id='word_1_344' title='bbox 1355 1804 1473 1860; x_wconf 90' lang='lat' dir='ltr'><strong>autem</strong></span> <span class='ocrx_word' id='word_1_345' title='bbox 1491 1804 1573 1883; x_wconf 85' lang='lat' dir='ltr'><strong>post</strong></span> <span class='ocrx_word' id='word_1_346' title='bbox 1585 1791 1876 1883; x_wconf 87' lang='lat' dir='ltr'><strong>depravationem</strong></span> <span class='ocrx_word' id='word_1_347' title='bbox 1897 1802 2067 1872; x_wconf 87' lang='lat' dir='ltr'><strong>naturae,</strong></span> <span class='ocrx_word' id='word_1_348' title='bbox 2092 1785 2149 1855; x_wconf 90' lang='lat' dir='ltr'><strong>in·</strong></span> 
     </span>
     <span class='ocr_line' id='line_1_41' title="bbox 1162 1893 2150 1984; baseline -0.004 -23"><span class='ocrx_word' id='word_1_349' title='bbox 1162 1918 1247 1984; x_wconf 90' lang='lat' dir='ltr'><strong>gens</strong></span> <span class='ocrx_word' id='word_1_350' title='bbox 1277 1906 1311 1962; x_wconf 87' lang='lat' dir='ltr'><strong>et</strong></span> <span class='ocrx_word' id='word_1_351' title='bbox 1335 1893 1446 1963; x_wconf 89' lang='lat' dir='ltr'><strong>tristis</strong></span> <span class='ocrx_word' id='word_1_352' title='bbox 1475 1895 1697 1966; x_wconf 89' lang='lat' dir='ltr'><strong>imbecillitas</strong></span> <span class='ocrx_word' id='word_1_353' title='bbox 1725 1907 1843 1965; x_wconf 87' lang='lat' dir='ltr'><strong>secuta</strong></span> <span class='ocrx_word' id='word_1_354' title='bbox 1868 1905 1939 1976; x_wconf 88' lang='lat' dir='ltr'><strong>est,</strong></span> <span class='ocrx_word' id='word_1_355' title='bbox 1968 1904 2090 1960; x_wconf 88' lang='lat' dir='ltr'><strong>tamen</strong></span> <span class='ocrx_word' id='word_1_356' title='bbox 2113 1901 2150 1957; x_wconf 85' lang='lat' dir='ltr'><strong>et</strong></span> 
     </span>
     <span class='ocr_line' id='line_1_42' title="bbox 1163 1993 2149 2087; baseline -0.004 -22"><span class='ocrx_word' id='word_1_357' title='bbox 1163 2021 1263 2065; x_wconf 90' lang='lat' dir='ltr'><strong>mens</strong></span> <span class='ocrx_word' id='word_1_358' title='bbox 1278 1996 1408 2066; x_wconf 86' lang='lat' dir='ltr'><strong>retinet</strong></span> <span class='ocrx_word' id='word_1_359' title='bbox 1422 1995 1544 2067; x_wconf 84' lang='lat' dir='ltr'><strong>insitas</strong></span> <span class='ocrx_word' id='word_1_360' title='bbox 1558 1997 1723 2080; x_wconf 91' lang='lat' dir='ltr'><strong>notitias,</strong></span> <span class='ocrx_word' id='word_1_361' title='bbox 1750 2010 1785 2067; x_wconf 89' lang='lat' dir='ltr'><strong>et</strong></span> <span class='ocrx_word' id='word_1_362' title='bbox 1804 1997 1969 2067; x_wconf 84' lang='lat' dir='ltr'><strong>voluntas</strong></span> <span class='ocrx_word' id='word_1_363' title='bbox 1987 1993 2149 2087; x_wconf 86' lang='lat' dir='ltr'><strong>aliquam</strong></span> 
     </span>
     <span class='ocr_line' id='line_1_43' title="bbox 1162 2094 2148 2192; baseline -0.004 -26"><span class='ocrx_word' id='word_1_364' title='bbox 1162 2099 1384 2182; x_wconf 86' lang='lat' dir='ltr'><strong>libertatem,</strong></span> <span class='ocrx_word' id='word_1_365' title='bbox 1410 2100 1494 2192; x_wconf 89' lang='lat' dir='ltr'><strong>quia</strong></span> <span class='ocrx_word' id='word_1_366' title='bbox 1512 2098 1609 2171; x_wconf 85' lang='lat' dir='ltr'><strong>Deus</strong></span> <span class='ocrx_word' id='word_1_367' title='bbox 1632 2100 1708 2169; x_wconf 78' lang='lat' dir='ltr'><strong>vcrlt</strong></span> <span class='ocrx_word' id='word_1_368' title='bbox 1723 2101 1840 2170; x_wconf 89' lang='lat' dir='ltr'><strong>lucere</strong></span> <span class='ocrx_word' id='word_1_369' title='bbox 1866 2099 1905 2168; x_wconf 94' lang='lat' dir='ltr'><strong>in</strong></span> <span class='ocrx_word' id='word_1_370' title='bbox 1926 2096 2031 2168; x_wconf 87' lang='lat' dir='ltr'><strong>nobis</strong></span> <span class='ocrx_word' id='word_1_371' title='bbox 2049 2094 2148 2165; x_wconf 78' lang='lat' dir='ltr'><strong>terti·</strong></span> 
     </span>
     <span class='ocr_line' id='line_1_44' title="bbox 1162 2200 2150 2296; baseline -0.003 -26"><span class='ocrx_word' id='word_1_372' title='bbox 1162 2201 1308 2286; x_wconf 88' lang='lat' dir='ltr'><strong>monia,</strong></span> <span class='ocrx_word' id='word_1_373' title='bbox 1334 2202 1433 2296; x_wconf 91' lang='lat' dir='ltr'><strong>quod</strong></span> <span class='ocrx_word' id='word_1_374' title='bbox 1450 2202 1515 2285; x_wconf 91' lang='lat' dir='ltr'><strong>sit,</strong></span> <span class='ocrx_word' id='word_1_375' title='bbox 1539 2202 1654 2296; x_wconf 89' lang='lat' dir='ltr'><strong>qualis</strong></span> <span class='ocrx_word' id='word_1_376' title='bbox 1668 2202 1732 2286; x_wconf 91' lang='lat' dir='ltr'><strong>sit,</strong></span> <span class='ocrx_word' id='word_1_377' title='bbox 1759 2215 1794 2272; x_wconf 92' lang='lat' dir='ltr'><strong>et</strong></span> <span class='ocrx_word' id='word_1_378' title='bbox 1813 2203 1912 2296; x_wconf 87' lang='lat' dir='ltr'><strong>quod</strong></span> <span class='ocrx_word' id='word_1_379' title='bbox 1927 2200 2150 2271; x_wconf 87' lang='lat' dir='ltr'><strong>iudicaturus</strong></span> 
     </span>
     <span class='ocr_line' id='line_1_45' title="bbox 1162 2304 2149 2396; baseline -0.006 -21"><span class='ocrx_word' id='word_1_380' title='bbox 1162 2307 1229 2388; x_wconf 91' lang='lat' dir='ltr'><strong>sit,</strong></span> <span class='ocrx_word' id='word_1_381' title='bbox 1263 2317 1298 2374; x_wconf 90' lang='lat' dir='ltr'><strong>et</strong></span> <span class='ocrx_word' id='word_1_382' title='bbox 1320 2306 1397 2374; x_wconf 89' lang='lat' dir='ltr'><strong>vult</strong></span> <span class='ocrx_word' id='word_1_383' title='bbox 1418 2305 1643 2396; x_wconf 89' lang='lat' dir='ltr'><strong>disciplinam</strong></span> <span class='ocrx_word' id='word_1_384' title='bbox 1666 2304 2047 2375; x_wconf 83' lang='lat' dir='ltr'><strong>cornmonelactionem</strong></span> <span class='ocrx_word' id='word_1_385' title='bbox 2071 2323 2149 2371; x_wconf 84' lang='lat' dir='ltr'><strong>esse</strong></span> 
     </span>
     <span class='ocr_line' id='line_1_46' title="bbox 1163 2403 2151 2499; baseline 0.003 -23"><span class='ocrx_word' id='word_1_386' title='bbox 1163 2409 1206 2476; x_wconf 91' lang='lat' dir='ltr'><strong>de</strong></span> <span class='ocrx_word' id='word_1_387' title='bbox 1229 2407 1319 2499; x_wconf 87' lang='lat' dir='ltr'><strong>ipso.</strong></span> <span class='ocrx_word' id='word_1_388' title='bbox 1379 2407 1500 2499; x_wconf 86' lang='lat' dir='ltr'><strong>Quare</strong></span> <span class='ocrx_word' id='word_1_389' title='bbox 1528 2407 1699 2478; x_wconf 91' lang='lat' dir='ltr'><strong>iudicium</strong></span> <span class='ocrx_word' id='word_1_390' title='bbox 1727 2408 1812 2479; x_wconf 88' lang='lat' dir='ltr'><strong>ideo</strong></span> <span class='ocrx_word' id='word_1_391' title='bbox 1840 2421 1976 2478; x_wconf 89' lang='lat' dir='ltr'><strong>rectum</strong></span> <span class='ocrx_word' id='word_1_392' title='bbox 2005 2403 2151 2486; x_wconf 81' lang='lat' dir='ltr'><strong>dicitur,</strong></span> 
     </span>
     <span class='ocr_line' id='line_1_47' title="bbox 1164 2508 2150 2604; baseline -0.005 -25"><span class='ocrx_word' id='word_1_393' title='bbox 1164 2510 1247 2604; x_wconf 88' lang='lat' dir='ltr'><strong>quia</strong></span> <span class='ocrx_word' id='word_1_394' title='bbox 1270 2509 1419 2579; x_wconf 91' lang='lat' dir='ltr'><strong>notitiae</strong></span> <span class='ocrx_word' id='word_1_395' title='bbox 1447 2525 1649 2601; x_wconf 89' lang='lat' dir='ltr'><strong>congruunt</strong></span> <span class='ocrx_word' id='word_1_396' title='bbox 1671 2535 1751 2580; x_wconf 90' lang='lat' dir='ltr'><strong>cum</strong></span> <span class='ocrx_word' id='word_1_397' title='bbox 1774 2523 1918 2580; x_wconf 89' lang='lat' dir='ltr'><strong>aeterna</strong></span> <span class='ocrx_word' id='word_1_398' title='bbox 1940 2522 1975 2578; x_wconf 89' lang='lat' dir='ltr'><strong>et</strong></span> <span class='ocrx_word' id='word_1_399' title='bbox 1997 2508 2150 2578; x_wconf 83' lang='lat' dir='ltr'><strong>immota</strong></span> 
     </span>
     <span class='ocr_line' id='line_1_48' title="bbox 1163 2611 2149 2706; baseline -0.003 -25"><span class='ocrx_word' id='word_1_400' title='bbox 1163 2613 1233 2683; x_wconf 90' lang='lat' dir='ltr'><strong>Dei</strong></span> <span class='ocrx_word' id='word_1_401' title='bbox 1250 2625 1389 2696; x_wconf 88' lang='lat' dir='ltr'><strong>mente,</strong></span> <span class='ocrx_word' id='word_1_402' title='bbox 1422 2626 1457 2683; x_wconf 88' lang='lat' dir='ltr'><strong>et</strong></span> <span class='ocrx_word' id='word_1_403' title='bbox 1481 2625 1566 2683; x_wconf 88' lang='lat' dir='ltr'><strong>tunc</strong></span> <span class='ocrx_word' id='word_1_404' title='bbox 1591 2615 1756 2686; x_wconf 86' lang='lat' dir='ltr'><strong>voluntas</strong></span> <span class='ocrx_word' id='word_1_405' title='bbox 1778 2615 1873 2683; x_wconf 86' lang='lat' dir='ltr'><strong>bone</strong></span> <span class='ocrx_word' id='word_1_406' title='bbox 1900 2624 1969 2695; x_wconf 88' lang='lat' dir='ltr'><strong>est,</strong></span> <span class='ocrx_word' id='word_1_407' title='bbox 2001 2611 2149 2706; x_wconf 87' lang='lat' dir='ltr'><strong>qnando</strong></span> 
     </span>
     <span class='ocr_line' id='line_1_49' title="bbox 1164 2710 2150 2808; baseline -0.002 -22"><span class='ocrx_word' id='word_1_408' title='bbox 1164 2743 1244 2787; x_wconf 90' lang='lat' dir='ltr'><strong>cum</strong></span> <span class='ocrx_word' id='word_1_409' title='bbox 1269 2717 1329 2787; x_wconf 92' lang='lat' dir='ltr'><strong>illa</strong></span> <span class='ocrx_word' id='word_1_410' title='bbox 1352 2740 1481 2786; x_wconf 89' lang='lat' dir='ltr'><strong>norma</strong></span> <span class='ocrx_word' id='word_1_411' title='bbox 1504 2717 1633 2788; x_wconf 88' lang='lat' dir='ltr'><strong>mentis</strong></span> <span class='ocrx_word' id='word_1_412' title='bbox 1659 2717 1801 2787; x_wconf 89' lang='lat' dir='ltr'><strong>divinae</strong></span> <span class='ocrx_word' id='word_1_413' title='bbox 1824 2715 1999 2808; x_wconf 84' lang='lat' dir='ltr'><strong>congruit.</strong></span> <span class='ocrx_word' id='word_1_414' title='bbox 2064 2710 2150 2784; x_wconf 87' lang='lat' dir='ltr'><strong>ldeo</strong></span> 
     </span>
     <span class='ocr_line' id='line_1_50' title="bbox 1164 2816 2150 2913; baseline -0.001 -24"><span class='ocrx_word' id='word_1_415' title='bbox 1164 2845 1244 2889; x_wconf 90' lang='lat' dir='ltr'><strong>cum</strong></span> <span class='ocrx_word' id='word_1_416' title='bbox 1267 2820 1311 2887; x_wconf 92' lang='lat' dir='ltr'><strong>de</strong></span> <span class='ocrx_word' id='word_1_417' title='bbox 1333 2820 1447 2890; x_wconf 90' lang='lat' dir='ltr'><strong>causis</strong></span> <span class='ocrx_word' id='word_1_418' title='bbox 1469 2819 1641 2890; x_wconf 88' lang='lat' dir='ltr'><strong>virtutum</strong></span> <span class='ocrx_word' id='word_1_419' title='bbox 1665 2819 1813 2901; x_wconf 89' lang='lat' dir='ltr'><strong>dicitur,</strong></span> <span class='ocrx_word' id='word_1_420' title='bbox 1847 2833 1882 2889; x_wconf 87' lang='lat' dir='ltr'><strong>et</strong></span> <span class='ocrx_word' id='word_1_421' title='bbox 1899 2816 2061 2913; x_wconf 83' lang='lat' dir='ltr'><strong>quaestio</strong></span> <span class='ocrx_word' id='word_1_422' title='bbox 2086 2831 2150 2903; x_wconf 88' lang='lat' dir='ltr'><strong>est,</strong></span> 
     </span>
     <span class='ocr_line' id='line_1_51' title="bbox 1165 2919 2149 3015; baseline -0.001 -24"><span class='ocrx_word' id='word_1_423' title='bbox 1165 2947 1275 3015; x_wconf 90' lang='lat' dir='ltr'><strong>quare</strong></span> <span class='ocrx_word' id='word_1_424' title='bbox 1292 2919 1419 3013; x_wconf 87' lang='lat' dir='ltr'><strong>loseph</strong></span> <span class='ocrx_word' id='word_1_425' title='bbox 1435 2935 1528 2991; x_wconf 87' lang='lat' dir='ltr'><strong>recte</strong></span> <span class='ocrx_word' id='word_1_426' title='bbox 1543 2922 1667 3007; x_wconf 86' lang='lat' dir='ltr'><strong>faciat,</strong></span> <span class='ocrx_word' id='word_1_427' title='bbox 1695 2923 1739 2991; x_wconf 89' lang='lat' dir='ltr'><strong>ab</strong></span> <span class='ocrx_word' id='word_1_428' title='bbox 1756 2922 1872 2992; x_wconf 86' lang='lat' dir='ltr'><strong>aliena</strong></span> <span class='ocrx_word' id='word_1_429' title='bbox 1885 2919 2087 3008; x_wconf 85' lang='lat' dir='ltr'><strong>abstinens,</strong></span> <span class='ocrx_word' id='word_1_430' title='bbox 2111 2934 2149 2990; x_wconf 83' lang='lat' dir='ltr'><strong>et</strong></span> 
     </span>
     <span class='ocr_line' id='line_1_52' title="bbox 1164 3024 2149 3116; baseline 0 -23"><span class='ocrx_word' id='word_1_431' title='bbox 1164 3024 1283 3094; x_wconf 76' lang='lat' dir='ltr'><strong>David</strong></span> <span class='ocrx_word' id='word_1_432' title='bbox 1308 3049 1382 3093; x_wconf 94' lang='lat' dir='ltr'><strong>non</strong></span> <span class='ocrx_word' id='word_1_433' title='bbox 1411 3037 1505 3094; x_wconf 89' lang='lat' dir='ltr'><strong>recte</strong></span> <span class='ocrx_word' id='word_1_434' title='bbox 1529 3025 1656 3109; x_wconf 88' lang='lat' dir='ltr'><strong>faciat,</strong></span> <span class='ocrx_word' id='word_1_435' title='bbox 1694 3025 1838 3116; x_wconf 89' lang='lat' dir='ltr'><strong>rapiens</strong></span> <span class='ocrx_word' id='word_1_436' title='bbox 1859 3024 2034 3108; x_wconf 89' lang='lat' dir='ltr'><strong>alienam,</strong></span> <span class='ocrx_word' id='word_1_437' title='bbox 2072 3049 2149 3095; x_wconf 92' lang='lat' dir='ltr'><strong>non</strong></span> 
     </span>
     <span class='ocr_line' id='line_1_53' title="bbox 1164 3124 2152 3211; baseline -0.001 -13"><span class='ocrx_word' id='word_1_438' title='bbox 1164 3127 1277 3198; x_wconf 93' lang='lat' dir='ltr'><strong>solum</strong></span> <span class='ocrx_word' id='word_1_439' title='bbox 1294 3152 1421 3196; x_wconf 89' lang='lat' dir='ltr'><strong>norma</strong></span> <span class='ocrx_word' id='word_1_440' title='bbox 1437 3127 1476 3197; x_wconf 92' lang='lat' dir='ltr'><strong>in</strong></span> <span class='ocrx_word' id='word_1_441' title='bbox 1492 3141 1611 3198; x_wconf 89' lang='lat' dir='ltr'><strong>mente</strong></span> <span class='ocrx_word' id='word_1_442' title='bbox 1627 3124 1784 3198; x_wconf 91' lang='lat' dir='ltr'><strong>hominis</strong></span> <span class='ocrx_word' id='word_1_443' title='bbox 1806 3128 2066 3211; x_wconf 82' lang='lat' dir='ltr'><strong>consideretur,</strong></span> <span class='ocrx_word' id='word_1_444' title='bbox 2089 3131 2152 3199; x_wconf 86' lang='lat' dir='ltr'><strong>sed</strong></span> 
     </span>
     <span class='ocr_line' id='line_1_54' title="bbox 1164 3229 2151 3322; baseline 0 -22"><span class='ocrx_word' id='word_1_445' title='bbox 1164 3231 1271 3300; x_wconf 88' lang='lat' dir='ltr'><strong>simul</strong></span> <span class='ocrx_word' id='word_1_446' title='bbox 1285 3230 1477 3322; x_wconf 88' lang='lat' dir='ltr'><strong>aspiciatur</strong></span> <span class='ocrx_word' id='word_1_447' title='bbox 1491 3232 1550 3299; x_wconf 92' lang='lat' dir='ltr'><strong>illa</strong></span> <span class='ocrx_word' id='word_1_448' title='bbox 1567 3233 1682 3322; x_wconf 92' lang='lat' dir='ltr'><strong>prima</strong></span> <span class='ocrx_word' id='word_1_449' title='bbox 1702 3243 1736 3300; x_wconf 89' lang='lat' dir='ltr'><strong>et</strong></span> <span class='ocrx_word' id='word_1_450' title='bbox 1751 3231 1899 3301; x_wconf 89' lang='lat' dir='ltr'><strong>immota</strong></span> <span class='ocrx_word' id='word_1_451' title='bbox 1913 3229 2057 3321; x_wconf 90' lang='lat' dir='ltr'><strong>regula,</strong></span> <span class='ocrx_word' id='word_1_452' title='bbox 2083 3233 2151 3303; x_wconf 92' lang='lat' dir='ltr'><strong>sci·</strong></span> 
     </span>
     <span class='ocr_line' id='line_1_55' title="bbox 1163 3334 2151 3417; baseline 0.002 -15"><span class='ocrx_word' id='word_1_453' title='bbox 1163 3335 1245 3402; x_wconf 89' lang='lat' dir='ltr'><strong>licet</strong></span> <span class='ocrx_word' id='word_1_454' title='bbox 1258 3358 1359 3403; x_wconf 91' lang='lat' dir='ltr'><strong>mens</strong></span> <span class='ocrx_word' id='word_1_455' title='bbox 1377 3334 1517 3417; x_wconf 89' lang='lat' dir='ltr'><strong>divina,</strong></span> <span class='ocrx_word' id='word_1_456' title='bbox 1543 3337 1589 3403; x_wconf 92' lang='lat' dir='ltr'><strong>ad</strong></span> <span class='ocrx_word' id='word_1_457' title='bbox 1607 3336 1704 3405; x_wconf 90' lang='lat' dir='ltr'><strong>cuius</strong></span> <span class='ocrx_word' id='word_1_458' title='bbox 1720 3334 1988 3405; x_wconf 88' lang='lat' dir='ltr'><strong>similitudinem</strong></span> <span class='ocrx_word' id='word_1_459' title='bbox 2005 3336 2151 3405; x_wconf 89' lang='lat' dir='ltr'><strong>condita</strong></span> 
     </span>
     <span class='ocr_line' id='line_1_56' title="bbox 1164 3431 1763 3508; baseline 0 -1"><span class='ocrx_word' id='word_1_460' title='bbox 1164 3450 1216 3507; x_wconf 89' lang='lat' dir='ltr'><strong>est</strong></span> <span class='ocrx_word' id='word_1_461' title='bbox 1230 3431 1317 3505; x_wconf 87' lang='lat' dir='ltr'><strong>haec</strong></span> <span class='ocrx_word' id='word_1_462' title='bbox 1331 3437 1391 3506; x_wconf 81' lang='lat' dir='ltr'><strong>lux</strong></span> <span class='ocrx_word' id='word_1_463' title='bbox 1408 3437 1445 3505; x_wconf 92' lang='lat' dir='ltr'><strong>in</strong></span> <span class='ocrx_word' id='word_1_464' title='bbox 1461 3450 1580 3506; x_wconf 90' lang='lat' dir='ltr'><strong>mente</strong></span> <span class='ocrx_word' id='word_1_465' title='bbox 1594 3433 1763 3508; x_wconf 87' lang='lat' dir='ltr'><strong>humana.</strong></span> 
     </span>
    </p>

    <p class='ocr_par' dir='ltr' id='par_1_11' title="bbox 1164 3539 2152 4042">
     <span class='ocr_line' id='line_1_57' title="bbox 1273 3539 2151 3631; baseline 0.008 -23"><span class='ocrx_word' id='word_1_466' title='bbox 1273 3539 1411 3608; x_wconf 92' lang='lat' dir='ltr'><strong>Deinde</strong></span> <span class='ocrx_word' id='word_1_467' title='bbox 1448 3540 1600 3610; x_wconf 87' lang='lat' dir='ltr'><strong>sciamus</strong></span> <span class='ocrx_word' id='word_1_468' title='bbox 1643 3541 1914 3631; x_wconf 87' lang='lat' dir='ltr'><strong>congruentiam</strong></span> <span class='ocrx_word' id='word_1_469' title='bbox 1953 3541 2151 3615; x_wconf 89' lang='lat' dir='ltr'><strong>voluntatis</strong></span> 
     </span>
     <span class='ocr_line' id='line_1_58' title="bbox 1164 3639 2152 3738; baseline 0.004 -26"><span class='ocrx_word' id='word_1_470' title='bbox 1164 3668 1243 3712; x_wconf 90' lang='lat' dir='ltr'><strong>cum</strong></span> <span class='ocrx_word' id='word_1_471' title='bbox 1265 3639 1331 3711; x_wconf 91' lang='lat' dir='ltr'><strong>hac</strong></span> <span class='ocrx_word' id='word_1_472' title='bbox 1351 3667 1478 3712; x_wconf 88' lang='lat' dir='ltr'><strong>norma</strong></span> <span class='ocrx_word' id='word_1_473' title='bbox 1500 3645 1581 3712; x_wconf 91' lang='lat' dir='ltr'><strong>ideo</strong></span> <span class='ocrx_word' id='word_1_474' title='bbox 1604 3645 1736 3712; x_wconf 88' lang='lat' dir='ltr'><strong>bonam</strong></span> <span class='ocrx_word' id='word_1_475' title='bbox 1760 3668 1852 3726; x_wconf 89' lang='lat' dir='ltr'><strong>esse,</strong></span> <span class='ocrx_word' id='word_1_476' title='bbox 1880 3644 1962 3738; x_wconf 89' lang='lat' dir='ltr'><strong>quia</strong></span> <span class='ocrx_word' id='word_1_477' title='bbox 1979 3647 2152 3718; x_wconf 87' lang='lat' dir='ltr'><strong>convenit</strong></span> 
     </span>
     <span class='ocr_line' id='line_1_59' title="bbox 1165 3746 2151 3820; baseline 0.007 -6"><span class='ocrx_word' id='word_1_478' title='bbox 1165 3772 1243 3815; x_wconf 91' lang='lat' dir='ltr'><strong>cum</strong></span> <span class='ocrx_word' id='word_1_479' title='bbox 1271 3746 1453 3815; x_wconf 80' lang='lat' dir='ltr'><strong>voluntate</strong></span> <span class='ocrx_word' id='word_1_480' title='bbox 1476 3747 1609 3816; x_wconf 87' lang='lat' dir='ltr'><strong>divina.</strong></span> <span class='ocrx_word' id='word_1_481' title='bbox 1679 3747 1732 3816; x_wconf 89' lang='lat' dir='ltr'><strong>Sit</strong></span> <span class='ocrx_word' id='word_1_482' title='bbox 1757 3759 1876 3816; x_wconf 89' lang='lat' dir='ltr'><strong>autem</strong></span> <span class='ocrx_word' id='word_1_483' title='bbox 1900 3748 1938 3816; x_wconf 93' lang='lat' dir='ltr'><strong>in</strong></span> <span class='ocrx_word' id='word_1_484' title='bbox 1962 3748 2151 3820; x_wconf 87' lang='lat' dir='ltr'><strong>voluntate</strong></span> 
     </span>
     <span class='ocr_line' id='line_1_60' title="bbox 1164 3848 2151 3946; baseline 0.006 -29"><span class='ocrx_word' id='word_1_485' title='bbox 1164 3848 1288 3918; x_wconf 90' lang='lat' dir='ltr'><strong>electio</strong></span> <span class='ocrx_word' id='word_1_486' title='bbox 1313 3850 1444 3931; x_wconf 90' lang='lat' dir='ltr'><strong>libera,</strong></span> <span class='ocrx_word' id='word_1_487' title='bbox 1476 3873 1605 3940; x_wconf 89' lang='lat' dir='ltr'><strong>magna</strong></span> <span class='ocrx_word' id='word_1_488' title='bbox 1631 3849 1817 3946; x_wconf 66' lang='lat' dir='ltr'><strong>firmitate,</strong></span> <span class='ocrx_word' id='word_1_489' title='bbox 1852 3861 1888 3917; x_wconf 88' lang='lat' dir='ltr'><strong>et</strong></span> <span class='ocrx_word' id='word_1_490' title='bbox 1908 3852 2067 3944; x_wconf 87' lang='lat' dir='ltr'><strong>quadam</strong></span> <span class='ocrx_word' id='word_1_491' title='bbox 2092 3878 2151 3923; x_wconf 84' lang='lat' dir='ltr'><strong>ex-</strong></span> 
     </span>
     <span class='ocr_line' id='line_1_61' title="bbox 1165 3951 2150 4042; baseline 0.007 -22"><span class='ocrx_word' id='word_1_492' title='bbox 1165 3953 1254 4021; x_wconf 85' lang='lat' dir='ltr'><strong>celsa</strong></span> <span class='ocrx_word' id='word_1_493' title='bbox 1280 3951 1497 4035; x_wconf 87' lang='lat' dir='ltr'><strong>constantia,</strong></span> <span class='ocrx_word' id='word_1_494' title='bbox 1539 3952 1754 4042; x_wconf 88' lang='lat' dir='ltr'><strong>amplectens</strong></span> <span class='ocrx_word' id='word_1_495' title='bbox 1776 3951 1969 4037; x_wconf 90' lang='lat' dir='ltr'><strong>indicium,</strong></span> <span class='ocrx_word' id='word_1_496' title='bbox 2002 3977 2070 4024; x_wconf 89' lang='lat' dir='ltr'><strong>nec</strong></span> <span class='ocrx_word' id='word_1_497' title='bbox 2092 3980 2150 4026; x_wconf 89' lang='lat' dir='ltr'><strong>ce·</strong></span> 
     </span>
    </p>
   </div>
   <div class='ocr_carea' id='block_1_9' title="bbox 125 4028 2151 4865">
    <p class='ocr_par' dir='ltr' id='par_1_12' title="bbox 125 4028 2149 4231">
     <span class='ocr_line' id='line_1_62' title="bbox 125 4028 2149 4149; baseline -0.002 -15"><span class='ocrx_word' id='word_1_498' title='bbox 125 4050 261 4108; x_wconf 60' lang='lat' dir='ltr'><strong>“inies</strong></span> <span class='ocrx_word' id='word_1_499' title='bbox 292 4047 326 4103; x_wconf 54' lang='grc' dir='ltr'><strong>Εἴ</strong></span> <span class='ocrx_word' id='word_1_500' title='bbox 356 4031 507 4102; x_wconf 57' lang='lat' dir='ltr'><strong>firmiter</strong></span> <span class='ocrx_word' id='word_1_501' title='bbox 535 4030 750 4121; x_wconf 53' lang='grc' dir='ltr'><strong>ΜΨῙΕΕ18118</strong></span> <span class='ocrx_word' id='word_1_502' title='bbox 784 4031 820 4098; x_wconf 75' lang='lat' dir='ltr'><strong>¹d</strong></span> <span class='ocrx_word' id='word_1_503' title='bbox 848 4028 1038 4145; x_wconf 60' lang='lat' dir='ltr'><strong>¹¹¹‚d¹⁰¹¹¹¹¹¹’</strong></span> <span class='ocrx_word' id='word_1_504' title='bbox 1062 4051 1113 4143; x_wconf 61' lang='lat'><strong>,³⁰</strong></span> <span class='ocrx_word' id='word_1_505' title='bbox 1164 4057 1251 4124; x_wconf 89' lang='lat' dir='ltr'><strong>dens</strong></span> <span class='ocrx_word' id='word_1_506' title='bbox 1266 4054 1455 4125; x_wconf 90' lang='lat' dir='ltr'><strong>contrariis</strong></span> <span class='ocrx_word' id='word_1_507' title='bbox 1468 4055 1583 4124; x_wconf 83' lang='lat' dir='ltr'><strong>ventis</strong></span> <span class='ocrx_word' id='word_1_508' title='bbox 1597 4055 1799 4138; x_wconf 86' lang='lat' dir='ltr'><strong>affectuum,</strong></span> <span class='ocrx_word' id='word_1_509' title='bbox 1817 4055 1907 4125; x_wconf 91' lang='lat' dir='ltr'><strong>sicut</strong></span> <span class='ocrx_word' id='word_1_510' title='bbox 1920 4058 2058 4149; x_wconf 88' lang='lat' dir='ltr'><strong>scopuli</strong></span> <span class='ocrx_word' id='word_1_511' title='bbox 2072 4083 2149 4129; x_wconf 89' lang='lat' dir='ltr'><strong>non</strong></span> 
     </span>
     <span class='ocr_line' id='line_1_63' title="bbox 125 4128 1853 4231; baseline -0.012 -21"><span class='ocrx_word' id='word_1_512' title='bbox 125 4141 283 4231; x_wconf 89' lang='lat' dir='ltr'><strong>gaudens</strong></span> <span class='ocrx_word' id='word_1_513' title='bbox 309 4161 349 4207; x_wconf 88' lang='lat' dir='ltr'><strong>ea</strong></span> <span class='ocrx_word' id='word_1_514' title='bbox 369 4133 592 4205; x_wconf 87' lang='lat' dir='ltr'><strong>rectitudine.</strong></span> <span class='ocrx_word' id='word_1_515' title='bbox 659 4129 742 4202; x_wconf 91' lang='lat' dir='ltr'><strong>ldeo</strong></span> <span class='ocrx_word' id='word_1_516' title='bbox 767 4145 803 4200; x_wconf 88' lang='lat' dir='ltr'><strong>et</strong></span> <span class='ocrx_word' id='word_1_517' title='bbox 823 4128 1029 4199; x_wconf 82' lang='lat' dir='ltr'><strong>Arrstoteles</strong></span> <span class='ocrx_word' id='word_1_518' title='bbox 1060 4154 1112 4197; x_wconf 90' lang='lat' dir='ltr'><strong>m·</strong></span> <span class='ocrx_word' id='word_1_519' title='bbox 1165 4158 1423 4227; x_wconf 62' lang='lat' dir='ltr'><strong>cedumvenfis</strong></span> <span class='ocrx_word' id='word_1_520' title='bbox 1439 4158 1680 4228; x_wconf 54' lang='lat' dir='ltr'><strong>autflucpjbus</strong></span> <span class='ocrx_word' id='word_1_521' title='bbox 1696 4157 1734 4226; x_wconf 64' lang='lat' dir='ltr'><strong>in</strong></span> <span class='ocrx_word' id='word_1_522' title='bbox 1749 4158 1853 4228; x_wconf 43' lang='lat' dir='ltr'><strong>mari·</strong></span> 
     </span>
    </p>

    <p class='ocr_par' dir='ltr' id='par_1_13' title="bbox 126 4224 2151 4865">
     <span class='ocr_line' id='line_1_64' title="bbox 128 4224 2151 4356; baseline -0.01 -43"><span class='ocrx_word' id='word_1_523' title='bbox 128 4244 206 4337; x_wconf 89' lang='lat' dir='ltr'><strong>quit</strong></span> <span class='ocrx_word' id='word_1_524' title='bbox 227 4245 265 4311; x_wconf 92' lang='lat' dir='ltr'><strong>in</strong></span> <span class='ocrx_word' id='word_1_525' title='bbox 285 4235 629 4309; x_wconf 84' lang='lat' dir='ltr'><strong>sextoEthicorum:</strong></span> <span class='ocrx_word' id='word_1_526' title='bbox 655 4229 779 4356; x_wconf 55' lang='lat' dir='ltr'><strong>deieci</strong></span> <span class='ocrx_word' id='word_1_527' title='bbox 801 4229 979 4307; x_wconf 80' lang='grc' dir='ltr'><strong><em>αὐτᾶτὸν</em></strong></span> <span class='ocrx_word' id='word_1_528' title='bbox 1001 4224 1113 4330; x_wconf 74' lang='grc' dir='ltr'><strong><em>λόγον</em></strong></span> <span class='ocrx_word' id='word_1_529' title='bbox 1267 4259 1344 4329; x_wconf 65' lang='grc' dir='ltr'><strong>ΗΟε</strong></span> <span class='ocrx_word' id='word_1_530' title='bbox 1372 4263 1502 4343; x_wconf 55' lang='lat' dir='ltr'><strong>modo,</strong></span> <span class='ocrx_word' id='word_1_531' title='bbox 1545 4261 1683 4355; x_wconf 57' lang='lat' dir='ltr'>quoties</span> <span class='ocrx_word' id='word_1_532' title='bbox 1713 4262 1756 4330; x_wconf 59' lang='lat' dir='ltr'><strong>de</strong></span> <span class='ocrx_word' id='word_1_533' title='bbox 1780 4261 1986 4331; x_wconf 60' lang='lat' dir='ltr'><strong>definitione</strong></span> <span class='ocrx_word' id='word_1_534' title='bbox 2002 4260 2151 4335; x_wconf 53' lang='lat' dir='ltr'><strong>&gt;vimm-³</strong></span> 
     </span>
     <span class='ocr_line' id='line_1_65' title="bbox 127 4332 2150 4459; baseline 0.001 -22"><span class='ocrx_word' id='word_1_535' title='bbox 127 4339 198 4437; x_wconf 67' lang='lat' dir='ltr'><strong>pte</strong></span> <span class='ocrx_word' id='word_1_536' title='bbox 212 4339 349 4440; x_wconf 66' lang='lat' dir='ltr'><strong>odeat,</strong></span> <span class='ocrx_word' id='word_1_537' title='bbox 365 4339 436 4459; x_wconf 52' lang='lat' dir='ltr'><strong>‚Ml</strong></span> <span class='ocrx_word' id='word_1_538' title='bbox 451 4337 656 4457; x_wconf 58' lang='lat' dir='ltr'><strong>T&#39;li‘f’liiiw</strong></span> <span class='ocrx_word' id='word_1_539' title='bbox 671 4332 902 4454; x_wconf 42' lang='lat' dir='ltr'><strong>31&amp;less</strong></span> <span class='ocrx_word' id='word_1_540' title='bbox 924 4332 975 4404; x_wconf 52' lang='grc' dir='ltr'><strong>ΑΕ</strong></span> <span class='ocrx_word' id='word_1_541' title='bbox 991 4336 1113 4453; x_wconf 58' lang='lat' dir='ltr'><strong>‘&#39;ffdfflffl</strong></span> <span class='ocrx_word' id='word_1_542' title='bbox 1165 4362 1312 4447; x_wconf 87' lang='lat' dir='ltr'><strong>dicitur,</strong></span> <span class='ocrx_word' id='word_1_543' title='bbox 1340 4365 1495 4433; x_wconf 90' lang='lat' dir='ltr'><strong>eundum</strong></span> <span class='ocrx_word' id='word_1_544' title='bbox 1511 4377 1562 4434; x_wconf 90' lang='lat' dir='ltr'><strong>est</strong></span> <span class='ocrx_word' id='word_1_545' title='bbox 1577 4364 1621 4430; x_wconf 89' lang='lat' dir='ltr'><strong>ad</strong></span> <span class='ocrx_word' id='word_1_546' title='bbox 1637 4388 1758 4436; x_wconf 89' lang='lat' dir='ltr'><strong>causas</strong></span> <span class='ocrx_word' id='word_1_547' title='bbox 1782 4377 1817 4434; x_wconf 91' lang='lat' dir='ltr'><strong>et</strong></span> <span class='ocrx_word' id='word_1_548' title='bbox 1831 4364 1965 4456; x_wconf 89' lang='lat' dir='ltr'><strong>primas</strong></span> <span class='ocrx_word' id='word_1_549' title='bbox 1988 4389 2150 4440; x_wconf 88' lang='lat' dir='ltr'><strong>normas.</strong></span> 
     </span>
     <span class='ocr_line' id='line_1_66' title="bbox 129 4435 2150 4559; baseline -0.002 -15"><span class='ocrx_word' id='word_1_550' title='bbox 129 4472 252 4516; x_wconf 71' lang='lat' dir='ltr'><strong>⁰m¹¹⁰⁸</strong></span> <span class='ocrx_word' id='word_1_551' title='bbox 274 4440 438 4514; x_wconf 71' lang='lat' dir='ltr'>h⁰¹¹¹¹¹¹⁰⁵</span> <span class='ocrx_word' id='word_1_552' title='bbox 459 4469 558 4525; x_wconf 53' lang='grc' dir='ltr'><strong>Μ’</strong></span> <span class='ocrx_word' id='word_1_553' title='bbox 586 4442 705 4559; x_wconf 55' lang='grc' dir='ltr'><strong>ῙΨἪ</strong></span> <span class='ocrx_word' id='word_1_554' title='bbox 730 4464 768 4506; x_wconf 86' lang='lat'><strong>¹¹¹</strong></span> <span class='ocrx_word' id='word_1_555' title='bbox 791 4439 970 4556; x_wconf 57' lang='lat' dir='ltr'><strong>meniffbus</strong></span> <span class='ocrx_word' id='word_1_556' title='bbox 992 4435 1113 4508; x_wconf 58' lang='lat' dir='ltr'><strong>dmm*</strong></span> <span class='ocrx_word' id='word_1_557' title='bbox 1164 4464 1373 4537; x_wconf 86' lang='lat' dir='ltr'><strong>Rectissime</strong></span> <span class='ocrx_word' id='word_1_558' title='bbox 1400 4467 1508 4557; x_wconf 87' lang='lat' dir='ltr'><strong>igitur</strong></span> <span class='ocrx_word' id='word_1_559' title='bbox 1536 4467 1679 4537; x_wconf 90' lang='lat' dir='ltr'><strong>additur</strong></span> <span class='ocrx_word' id='word_1_560' title='bbox 1708 4462 1791 4536; x_wconf 91' lang='lat' dir='ltr'><strong>huic</strong></span> <span class='ocrx_word' id='word_1_561' title='bbox 1818 4467 2019 4538; x_wconf 84' lang='lat' dir='ltr'><strong>definitioni</strong></span> <span class='ocrx_word' id='word_1_562' title='bbox 2037 4470 2150 4541; x_wconf 91' lang='lat' dir='ltr'><strong>usita-</strong></span> 
     </span>
     <span class='ocr_line' id='line_1_67' title="bbox 126 4542 2149 4664; baseline -0.009 -45"><span class='ocrx_word' id='word_1_563' title='bbox 126 4574 210 4619; x_wconf 90' lang='lat' dir='ltr'><strong>men</strong></span> <span class='ocrx_word' id='word_1_564' title='bbox 227 4547 471 4618; x_wconf 80' lang='lat' dir='ltr'><strong>faciendorum</strong></span> <span class='ocrx_word' id='word_1_565' title='bbox 489 4558 524 4612; x_wconf 92' lang='lat' dir='ltr'><strong>et</strong></span> <span class='ocrx_word' id='word_1_566' title='bbox 537 4544 808 4634; x_wconf 77' lang='lat' dir='ltr'><strong>fugiendorum,</strong></span> <span class='ocrx_word' id='word_1_567' title='bbox 834 4554 868 4610; x_wconf 88' lang='lat' dir='ltr'><strong>et</strong></span> <span class='ocrx_word' id='word_1_568' title='bbox 890 4542 928 4610; x_wconf 85' lang='lat' dir='ltr'><strong>rd</strong></span> <span class='ocrx_word' id='word_1_569' title='bbox 947 4565 1113 4609; x_wconf 88' lang='lat' dir='ltr'><strong>normam</strong></span> <span class='ocrx_word' id='word_1_570' title='bbox 1166 4568 1296 4664; x_wconf 81' lang='lat' dir='ltr'><strong>tae⁵¹):</strong></span> <span class='ocrx_word' id='word_1_571' title='bbox 1332 4565 1697 4653; x_wconf 54' lang='lat' dir='ltr'><strong>virtusesthabims’</strong></span> <span class='ocrx_word' id='word_1_572' title='bbox 1723 4570 2149 4659; x_wconf 56' lang='lat' dir='ltr'><strong>inclinansvolummm’</strong></span> 
     </span>
     <span class='ocr_line' id='line_1_68' title="bbox 127 4645 2135 4766; baseline -0.009 -45"><span class='ocrx_word' id='word_1_573' title='bbox 127 4651 269 4721; x_wconf 89' lang='lat' dir='ltr'><strong>virtutis</strong></span> <span class='ocrx_word' id='word_1_574' title='bbox 285 4675 357 4718; x_wconf 90' lang='lat' dir='ltr'><strong>esse</strong></span> <span class='ocrx_word' id='word_1_575' title='bbox 375 4660 552 4730; x_wconf 90' lang='lat' dir='ltr'><strong>statuunt,</strong></span> <span class='ocrx_word' id='word_1_576' title='bbox 579 4648 640 4714; x_wconf 93' lang='lat' dir='ltr'><strong>sed</strong></span> <span class='ocrx_word' id='word_1_577' title='bbox 656 4646 743 4715; x_wconf 90' lang='lat' dir='ltr'><strong>illud</strong></span> <span class='ocrx_word' id='word_1_578' title='bbox 760 4645 866 4713; x_wconf 90' lang='lat' dir='ltr'><strong>etiam</strong></span> <span class='ocrx_word' id='word_1_579' title='bbox 890 4645 1113 4713; x_wconf 87' lang='lat' dir='ltr'><strong>considerare</strong></span> <span class='ocrx_word' id='word_1_580' title='bbox 1164 4685 1205 4740; x_wconf 62' lang='lat' dir='ltr'><strong>ut</strong></span> <span class='ocrx_word' id='word_1_581' title='bbox 1219 4685 1422 4743; x_wconf 56' lang='lat' dir='ltr'><strong>constanter</strong></span> <span class='ocrx_word' id='word_1_582' title='bbox 1439 4673 1582 4743; x_wconf 61' lang='lat' dir='ltr'>obediat</span> <span class='ocrx_word' id='word_1_583' title='bbox 1595 4687 1692 4743; x_wconf 57' lang='lat' dir='ltr'><strong>recto</strong></span> <span class='ocrx_word' id='word_1_584' title='bbox 1706 4673 1838 4743; x_wconf 59' lang='lat' dir='ltr'>iudicio</span> <span class='ocrx_word' id='word_1_585' title='bbox 1855 4687 2003 4766; x_wconf 57' lang='lat' dir='ltr'><strong>propter</strong></span> <span class='ocrx_word' id='word_1_586' title='bbox 2017 4674 2135 4747; x_wconf 61' lang='lat' dir='ltr'>Deum</span> 
     </span>
     <span class='ocr_line' id='line_1_69' title="bbox 128 4732 2151 4865; baseline -0.012 -39"><span class='ocrx_word' id='word_1_587' title='bbox 128 4757 323 4835; x_wconf 88' lang='lat' dir='ltr'><strong>debebant,</strong></span> <span class='ocrx_word' id='word_1_588' title='bbox 349 4753 444 4820; x_wconf 89' lang='lat' dir='ltr'><strong>unde</strong></span> <span class='ocrx_word' id='word_1_589' title='bbox 459 4751 522 4833; x_wconf 89' lang='lat' dir='ltr'><strong>sit,</strong></span> <span class='ocrx_word' id='word_1_590' title='bbox 550 4762 585 4817; x_wconf 88' lang='lat' dir='ltr'><strong>et</strong></span> <span class='ocrx_word' id='word_1_591' title='bbox 600 4773 709 4841; x_wconf 87' lang='lat' dir='ltr'><strong>quare</strong></span> <span class='ocrx_word' id='word_1_592' title='bbox 728 4749 809 4816; x_wconf 89' lang='lat' dir='ltr'><strong>illae</strong></span> <span class='ocrx_word' id='word_1_593' title='bbox 824 4747 1004 4816; x_wconf 86' lang='lat' dir='ltr'><strong>naturales</strong></span> <span class='ocrx_word' id='word_1_594' title='bbox 1019 4745 1114 4814; x_wconf 91' lang='lat' dir='ltr'><strong>noti·</strong></span> <span class='ocrx_word' id='word_1_595' title='bbox 1163 4786 1205 4842; x_wconf 63' lang='lat' dir='ltr'><strong>ut</strong></span> <span class='ocrx_word' id='word_1_596' title='bbox 1228 4787 1264 4843; x_wconf 57' lang='lat' dir='ltr'><strong>ep</strong></span> <span class='ocrx_word' id='word_1_597' title='bbox 1283 4775 1537 4865; x_wconf 54' lang='lat' dir='ltr'><strong>gratitudinem</strong></span> <span class='ocrx_word' id='word_1_598' title='bbox 1560 4776 1593 4845; x_wconf 55' lang='lat' dir='ltr'><strong>ei</strong></span> <span class='ocrx_word' id='word_1_599' title='bbox 1615 4777 1789 4858; x_wconf 50' lang='lat' dir='ltr'><strong>dedam,</strong></span> <span class='ocrx_word' id='word_1_600' title='bbox 1831 4789 1865 4845; x_wconf 58' lang='lat' dir='ltr'><strong>et</strong></span> <span class='ocrx_word' id='word_1_601' title='bbox 1888 4776 1957 4845; x_wconf 63' lang='lat' dir='ltr'><strong>Dei</strong></span> <span class='ocrx_word' id='word_1_602' title='bbox 1983 4732 2151 4849; x_wconf 56' lang='lat' dir='ltr'>volum}</span> 
     </span>
    </p>
   </div>
   <div class='ocr_carea' id='block_1_10' title="bbox 161 4875 2152 5075">
    <p class='ocr_par' dir='ltr' id='par_1_14' title="bbox 161 4875 2152 5075">
     <span class='ocr_line' id='line_1_70' title="bbox 1166 4875 2151 4974; baseline 0.011 -30"><span class='ocrx_word' id='word_1_603' title='bbox 1166 4890 1236 4945; x_wconf 90' lang='lat' dir='ltr'><strong>tem</strong></span> <span class='ocrx_word' id='word_1_604' title='bbox 1261 4878 1339 4947; x_wconf 90' lang='lat' dir='ltr'><strong>aliis</strong></span> <span class='ocrx_word' id='word_1_605' title='bbox 1364 4882 1544 4963; x_wconf 90' lang='lat' dir='ltr'><strong>ostendat,</strong></span> <span class='ocrx_word' id='word_1_606' title='bbox 1570 4880 1660 4950; x_wconf 92' lang='lat' dir='ltr'><strong>sicut</strong></span> <span class='ocrx_word' id='word_1_607' title='bbox 1680 4879 1797 4972; x_wconf 91' lang='lat' dir='ltr'><strong>inquit</strong></span> <span class='ocrx_word' id='word_1_608' title='bbox 1819 4875 1978 4951; x_wconf 83' lang='lat' dir='ltr'><strong>Christus</strong></span> <span class='ocrx_word' id='word_1_609' title='bbox 2002 4879 2151 4974; x_wconf 80' lang='lat' dir='ltr'><strong>(Matth.</strong></span> 
     </span>
     <span class='ocr_line' id='line_1_71' title="bbox 161 4975 2152 5075; baseline 0.002 -23"><span class='ocrx_word' id='word_1_610' title='bbox 161 4986 209 5054; x_wconf 79' lang='lat'><strong>⁴8)</strong></span> <span class='ocrx_word' id='word_1_611' title='bbox 228 4989 324 5046; x_wconf 66' lang='lat' dir='ltr'><strong>mro]</strong></span> <span class='ocrx_word' id='word_1_612' title='bbox 344 4983 385 5034; x_wconf 74' lang='lat' dir='ltr'><strong>etc</strong></span> <span class='ocrx_word' id='word_1_613' title='bbox 402 4983 470 5033; x_wconf 74' lang='lat' dir='ltr'><strong>aad.</strong></span> <span class='ocrx_word' id='word_1_614' title='bbox 485 4981 576 5044; x_wconf 68' lang='grc' dir='ltr'><strong>155οη</strong></span> <span class='ocrx_word' id='word_1_615' title='bbox 597 4980 673 5030; x_wconf 51' lang='lat' dir='ltr'><strong>¹⁵5ss</strong></span> <span class='ocrx_word' id='word_1_616' title='bbox 689 4982 716 5030; x_wconf 88' lang='lat' dir='ltr'><strong>et</strong></span> <span class='ocrx_word' id='word_1_617' title='bbox 731 4979 822 5045; x_wconf 73' lang='lat'><strong>¹⁵⁵⁷·;</strong></span> <span class='ocrx_word' id='word_1_618' title='bbox 845 4978 893 5032; x_wconf 67' lang='lat' dir='ltr'>M</span> <span class='ocrx_word' id='word_1_619' title='bbox 908 4979 983 5029; x_wconf 75' lang='lat'><strong>¹⁶⁶⁰·</strong></span> <span class='ocrx_word' id='word_1_620' title='bbox 1001 4980 1113 5042; x_wconf 77' lang='lat' dir='ltr'><strong>typogr.</strong></span> <span class='ocrx_word' id='word_1_621' title='bbox 1166 4975 1316 5075; x_wconf 84' lang='lat'><strong>5,16.):</strong></span> <span class='ocrx_word' id='word_1_622' title='bbox 1350 4978 1485 5051; x_wconf 90' lang='lat' dir='ltr'><strong>Luceat</strong></span> <span class='ocrx_word' id='word_1_623' title='bbox 1503 4982 1563 5052; x_wconf 83' lang='lat' dir='ltr'><strong>lux</strong></span> <span class='ocrx_word' id='word_1_624' title='bbox 1578 4995 1693 5052; x_wconf 91' lang='lat' dir='ltr'><strong>vestra</strong></span> <span class='ocrx_word' id='word_1_625' title='bbox 1717 5006 1838 5051; x_wconf 91' lang='lat' dir='ltr'><strong>coram</strong></span> <span class='ocrx_word' id='word_1_626' title='bbox 1859 4979 2085 5068; x_wconf 85' lang='lat' dir='ltr'><strong>hominibus,</strong></span> <span class='ocrx_word' id='word_1_627' title='bbox 2110 5000 2152 5056; x_wconf 91' lang='lat' dir='ltr'><strong>ut</strong></span> 
     </span>
    </p>
   </div>
   <div class='ocr_carea' id='block_1_11' title="bbox 162 5052 2153 5209">
    <p class='ocr_par' dir='ltr' id='par_1_15' title="bbox 162 5052 2153 5209">
     <span class='ocr_line' id='line_1_72' title="bbox 198 5052 1820 5106; baseline -0.019 -1"><span class='ocrx_word' id='word_1_628' title='bbox 198 5068 307 5106; x_wconf 88' lang='lat' dir='ltr'><strong>errore:</strong></span> <span class='ocrx_word' id='word_1_629' title='bbox 333 5052 415 5104; x_wconf 83' lang='lat' dir='ltr'><strong>sacri.</strong></span> <span class='ocrx_word' id='word_1_630' title='bbox 1247 5083 1255 5097; x_wconf 81' lang='lat'><strong>,</strong></span> <span class='ocrx_word' id='word_1_631' title='bbox 1813 5084 1820 5099; x_wconf 33' lang='grc' dir='ltr'>ι</span> 
     </span>
     <span class='ocr_line' id='line_1_73' title="bbox 162 5081 2153 5209; baseline -0.004 -40"><span class='ocrx_word' id='word_1_632' title='bbox 162 5141 210 5209; x_wconf 75' lang='lat' dir='ltr'><strong>te)</strong></span> <span class='ocrx_word' id='word_1_633' title='bbox 230 5141 307 5193; x_wconf 84' lang='lat' dir='ltr'><strong>cont.</strong></span> <span class='ocrx_word' id='word_1_634' title='bbox 327 5140 425 5191; x_wconf 47' lang='lat' dir='ltr'><strong>mm·</strong></span> <span class='ocrx_word' id='word_1_635' title='bbox 442 5137 469 5200; x_wconf 53' lang='lat'><strong>3,</strong></span> <span class='ocrx_word' id='word_1_636' title='bbox 488 5135 530 5186; x_wconf 39' lang='lat'><strong>33·</strong></span> <span class='ocrx_word' id='word_1_637' title='bbox 1166 5081 1381 5173; x_wconf 76' lang='lat' dir='ltr'><strong>glorificetur</strong></span> <span class='ocrx_word' id='word_1_638' title='bbox 1411 5099 1514 5177; x_wconf 84' lang='lat' dir='ltr'><strong>pater</strong></span> <span class='ocrx_word' id='word_1_639' title='bbox 1543 5096 1658 5154; x_wconf 87' lang='lat' dir='ltr'><strong>vester</strong></span> <span class='ocrx_word' id='word_1_640' title='bbox 1681 5085 1851 5155; x_wconf 76' lang='lat' dir='ltr'><strong>coelestis.</strong></span> <span class='ocrx_word' id='word_1_641' title='bbox 1917 5084 1963 5154; x_wconf 83' lang='lat' dir='ltr'><strong>Et</strong></span> <span class='ocrx_word' id='word_1_642' title='bbox 1984 5086 2153 5161; x_wconf 87' lang='lat' dir='ltr'><strong>Psalmus</strong></span> 
     </span>
    </p>
   </div>
   <div class='ocr_carea' id='block_1_12' title="bbox 161 5220 2154 5501">
    <p class='ocr_par' dir='ltr' id='par_1_16' title="bbox 161 5220 2154 5501">
     <span class='ocr_line' id='line_1_74' title="bbox 161 5220 1115 5296; baseline -0.014 -14"><span class='ocrx_word' id='word_1_643' title='bbox 161 5228 209 5296; x_wconf 75' lang='lat' dir='ltr'><strong>w)</strong></span> <span class='ocrx_word' id='word_1_644' title='bbox 229 5225 390 5279; x_wconf 78' lang='lat' dir='ltr'><strong>Aristotelis</strong></span> <span class='ocrx_word' id='word_1_645' title='bbox 406 5226 491 5274; x_wconf 80' lang='lat' dir='ltr'><strong>verba</strong></span> <span class='ocrx_word' id='word_1_646' title='bbox 508 5222 535 5270; x_wconf 91' lang='lat' dir='ltr'><strong>ln</strong></span> <span class='ocrx_word' id='word_1_647' title='bbox 554 5220 639 5271; x_wconf 78' lang='lat' dir='ltr'><strong>Ettrlc.</strong></span> <span class='ocrx_word' id='word_1_648' title='bbox 658 5221 761 5272; x_wconf 87' lang='lat' dir='ltr'><strong>Nlcom.</strong></span> <span class='ocrx_word' id='word_1_649' title='bbox 779 5223 797 5272; x_wconf 94' lang='grc'><strong>1.</strong></span> <span class='ocrx_word' id='word_1_650' title='bbox 816 5222 862 5272; x_wconf 84' lang='lat' dir='ltr'><strong>vt.</strong></span> <span class='ocrx_word' id='word_1_651' title='bbox 882 5234 904 5272; x_wconf 89' lang='lat' dir='ltr'><strong>o.</strong></span> <span class='ocrx_word' id='word_1_652' title='bbox 920 5220 947 5270; x_wconf 81' lang='lat'><strong>2.</strong></span> <span class='ocrx_word' id='word_1_653' title='bbox 967 5221 992 5281; x_wconf 75' lang='lat' dir='ltr'><strong>s.</strong></span> <span class='ocrx_word' id='word_1_654' title='bbox 1005 5220 1031 5271; x_wconf 71' lang='lat'><strong>2.</strong></span> <span class='ocrx_word' id='word_1_655' title='bbox 1049 5222 1115 5270; x_wconf 81' lang='lat' dir='ltr'><strong>traco</strong></span> 
     </span>
     <span class='ocr_line' id='line_1_75' title="bbox 195 5279 1115 5359; baseline -0.013 -11"><span class='ocrx_word' id='word_1_656' title='bbox 195 5302 274 5349; x_wconf 85' lang='lat' dir='ltr'><strong>sunt:</strong></span> <span class='ocrx_word' id='word_1_657' title='bbox 305 5291 348 5344; x_wconf 76' lang='lat' dir='ltr'><strong>dei</strong></span> <span class='ocrx_word' id='word_1_658' title='bbox 370 5289 414 5343; x_wconf 73' lang='lat' dir='ltr'><strong>aa</strong></span> <span class='ocrx_word' id='word_1_659' title='bbox 438 5291 525 5343; x_wconf 81' lang='grc' dir='ltr'><strong><em>ταῦτα</em></strong></span> <span class='ocrx_word' id='word_1_660' title='bbox 548 5285 599 5340; x_wconf 80' lang='grc' dir='ltr'><strong>τόν</strong></span> <span class='ocrx_word' id='word_1_661' title='bbox 621 5304 649 5340; x_wconf 80' lang='grc' dir='ltr'><strong>τε</strong></span> <span class='ocrx_word' id='word_1_662' title='bbox 673 5286 759 5357; x_wconf 80' lang='grc' dir='ltr'><strong><em>λόγον</em></strong></span> <span class='ocrx_word' id='word_1_663' title='bbox 781 5283 872 5359; x_wconf 57' lang='lat' dir='ltr'><strong>dirigi</strong></span> <span class='ocrx_word' id='word_1_664' title='bbox 888 5279 975 5350; x_wconf 74' lang='lat' dir='ltr'><strong>rivae,</strong></span> <span class='ocrx_word' id='word_1_665' title='bbox 1000 5287 1047 5338; x_wconf 76' lang='grc' dir='ltr'><strong>καὶ</strong></span> <span class='ocrx_word' id='word_1_666' title='bbox 1065 5286 1115 5350; x_wconf 75' lang='grc' dir='ltr'><strong>τὴν</strong></span> 
     </span>
     <span class='ocr_line' id='line_1_76' title="bbox 195 5350 2154 5451; baseline -0.01 -32"><span class='ocrx_word' id='word_1_667' title='bbox 195 5364 287 5451; x_wconf 65' lang='grc' dir='ltr'><strong>ὄρεξιν</strong></span> <span class='ocrx_word' id='word_1_668' title='bbox 303 5358 408 5430; x_wconf 70' lang='grc' dir='ltr'><em>ὀρθήν,</em></span> <span class='ocrx_word' id='word_1_669' title='bbox 436 5361 513 5426; x_wconf 80' lang='grc' dir='ltr'><em>εἴπερ</em></span> <span class='ocrx_word' id='word_1_670' title='bbox 532 5357 547 5421; x_wconf 78' lang='grc' dir='ltr'><strong><em>ἦ</em></strong></span> <span class='ocrx_word' id='word_1_671' title='bbox 565 5362 724 5423; x_wconf 76' lang='grc' dir='ltr'><strong><em>προαίρεσις</em></strong></span> <span class='ocrx_word' id='word_1_672' title='bbox 741 5354 898 5412; x_wconf 70' lang='grc' dir='ltr'><strong><em>σπουδαία·</em></strong></span> <span class='ocrx_word' id='word_1_673' title='bbox 925 5355 972 5410; x_wconf 77' lang='grc' dir='ltr'><strong>καὶ</strong></span> <span class='ocrx_word' id='word_1_674' title='bbox 990 5354 1023 5409; x_wconf 73' lang='grc' dir='ltr'><strong>ια’</strong></span> <span class='ocrx_word' id='word_1_675' title='bbox 1042 5351 1112 5408; x_wconf 71' lang='grc' dir='ltr'><strong>αὐτὰ</strong></span> <span class='ocrx_word' id='word_1_676' title='bbox 1198 5356 1246 5412; x_wconf 73' lang='lat' dir='ltr'><strong>tt]</strong></span> <span class='ocrx_word' id='word_1_677' title='bbox 1266 5354 1401 5415; x_wconf 81' lang='lat' dir='ltr'><strong>usitatae]</strong></span> <span class='ocrx_word' id='word_1_678' title='bbox 1421 5353 1461 5403; x_wconf 86' lang='lat' dir='ltr'><strong>sie</strong></span> <span class='ocrx_word' id='word_1_679' title='bbox 1478 5350 1544 5403; x_wconf 73' lang='lat' dir='ltr'><strong>Edd.</strong></span> <span class='ocrx_word' id='word_1_680' title='bbox 1567 5350 1659 5418; x_wconf 55' lang='lat'><strong>155⁴„</strong></span> <span class='ocrx_word' id='word_1_681' title='bbox 1677 5350 1753 5402; x_wconf 74' lang='lat'><strong>155⁷.</strong></span> <span class='ocrx_word' id='word_1_682' title='bbox 1771 5353 1798 5401; x_wconf 88' lang='lat' dir='ltr'><strong>et</strong></span> <span class='ocrx_word' id='word_1_683' title='bbox 1819 5351 1908 5414; x_wconf 51' lang='grc'><strong>15604</strong></span> <span class='ocrx_word' id='word_1_684' title='bbox 1932 5352 1980 5402; x_wconf 80' lang='lat' dir='ltr'><strong>Ed.</strong></span> <span class='ocrx_word' id='word_1_685' title='bbox 1996 5354 2071 5408; x_wconf 70' lang='lat' dir='ltr'><strong>law.</strong></span> <span class='ocrx_word' id='word_1_686' title='bbox 2089 5358 2154 5409; x_wconf 65' lang='lat' dir='ltr'><strong>nat,</strong></span> 
     </span>
     <span class='ocr_line' id='line_1_77' title="bbox 196 5423 1298 5501; baseline -0.02 -13"><span class='ocrx_word' id='word_1_687' title='bbox 196 5453 247 5488; x_wconf 77' lang='lat' dir='ltr'><strong>ror</strong></span> <span class='ocrx_word' id='word_1_688' title='bbox 263 5427 317 5501; x_wconf 81' lang='grc' dir='ltr'><strong>μὲν</strong></span> <span class='ocrx_word' id='word_1_689' title='bbox 334 5427 441 5501; x_wconf 74' lang='grc' dir='ltr'><em>φάναι,</em></span> <span class='ocrx_word' id='word_1_690' title='bbox 466 5425 516 5492; x_wconf 73' lang='grc' dir='ltr'><strong>τὴν</strong></span> <span class='ocrx_word' id='word_1_691' title='bbox 532 5423 560 5479; x_wconf 80' lang='grc' dir='ltr'><strong>δὲ</strong></span> <span class='ocrx_word' id='word_1_692' title='bbox 580 5423 694 5480; x_wconf 77' lang='grc' dir='ltr'><strong>διώκειν.</strong></span> <span class='ocrx_word' id='word_1_693' title='bbox 1233 5428 1298 5477; x_wconf 67' lang='lat' dir='ltr'><strong>tute,</strong></span> 
     </span>
    </p>
   </div>
   <div class='ocr_carea' id='block_1_13' title="bbox 122 4914 333 4929">
    <p class='ocr_par' dir='ltr' id='par_1_17' title="bbox 122 4914 333 4929">
     <span class='ocr_line' id='line_1_78' title="bbox 122 4914 333 4929; baseline -0.028 0"><span class='ocrx_word' id='word_1_694' title='bbox 122 4914 333 4929; x_wconf 61' lang='lat' dir='ltr'>——n—--v-</span> 
     </span>
    </p>
   </div>
   <div class='ocr_carea' id='block_1_14' title="bbox 0 0 2279 5764">
    <p class='ocr_par' dir='ltr' id='par_1_18' title="bbox 0 0 2279 5764">
     <span class='ocr_line' id='line_1_79' title="bbox 0 0 2279 5764; baseline 0 0"><span class='ocrx_word' id='word_1_695' title='bbox 0 0 2279 5764; x_wconf 95' lang='lat' dir='ltr'><strong> </strong></span> 
     </span>
    </p>
   </div>
  </div>
 </body>
</html>
