4544 5766
199 178 272 257 155
485 174 689 254 SCRIPTA
709 177 787 252 ΡΗ.
803 175 923 253 emt.-
946 176 1019 251 ΑΙ)
1039 175 1251 254 1111110111
1275 174 1624 253 serotinum
1648 175 1959 259 senesanna
2148 183 2230 259 ’155

196 380 302 449 quem
313 354 390 446 ipsa
406 354 510 424 nobis
524 349 697 423 autoritas
705 350 839 443 publici
849 352 936 425 iuris
944 351 1184 444 praescripsit,
1236 348 1360 434 sertis,
1385 361 1421 420 et
1435 352 1482 423 ad
1495 364 1657 425 nostram
1675 353 1784 425 fidem
1806 353 2091 447 confugientibus
2107 359 2229 428 deesse

194 472 236 528 ut
252 460 295 526 de
311 457 482 527 fructibus
505 454 716 548 patrimonii
738 456 901 527 iuvemus
923 455 1030 540 alios,
1056 455 1105 525 ita
1132 467 1184 525 ta-
1236 477 1313 538 uop
1327 453 1511 526 debemus.
1544 453 1641 527 Haec
1653 456 1908 529 beneficentiae
1922 457 2057 550 species
2071 453 2229 552 hospita·

195 585 292 644 men,
319 586 363 628 ne
380 560 446 650 ipsi
462 557 682 650 patrimonio
700 582 885 630 exuamur.
918 558 1184 628 Hrmcmodum
1236 556 1319 626 litas
1334 569 1497 641 vocatur,
1513 553 1672 627 ethabet
1686 561 1825 652 egregia
1840 573 2044 652 praecepta,
2069 563 2158 633 etin
2171 589 2226 634 sa·

196 678 231 732 et
246 661 491 734 venustissime
507 660 736 752 praescripsit
750 663 941 745 Salomon,
969 686 1048 730 cnm
1067 659 1187 757 inquit
1237 657 1306 728 cris
1334 658 1465 743 literis,
1492 670 1528 728 et
1551 660 1591 728 in
1613 661 1691 730 aliis
1713 662 1853 754 seriptis
1877 677 1912 732 et
1929 663 2090 734 moribus
2104 690 2227 737 earum

196 761 581 859 (Prov.5,16.17.):
616 763 748 833 Fontes
773 765 826 834 tui
848 763 1054 833 deriventur
1076 766 1185 846 foras,
1236 759 1414 852 gentium,
1447 786 1539 854 quae
1563 764 1709 832 luerunt
1729 765 1901 836 mitiores.
1962 766 2020 835 Sic
2043 768 2094 837 ait
2113 770 2170 838 lex
2189 771 2226 838 in

196 881 230 936 et
247 882 285 936 tu
301 867 467 937 dominus
481 867 626 936 illorum
642 881 801 950 maneto,
815 867 1185 941 etnonalieniteeum.

195 970 378 1061 Significat
398 971 494 1039 enim
520 994 562 1039 ex
591 971 691 1038 fonte
714 970 810 1039 rivos
841 972 1067 1039 deducendos
1099 993 1185 1051 esse,

196 1073 326 1168 quibus
352 1073 470 1141 etiam=
491 1072 552 1140 alii
575 1073 760 1156 fruantur,
796 1069 865 1142 hoc
886 1085 957 1154 est,
987 1075 1122 1142 fructus
1143 1096 1185 1138 ex

194 1174 314 1246 lundis
331 1174 647 1244 communicandos
660 1199 733 1244 esse
749 1201 828 1246 cnm
846 1175 1048 1266 egentibus,
1075 1187 1111 1242 et
1132 1186 1185 1242 ta-

194 1302 278 1348 men
294 1279 437 1348 interim
452 1278 706 1370 praestandum
723 1302 808 1362 esse,
834 1303 880 1346 ne
894 1291 1041 1370 propter
1056 1277 1184 1345 immo-

196 1383 292 1451 dicas
318 1380 543 1473 profusiones
562 1382 692 1450 fundos
715 1381 811 1473 ipsos
837 1382 1054 1450 amittamus.
1130 1376 1184 1446 lta

196 1484 402 1556 suavissime
417 1484 531 1575 pingit
544 1495 734 1574 praecepta
752 1486 796 1552 de
811 1484 933 1554 multis
948 1481 1097 1574 egregiis
1111 1482 1185 1550 vir-

196 1587 342 1658 tutibus.
402 1587 518 1655 Docet
540 1586 635 1654 enim
663 1598 699 1653 et
721 1601 899 1679 quatenus
921 1586 1116 1656 exercenda
1138 1583 1185 1653 sit

195 1691 389 1759 liberalitas
416 1713 498 1780 erga
527 1701 686 1778 egentes,
713 1701 747 1756 et
771 1692 867 1782 quod
890 1685 978 1758 haec
999 1687 1183 1777 diligentia

197 1794 304 1862 etiam
328 1792 526 1862 necessaria
548 1792 594 1860 sit
615 1790 832 1880 reipublicae
848 1815 889 1859 ac
904 1791 1022 1872 nobis,
1042 1814 1183 1860 conser-

197 1896 307 1964 vandi
341 1893 563 1986 patrimonii.
600 1938 605 1947 -
640 1892 737 1961 Haec
767 1893 950 1985 diligentia
983 1894 1096 1962 virtus
1120 1905 1183 1977 est,

197 2024 305 2092 quam
338 2009 468 2065 vocant
499 1993 777 2088 parsimoniam,
819 1997 934 2065 vicina
965 1995 1183 2065 liberalitati.

195 2103 264 2171 Sed
283 2101 393 2168 altera
410 2097 650 2167 communicat
665 2100 799 2168 fructus
815 2100 1043 2192 patrimonii:
1071 2099 1219 2166 altera

196 2202 455 2296 patrimonium
486 2198 695 2283 conservat,
727 2216 880 2296 utraque
917 2227 1003 2271 vero
1034 2202 1221 2270 colenda

197 2319 249 2376 est
270 2306 374 2374 bonis
397 2304 502 2387 viris,
543 2326 618 2372 non
641 2305 756 2373 solum
782 2319 931 2396 propter
954 2304 1111 2373 civilis
1088 2304 1183 2372 vitae

196 2408 509 2489 consuetudinem,
542 2409 604 2476 sed
638 2407 745 2487 etiam
775 2420 923 2498 propter
952 2406 1182 2498 religionem:

195 2514 256 2582 sed
274 2513 317 2580 de
334 2511 442 2579 altera
459 2508 568 2602 paulo
586 2520 668 2600 post
684 2511 842 2581 dicemus
857 2512 981 2630 plura,
1007 2533 1103 2579 nune
1125 2532 1184 2578 or-

195 2614 279 2685 dine
297 2614 425 2733 quibus
440 2611 663 2701 largiendum
679 2613 735 2696 sit,
742 2613 1023 2736 praecipiemus.
1069 2612 1183 2732 Saepe

193 2717 400 2788 monuimus
414 2716 527 2806 legem
542 2727 692 2783 naturae
706 2715 864 2785 divinam
879 2740 951 2785 esse
954 2739 1084 2809 ,quare
1096 2716 1183 2785 scia-

193 2846 273 2891 mus
297 2820 460 2888 ordinem
484 2841 504 2884 a
528 2830 655 2886 natura
680 2821 910 2888 constitutum
936 2817 1014 2886 Deo
1039 2842 1183 2914 qnoque

194 2922 353 3015 probari.
406 2919 520 2987 Docet
537 2932 655 2987 autem
672 2934 802 2990 natura
819 2933 1004 3038 parentes,
1038 2920 1183 3005 liberos,

196 3037 303 3119 atque
320 3024 368 3091 ita
384 3022 550 3111 deinceps
567 3023 993 3153 cognatos,deinde'c1ves
1008 3025 1182 3094 anteferre

167 3180 169 3185 ·
196 3126 332 3198 alienis.

296 3228 401 3295 Hunc
419 3225 581 3295 ordinem
597 3239 633 3295 et
647 3227 778 3298 Paulus
793 3230 936 3319 probat,
961 3253 1041 3298 curn
1059 3229 1105 3296 ad
1120 3227 1183 3297 'ti-

195 3326 381 3400 motheum
396 3329 518 3399 scribit
534 3330 586 3423 (1.
603 3330 702 3421 epist.
717 3326 761 3414 5,
777 3331 848 3427 8.):
875 3331 912 3400 si
928 3331 1007 3424 quis
1022 3354 1182 3416 suorum,

196 3446 230 3503 et
245 3433 400 3502 maxime
420 3433 696 3502 domesticorum
714 3458 835 3502 curam
848 3457 923 3502 non
938 3431 1061 3517 habet,-
1074 3435 1220 3503 fidem

195 3537 402 3627 abnegavit,
429 3548 463 3604 et
483 3536 618 3604 infideli
635 3537 792 3606 deterior
809 3549 870 3607 est.
922 3534 1010 3606 Item
1033 3533 1219 3633 (Ephes.

194 3638 239 3720 5,
254 3638 351 3732 29.);
379 3640 532 3707 Carnem
548 3663 648 3708 snam
664 3663 771 3708 nemo
790 3640 873 3709 odio
889 3636 1008 3710 habet.
1055 3638 1101 3708 Et
1118 3641 1182 3708 ali-

195 3742 333 3835 quoties
345 3739 393 3835 ⁰⁶)
431 3741 611 3830 vituperat
637 3736 855 3839 ἀστόργους.
938 3743 1030 3811 Sunt
1061 3756 1180 3813 autem

194 3843 371 3939 ἄστοργοι
387 3843 450 3935 qui
463 3843 644 3911 naturales
666 3843 811 3914 affectus
834 3866 915 3933 erga
937 3857 1120 3935 parentes,
1146 3860 1181 3916 et

193 3947 344 4027 liberos,
366 3957 428 4014 aut
443 3957 612 4035 cognatos
628 3958 770 4015 exuunt.
828 3944 925 4014 Haec
942 3960 1060 4015 antem
1075 3948 1181 4017 bene-

158 4040 161 4047 ’
193 4049 353 4118 licentiae
384 4048 537 4140 species,
570 4071 661 4141 quae
689 4059 851 4117 versatur
880 4048 973 4118 inter
1002 4062 1180 4140 parentes,

192 4153 324 4222 liberos
341 4164 376 4219 et
393 4164 581 4242 cognatos,
608 4151 722 4241 pietas
744 4163 904 4222 vocatur.
956 4152 1049 4221 Hinc
1072 4153 1179 4222 etiam

192 4256 285 4344 leges
302 4254 494 4324 extiterunt
508 4256 551 4322 de
574 4254 751 4344 legitima,
779 4279 886 4347 quam
910 4253 1034 4324 dicunt
1058 4257 1180 4326 deberi

192 4357 271 4426 iure
293 4358 448 4425 naturali
471 4357 612 4438 liberis,
645 4357 727 4451 quia
751 4355 995 4453 φιλοστοργία
1020 4371 1071 4427 est
1092 4361 1180 4432 iuris

191 4458 384 4541 naturalis,
419 4471 454 4527 et
477 4461 569 4527 inter
591 4460 727 4529 alienos
753 4458 892 4551 primus
919 4462 1017 4530 locus
1042 4463 1179 4535 dandus

193 4575 245 4631 est
277 4557 494 4651 hospitibus,
528 4560 627 4632 cuius
656 4562 709 4631 rei
736 4562 868 4630 multae
900 4575 982 4632 sunt
1009 4565 1178 4638 rationes.

190 4663 354 4735 Primum
379 4664 495 4746 enim,
521 4662 603 4756 qnia
628 4660 716 4733 haec
737 4664 810 4732 vita
832 4666 1121 4757 peregrinatione
1145 4684 1180 4739 et

192 4767 472 4837 commutatione
490 4791 579 4856 opus
592 4761 720 4848 habet,
744 4790 884 4838 necesse
899 4781 971 4851 est,
997 4782 1039 4839 nt
1053 4783 1176 4842 mutua

189 4865 337 5040 hospitifi
352 4869 429 4938 iura
447 4868 616 4938 colamus.
652 4867 807 4964 Ideoque
823 4870 901 4940 inre
916 4873 1073 4962 gentium
1088 4900 1178 4944 sem·

189 4996 256 5065 per
269 4973 367 5043 nefas
380 4970 449 5042 tuit
463 4966 620 5063 hospites
634 4970 782 5043 violare.
826 4970 1017 5046 Praeterea
1033 4989 1179 5048 natura·

189 5075 233 5147 lis
247 5075 396 5146 societas
413 5097 488 5142 non
503 5085 644 5143 tantum
661 5075 795 5195 obligat
815 5098 882 5145 nos
897 5078 1018 5168 paucis
1035 5082 1179 5174 quibus·

190 5180 273 5250 dam
288 5176 435 5260 nostris,
460 5177 522 5248 sed
535 5176 603 5247 totr
617 5200 741 5269 generr
731 5172 928 5311 humano.
981 5180 1102 5274 Quare
1119 5186 1178 5255 de-

223 5411 272 5475 so)
291 5412 351 5475 ra,
370 5410 447 5464 aon.
466 5413 498 5476 ι,
515 5411 558 5463 ιι.
593 5413 619 5465 ι.
638 5412 705 5466 nn
725 5413 758 5477 s,
776 5414 859 5466 a

1237 863 1337 933 Mose
1358 862 1489 956 (Exod.
1510 863 1578 948 19,
1594 865 1654 954 aa.
1670 864 1767 962 34.):
1795 868 1834 936 Si
1852 864 2067 940 habitaverit
2089 873 2227 942 advena

1235 965 1391 1034 interra
1414 978 1550 1051 vestra,
1582 991 1659 1146 nep
1681 971 1900 1059 exprobretis
1924 970 1976 1053 ei,
2002 976 2065 1042 sed
2088 975 2224 1064 diligite

1236 1093 1320 1137 eum
1345 1067 1437 1139 sicut
1458 1093 1522 1139 vos
1547 1068 1624 1160 ipso
1667 1083 1745 1154 etc„
1763 1085 1801 1141 et
1823 1073 1908 1143 alibi
1924 1074 2049 1168 (Hebr.
2068 1077 2136 1161 te,
2153 1078 2225 1172 2.):

1235 1170 1497 1261 Hospitalitatis
1528 1196 1574 1240 ne
1599 1172 1882 1258 obliviscamini,
1915 1173 2099 1267 perhanc
2129 1181 2227 1250 enim

1236 1273 1383 1366 quidam
1422 1286 1631 1343 mememnt
1670 1279 1816 1366 angelos
1857 1274 2013 1369 hospitio
2052 1283 2226 1375 excipere.

1235 1376 1352 1445 Porro
1373 1375 1414 1444 in
1435 1376 1561 1467 primis
1586 1379 1686 1446 decet
1702 1375 1925 1451 Christianos
1946 1378 2040 1451 hane
2056 1384 2227 1457 virtutem

1235 1504 1377 1549 summo
1393 1479 1511 1549 studio
1527 1479 1656 1551 colere.
1706 1481 1800 1552 Nam
1821 1481 1978 1553 Ecclesia
2001 1487 2075 1556 iere
2095 1488 2136 1557 in
2157 1485 2227 1559 hoe

1236 1583 1372 1651 mundo
1388 1577 1517 1673 hospes
1530 1595 1566 1651 et
1585 1582 1753 1669 exules-t,
1778 1610 1890 1679 quare
1914 1601 2084 1658 amanter·
2096 1604 2226 1661 tracte-

1236 1709 1316 1753 mus
1332 1680 1490 1775 hospites
1504 1697 1676 1778 tanqupm
1693 1687 1939 1772 exiliisocios,
1968 1704 2008 1760 ut
2024 1694 2227 1767 cumnobis

1235 1787 1470 1879 tranquillum
1486 1782 1682 1878 hospitium
1700 1789 1769 1858 Dei
1784 1791 2003 1882 benignitate
2020 1797 2226 1888 contingere

1236 1903 1419 1980 optamus,
1445 1889 1598 1979 vicissim
1614 1894 1849 1983 praebeamus
1868 1892 2063 1987 hospitium
2081 1913 2119 1969 et
2131 1900 2224 1984 aliis,

1235 2006 1271 2061 et
1282 1988 1375 2061 hanc
1391 1993 1560 2062 virtutem
1575 1992 1671 2063 Deus
1686 2008 1793 2064 ornat
1804 1997 2030 2088 amplissimis
2043 2004 2224 2092 praemiis.

1218 2096 1271 2165 1.
1292 2095 1432 2186 Regum
1458 2094 1586 2214 lim),
1606 2096 1835 2192 (to-tom)
1863 2101 2060 2192 Sareptena
2082 2106 2225 2189 mulier,

1218 2223 1316 2267 ιιιιιι
1331 2198 1373 2265 1ιι
1385 2199 1583 2269 arctissima
1605 2224 1749 2270 annona
1766 2201 1941 2293 exciperet
1954 2203 2091 2291 Etiam,
2117 2208 2223 2304 eique

1235 2301 1354 2370 cibum
1375 2303 1571 2392 praebens,
1596 2298 1665 2370 hoc
1687 2316 1802 2372 totum
1827 2308 1925 2398 quod
1944 2261 2123 2402 reliqntim
2149 2325 2228 2381 eret

1233 2405 1403 2472 frumenti
1420 2416 1456 2472 et
1471 2405 1553 2487 olei,
1579 2406 1813 2497 absumptura
1829 2422 1929 2492 esset,
1947 2409 2068 2481 Deus
2058 2427 2107 2482 ιιι(
2125 2414 2227 2485 auxit

1236 2506 1353 2575 oleum
1360 2507 1633 2588 etfrumentum,
1646 2521 1687 2577 ut
1701 2509 1855 2577 triennio
1872 2513 2058 2585 sufficeret.
2083 2513 2225 2587 Deinde
2264 2578 2266 2589 .

1220 2608 1332 2678 Elias
1351 2609 1458 2678 etium
1474 2605 1764 2702 filium-hospitae
1778 2613 1938 2684 mulieris
1960 2630 2146 2688 mortuum
2168 2642 2225 2690 rea·
2264 2690 2266 2695 .

1234 2711 1349 2782 stituit
1369 2711 1408 2780 in
1431 2713 1541 2782 vitam
1566 2712 1669 2806 (ibid.
1688 2715 1734 2784 17
1745 2767 1755 2798 ,
1774 2716 1978 2812 17-23.).
2028 2721 2225 2793 Itevixiset

1217 2815 1327 2883 iilius
1359 2811 1521 2906 hospitae
1551 2815 1681 2899 Elisei,
1706 2822 1742 2890 2.
1759 2817 1848 2909 lieg.
1864 2817 1907 2902 4,
1930 2820 2164 2921 (32-36ι),
2178 2839 2229 2897 .ιι·
2262 2864 2266 2905 ι

1233 2916 1450 3011 Abadias⁹⁷)
1470 2914 1520 2988 50
1541 2915 1748 3010 -llrophetus
1769 2922 1954 2992 abscondit
1973 2924 2012 2993 in
2032 2928 2225 3019 speluncis,
2259 2966 2266 3007 ι

1233 3032 1275 3089 ut
1287 3021 1493 3089 defenderet
1506 3045 1569 3091 eos
1582 3024 1651 3089 adv
1652 3046 1751 3092 ersus
1765 3025 1948 3094 saevitiam
1961 3026 2225 3101 muherislew
2256 3072 2266 3115 a

1233 3123 1303 3192 bel.
1336 3121 1384 3190 Et
1399 3119 1585 3192 Christus
1574 3123 1692 3217 mquit
1709 3123 1856 3219 (Matth.
1870 3124 1921 3201 25
1929 3126 2054 3226 ,.:35)
2082 3133 2266 3227 Hospes
2256 3172 2266 3221 ι.

1235 3249 1353 3308 eram,
1378 3239 1415 3299 et
1434 3225 1630 3317 excepistis
1638 3252 1713 3298 me.
1763 3226 1851 3298 Item
1873 3229 2021 3325 (Matth.
2036 3237 2106 3318 10,
2123 3235 2266 3333 42qu

1218 3328 1454 3446 Quicunque
1477 3330 1626 3398 dederit
1644 3343 1784 3400 tamtum
1808 3356 1922 3426 aquae
1944 3349 2072 3426 potum
2094 3341 2160 3408 uni
2175 3350 2266 3429 (ιι,

1233 3430 1410 3514 minimis,
1435 3456 1511 3500 nun
1524 3435 1649 3522 perdet
1665 3437 1875 3505 mercedem.
1904 3437 2159 3510 Huiusmodi·
2158 3464 2224 3512 01⁴
2254 3488 2266 3537 Ι

1233 3545 1329 3614 tant,
1355 3547 1392 3603 et
1408 3536 1603 3604 sententiae
1619 3548 1654 3604 et
1669 3538 1829 3628 exempla
1854 3539 1923 3607 alia
1939 3541 2084 3611 ιιιιιΙιιι
2072 3566 2113 3612 ιιι
2135 3545 2266 3638 etth,

1233 3636 1365 3728 pturis,
1393 3661 1485 3754 quae
1499 3636 1693 3707 hortantur
1706 3662 1773 3709 nos
1787 3643 1833 3709 ad
1847 3638 2148 3734 hospitalitatem,
2180 3672 2224 3717 ae
2252 3688 2266 3744 g

1216 3740 1441 3860 praesertim
1463 3743 1512 3809 ad
1537 3741 1763 3832 excipiendos
1784 3767 1828 3812 ac
1856 3749 2027 3836 tegendos
2048 3771 2130 3833 eos,
2158 3750 2266 3869 quit

1232 3867 1297 3933 per
1312 3842 1482 3912 iniuriam
1497 3844 1591 3934 pulsi
1606 3858 1754 3936 propter
1768 3847 1927 3916 studium
1953 3874 2057 3919 verae
2074 3804 2266 3970 religiov:

1217 3945 1288 4015 nis
1305 3946 1459 4014 exulant.
1512 3944 1637 4040 ltaque
1661 3950 1878 4039 sperandum
1899 3964 1953 4021 est
1971 3965 2007 4021 et
2026 3952 2234 4047 principes..-
2254 3994 2266 4058 Ι

1232 4048 1295 4142 qui
1310 4072 1375 4117 suo
1391 4047 1550 4138 periculo
1575 4050 1951 4143 studiososlivangelii
1970 4068 2113 4146 tegunt,
2139 4059 2266 4129 Deos.

1231 4162 1372 4241 gratum
1391 4150 1548 4220 officium
1563 4154 1689 4235 lacere,
1716 4178 1756 4222 ac
1772 4154 1888 4224 Demn
1903 4138 2266 4265 remuneraturum:

1231 4278 1305 4324 esse
1332 4249 1425 4322 hanc
1448 4255 1716 4324 beneficentiam
1740 4257 1943 4378 ingentibus
1964 4263 2152 4352 praemiis,
2187 4274 2225 4335 et

1231 4359 1446 4448 sperandum
1469 4370 1521 4427 est
1544 4359 1640 4440 fore,
1674 4372 1715 4427 ιιι
1737 4386 1797 4430 eos
1820 4362 1972 4432 vicissim
1993 4365 2195 4436 defendat
2183 4392 2225 4436 ιιι

1229 4455 1286 4529 his
1303 4459 1480 4551 periculis,
1497 4485 1588 4554 quae
1605 4475 1754 4552 propter
1768 4459 1887 4532 hoc
1851 4491 1952 4556 prum
1970 4468 2127 4538 officium
2144 4496 2226 4542 sus-

1230 4563 1357 4633 tinent.
1410 4563 1596 4631 Caeterum
1636 4566 1705 4633 loci
1737 4563 1867 4636 dehac
1895 4569 2045 4653 virtute,
2072 4572 2137 4664 qui
2161 4599 2223 4643 ex-

1231 4679 1308 4735 tant
1328 4667 1424 4757 apud
1448 4679 1572 4756 poetas
1592 4679 1628 4734 et
1656 4664 1964 4762 historiographos
1990 4675 2194 4746 omnibus
2182 4702 2266 4747 ιιι.

1230 4782 1403 4861 promptu
1418 4780 1513 4838 sunt.
1544 4768 1682 4841 Deinde
1698 4798 1769 4866 quo
1786 4773 1911 4842 ordine
1925 4776 2259 4851 benefaciendum.-

1230 4872 1275 4942 sit
1298 4872 1441 4954 alienis,
1473 4871 1585 4941 facile
1599 4873 1749 4943 iudicari
1773 4889 1909 4967 potest,
1942 4874 2152 4950 adhibenda·
2168 4888 2260 4955 sse?-

1231 4974 1379 5045 enimin
1397 4974 1756 5068 consiliumrpsorum
1775 4980 1983 5064 necessitas,
2009 4984 2072 5052 sed
2086 4982 2151 5053 illa
2162 4992 2266 5056 w-T'

1230 5078 1335 5170 gula
1325 5100 1363 5145 ιιι
1378 5077 1545 5148 omnibus
1560 5079 1750 5151 virtutibus
1762 5085 1913 5152 tenenda
1929 5097 1998 5154 est:
1990 5081 2112 5155 *Nihil
2123 5098 2251 5161 metel-

1262 5263 1354 5331 emt.
1373 5267 1479 5331 Regum
1494 5266 1551 5333 17,]
1571 5264 1652 5315 Editt.
1672 5232 1748 5318 1540
1766 5271 1793 5316 et
1821 5268 1912 5319 tm:
1937 5218 2225 5335 ³.tteg11n(secui·,

1216 5328 1220 5345 ¹
1298 5335 1361 5385 dum
1377 5336 1466 5388 Lxx,
1485 5340 1512 5386 et
1530 5337 1629 5399 vulg.)
1650 5334 1690 5385 ts.
1726 5336 1794 5386 item
1811 5336 1981 5399 deincepst.
1999 5337 2070 5402 lteg.
2089 5342 2145 5391 4.·

1221 5418 1773 5487 Ν)1..οοι)ιιιι-1..,Βιςιθ
1793 5422 1833 5477 tt
1954 5448 1957 5453 ·
