4544 5766
168 194 238 268 eet
733 190 856 264 PlllL.
887 190 1000 264 MEL.
1034 189 1235 263 SCRIPTA
1267 190 1602 264 PHILOLOGICA.
2096 187 2171 263 532

170 375 199 430 in
223 371 354 429 omnihus
376 370 507 446 gentibus
530 366 659 446 quotidie
680 367 904 442 conspiciuntur.
947 365 1067 423 Certum
1089 374 1119 423 et
1139 365 1193 423 hoc
1214 377 1258 424 est
1280 365 1346 424 ideo
1369 365 1491 441 homini,
1519 387 1584 425 curn
1606 371 1643 428 sit
1664 370 1700 428 ad
1722 369 1889 427 societatem
1912 365 2059 435 conditus,
2094 362 2171 418 indi-

172 473 232 515 tum
254 475 319 513 esse
341 457 522 514 intellectum
544 453 650 509 ordinis
672 465 703 509 et
722 453 835 509 notitias
858 451 1056 508 discernentes
1077 450 1154 508 inter
1176 449 1296 509 honesta
1318 465 1346 509 et
1371 453 1481 527 turpia,
1505 467 1534 509 ut
1556 453 1618 512 Deo
1640 456 1754 512 obediat
1777 456 1804 511 in
1829 452 1957 508 honestis
1980 448 2119 506 faciendis
2142 461 2171 502 et

171 541 352 618 turpitudine
375 539 504 598 citanda.
547 539 609 595 Nec
631 539 724 594 minor
746 552 789 594 est
813 538 955 594 certitudo
977 534 1078 591 harum
1099 537 1266 594 notitiarum
1289 555 1375 613 quam
1397 537 1595 613 physicarum,
1629 543 1683 598 etsi
1711 541 1739 597 in
1770 538 1823 595 bac
1852 537 1975 612 caligine
2005 548 2036 590 et
2068 534 2097 588 in
2130 531 2172 587 bis

172 626 312 683 incendiis
333 625 490 683 errantium
513 623 700 699 cupiditatum
724 624 817 679 ruinius
840 621 965 678 divinam
987 619 1066 677 illam
1089 620 1183 678 lucem
1205 621 1377 695 aspicimus,
1412 635 1442 680 et
1462 621 1617 681 all'ectutnn
1639 625 1766 683 effrenes
1787 626 1914 699 impetus
1936 620 2027 695 magis
2048 618 2173 693 languc-

172 715 281 769 l'acinut
302 728 448 768 assensum
470 710 499 766 in
522 709 566 766 his
587 726 672 784 quam
694 706 823 783 reliquis.
865 705 910 763 Ex
934 705 976 762 his
999 705 1104 762 notitiis
1125 704 1189 762 Deo
1208 706 1353 781 ducente,
1380 705 1669 767 demonstrationibus
1692 721 1826 767 extructa
1847 718 1892 766 est
1913 706 2043 762 doctrina
2066 703 2173 773 ethica,

174 814 248 873 qnae
270 796 346 872 regit
368 811 461 852 mures
483 794 640 851 hominnm.
682 791 728 849 Ειι
751 790 804 849 hac
822 791 938 848 deducti
967 800 1035 847 sunt
1062 787 1158 847 fontes
1186 790 1283 866 legum
1313 792 1504 868 politicarum.
1553 793 1623 850 ldeu
1652 813 1757 870 magna
1784 810 1900 869 semper
1925 791 1980 847 fuit
2012 790 2040 845 in
2070 788 2173 845 scholis

175 881 297 957 dignitas
319 880 467 938 doctrinae
489 879 618 953 etlticae,
645 896 730 954 <priam
752 877 802 953 qni
824 895 881 934 nun
904 875 1084 949 didicerunt,
1111 891 1195 933 cerus
1217 876 1314 952 legum
1336 876 1432 933 fontes
1455 878 1503 933 vix
1525 879 1592 935 satis
1611 880 1788 956 intelligunt.

300 967 456 1025 lllustrnvit
479 964 552 1021 hanc
573 975 670 1020 autem
693 974 724 1019 ut
751 961 855 1018 multas
875 961 946 1018 alias
967 960 1079 1018 sobriae
1101 971 1132 1017 et
1154 977 1240 1018 verae
1263 959 1461 1039 philosophiae
1482 976 1598 1038 partes,
1625 983 1708 1022 socer
1728 982 1808 1022 rneus
1830 961 1979 1039 Philippus
2001 955 2173 1016 Melanthos

173 1064 332 1110 irronstrato
353 1071 405 1109 usu
429 1063 458 1107 et
480 1050 602 1107 ostensis
619 1047 755 1105 fontibus.
798 1046 836 1104 Et
857 1058 888 1103 ut
910 1055 1055 1123 perpetuo
1077 1053 1154 1101 esset
1175 1046 1203 1101 in
1226 1047 1354 1104 manibus
1375 1046 1610 1117 adolescentum,
1631 1050 1703 1107 alias
1723 1049 1787 1105 aliis
1808 1046 2002 1105 occasionibus
2023 1046 2051 1102 in
2075 1041 2173 1100 schola

175 1159 240 1198 eam
262 1148 399 1215 repetere
420 1136 542 1192 solebat.
592 1133 653 1190 Etsi
676 1133 752 1188 enim
774 1150 837 1188 crim
858 1129 1025 1188 Ethicurnm
1047 1129 1210 1188 Aristotelis
1232 1134 1432 1206 ennarratione,
1469 1152 1554 1210 quam
1578 1134 1698 1192 retineri
1719 1135 1749 1191 in
1771 1133 1879 1190 scholis
1901 1131 2017 1187 volebat
2038 1129 2173 1200 arrisissi-

176 1228 230 1283 mis
250 1224 287 1281 de
309 1224 418 1295 causis,
446 1237 562 1295 semper
586 1218 779 1294 coniungebat
801 1217 1004 1291 repetitionem
1027 1215 1238 1272 elementorum
1261 1215 1446 1288 Ethicorum,
1480 1229 1574 1274 tamen
1599 1220 1737 1278 miscebat
1758 1218 1904 1275 interdum
1927 1216 1974 1272 rel
1996 1215 2175 1290 interpretu-

172 1312 268 1368 tiunes
296 1320 459 1384 runcinatum
482 1307 678 1378 Graecorum,
711 1319 787 1379 quae
814 1312 972 1379 praecepta
1000 1302 1039 1358 dc
1064 1300 1191 1359 moribus
1218 1301 1385 1373 continent,
1419 1313 1451 1356 ut
1471 1302 1638 1373 Pbocylidis
1665 1315 1716 1361 aut
1737 1301 1917 1378 Theognidis
1946 1301 2091 1373 carmina,
2128 1302 2171 1352 set

175 1395 389 1454 enarrationem
411 1391 475 1448 libri
496 1387 642 1448 Ciceronis
664 1387 702 1445 de
723 1387 834 1446 officiis.
889 1386 973 1444 Hunc
1004 1404 1069 1442 cum
1096 1395 1242 1460 postremo
1271 1388 1483 1462 percurrisset,
1513 1388 1619 1445 adiecit
1646 1389 1787 1466 quaedam
1811 1385 2014 1444 declarationis
2034 1384 2175 1441 uberioris

175 1498 279 1554 causa,
300 1494 375 1556 quae
397 1495 461 1534 cum
484 1475 572 1551 plena
593 1474 650 1530 siut
672 1472 857 1544 eruditionis,
879 1485 909 1529 et
931 1471 1087 1528 multarum
1108 1471 1370 1529 controversiarum
1391 1469 1487 1528 fontes
1509 1473 1676 1549 explicent,
1698 1474 1790 1531 multa
1805 1470 2175 1545 accuratiosdistiuguant,

176 1584 262 1643 qnam
284 1564 368 1637 alibi,
395 1559 629 1618 communicanda
650 1576 715 1615 cum
737 1558 867 1633 pluribus
888 1557 1060 1614 censuimus.

302 1647 345 1706 Ad
367 1661 397 1707 te
418 1664 487 1704 verr»
508 1644 663 1702 clarissime
683 1642 720 1702 D.
742 1642 865 1714 Ductor,
895 1652 1042 1717 compater
1063 1651 1093 1698 et
1115 1650 1238 1715 patrone
1260 1639 1382 1697 colende
1407 1640 1480 1698 haec
1498 1653 1633 1701 annotata
1654 1644 1754 1719 mitto,
1787 1662 1850 1700 eum
1874 1651 1906 1700 ut
1926 1639 1965 1699 de
1986 1638 2082 1698 studio
2104 1655 2176 1711 erga

175 1749 206 1794 tc
229 1753 292 1792 meu
313 1744 344 1791 et
365 1731 545 1790 observantia
566 1730 720 1803 testificer,
753 1739 814 1785 tum
837 1728 903 1803 quia
924 1744 963 1784 ex
986 1724 1205 1801 necessitudine.
1221 1725 1330 1783 veteris
1347 1727 1567 1805 ¹coniunctionis
1596 1746 1661 1791 cum
1688 1747 1788 1791 socero
1817 1747 1882 1789 mco
1910 1726 2012 1785 deberi
2041 1723 2091 1780 tibi
2120 1722 2172 1777 hor

175 1840 278 1879 rtrrtnus
301 1819 443 1876 existimo.
501 1816 628 1872 Puerum
656 1812 708 1870 ille
736 1825 765 1871 te
794 1814 869 1870 intra
897 1810 1068 1868 domesticos
1096 1807 1225 1885 parietes
1252 1818 1282 1865 et
1303 1820 1427 1884 paterno
1448 1818 1547 1871 amore
1569 1814 1740 1892 complexus
1761 1824 1807 1871 est
1828 1812 1950 1883 eximie,
1983 1822 2013 1867 et
2033 1808 2174 1884 singulari

175 1925 244 1965 cura
265 1903 381 1962 erudiit.
415 1902 504 1959 Huius
526 1916 614 1976 opera
636 1899 784 1974 ductuque
806 1898 835 1954 in
857 1896 1029 1975 optimarum
1050 1895 1173 1969 artium,
1199 1906 1229 1952 et
1250 1895 1408 1973 praecipue
1430 1895 1579 1955 doctrinae
1601 1899 1716 1957 ethicae
1738 1899 1892 1958 elementis
1914 1896 2077 1967 institutus,
2109 1910 2174 1948 cnut

175 1993 211 2050 ad
235 1992 332 2066 legum
354 1986 480 2045 studium
501 1984 647 2042 attulisses
667 1982 859 2059 coguitionem
879 1981 1003 2038 fontium
1025 1990 1055 2037 et
1076 1978 1181 2037 artium
1202 1977 1465 2054 philosophicarum
1488 1981 1679 2058 adminicula,
1713 1984 1742 2042 id
1768 1992 1962 2059 consequutus
1983 1998 2032 2049 es,
2066 1991 2097 2035 ut
2119 1996 2174 2031 uun

174 2078 265 2134 solum
289 2073 437 2133 doctrinae
461 2070 562 2145 laude,
583 2069 635 2127 sed
657 2078 687 2124 et
709 2067 851 2144 sapientia
873 2067 902 2122 in
925 2065 1123 2123 moderatione
1144 2083 1320 2121 summorum
1343 2066 1525 2123 consiliorum
1550 2079 1581 2125 et
1602 2070 1784 2146 negotiorum
1806 2067 1938 2146 publicae
1959 2063 2176 2142 gubernationis

173 2162 314 2222 excellas.

301 2241 403 2303 Adieci
421 2250 521 2298 autem
541 2238 584 2296 his
604 2237 835 2295 annotationibus
855 2236 949 2296 soceri
969 2234 1206 2295 commentarium
1226 2234 1257 2291 in
1278 2235 1402 2311 primum
1425 2236 1530 2294 librum
1551 2236 1712 2296 officiorum
1734 2239 1786 2296 siri
1806 2238 1916 2297 clariss.
1935 2236 1972 2295 D.
1994 2237 2031 2294 D.
2054 2232 2176 2308 Georgii

174 2331 323 2405 Cracuuii,
344 2326 494 2406 praecipui
515 2325 599 2381 amici
618 2323 726 2397 nostri,
746 2340 833 2399 qrrem
855 2321 1030 2381 auditoribus
1051 2320 1080 2376 in
1102 2319 1158 2376 bac
1179 2317 1278 2376 schola
1299 2320 1357 2379 suis
1378 2323 1527 2398 proposuit
1547 2334 1616 2382 ante
1637 2323 1745 2385 multos
1766 2342 1875 2398 mnus,
1902 2334 1970 2380 tuuc
1991 2339 2057 2379 enm
2077 2317 2174 2375 adhoc

172 2422 251 2476 inter
272 2414 453 2475 Professores
474 2408 674 2487 philosophiae
696 2408 811 2486 publico
833 2408 895 2465 luco
916 2407 1077 2464 doctrinam
1099 2403 1213 2462 ethieen
1237 2421 1273 2462 cx
1303 2407 1415 2481 graecis
1445 2409 1556 2482 pariter
1581 2419 1613 2466 et
1640 2410 1739 2467 latinis
1765 2409 1892 2466 fonhbus
1920 2406 2041 2466 tradidit
2070 2419 2175 2479 nsagna

175 2524 238 2561 curu
263 2501 386 2558 utilitate
407 2497 537 2573 publica,
558 2514 629 2572 qnos
651 2495 701 2550 ille
724 2494 839 2550 labores
861 2512 925 2550 cum
946 2510 1003 2549 non
1024 2499 1174 2548 recusaret
1196 2507 1362 2567 quanquam
1383 2493 1561 2567 gravioribus
1580 2505 1753 2571 occupatus,
1772 2494 1912 2552 eximium
1933 2493 2023 2551 decim
2042 2488 2175 2548 adiunxit

175 2603 204 2647 et
226 2587 306 2644 auxit
329 2585 497 2660 dignitatem
519 2593 607 2657 atque
628 2578 844 2636 admirationem
867 2579 975 2635 artibus
997 2575 1101 2633 nostris
1121 2575 1253 2632 acumine
1276 2586 1307 2632 et
1329 2578 1504 2652 praestantia
1525 2579 1651 2656 ingenii,
1672 2579 1820 2637 doctrinae
1843 2578 2008 2655 multiplicis
2030 2578 2177 2645 ubertate,

174 2675 281 2731 latinae
301 2668 456 2729 facundiae
476 2667 635 2740 suavitate,
667 2666 762 2742 gravis
782 2664 876 2721 iudicii
898 2662 1080 2735 maturitate,
1115 2660 1244 2736 denique
1266 2676 1301 2718 ea
1322 2661 1385 2738 ipsa
1406 2661 1560 2738 opinione,
1594 2663 1672 2742 quud
1692 2675 1723 2723 et
1744 2663 1940 2741 magnifacere
1959 2657 2176 2741 philosophiam

173 2759 366 2829 iudimretnr,
387 2765 418 2812 et
439 2752 514 2810 hane
534 2770 599 2809 eum
621 2751 717 2826 legum
739 2749 859 2806 scientia
880 2745 926 2805 ita
942 2745 1146 2820 coniungeret,
1168 2755 1199 2802 ut
1220 2745 1249 2801 iu
1273 2755 1396 2823 unaque
1417 2764 1483 2804 cum
1496 2748 1593 2806 multis
1606 2748 1862 2826 aliissingularum
1876 2745 2092 2824 professoribus
2107 2762 2174 2799 cer·

173 2860 237 2902 tare
259 2851 365 2918 posset.
420 2838 482 2894 Etsi
508 2847 604 2893 antem
627 2835 685 2891 scio
707 2845 837 2890 autorem
859 2833 1009 2890 consilinm
1030 2848 1127 2887 meum
1149 2829 1187 2887 de
1210 2829 1337 2888 editione
1359 2851 1415 2888 nun
1438 2833 1625 2907 probaturum
1647 2851 1728 2907 esse,
1764 2846 1860 2893 tamen
1882 2834 2015 2910 publicae
2038 2828 2174 2890 utilitatis

172 2930 315 2989 rationem
336 2922 557 2982 anteferendam
579 2936 645 2976 esse
669 2918 769 2976 censui
789 2918 823 2975 iis
844 2919 953 2991 causis,
990 2926 1112 2991 propter
1133 2931 1204 2991 quas
1221 2913 1346 2973 fortasse
1367 2935 1522 2994 suppressa
1544 2937 1598 2977 sna
1613 2935 1678 2978 esse
1700 2919 1811 2980 mallet.
1872 2921 1919 2978 'l'e
1940 2939 2008 2978 vcro
2031 2936 2086 2994 pro
2109 2913 2175 2972 cxi-

172 3015 231 3073 mia
253 3025 301 3070 tna
323 3026 395 3085 erga
415 3025 462 3064 me
485 3003 688 3063 benevolentia
709 3013 739 3060 et
760 3001 938 3060 humanitate
960 3011 1105 3076 perpetua
1126 3019 1176 3057 oro
1199 3010 1286 3076 atque
1307 3001 1451 3074 obtestor,
1473 3012 1506 3060 nt
1526 3003 1604 3078 quod
1624 2999 1735 3081 uptiinu
1756 3023 1773 3062 a
1795 3023 1843 3063 me
1865 3004 1982 3065 consilio
1995 3003 2106 3063 factum
2119 3009 2175 3066 est,

172 3111 285 3174 gratnm
309 3095 356 3152 tibi
380 3109 445 3148 csse
470 3099 681 3165 acceptumque
702 3087 836 3162 patiaris,
870 3097 901 3143 ct
922 3102 970 3142 me
992 3085 1150 3160 patrocinio
1178 3095 1242 3156 tuo,
1277 3098 1309 3144 nt
1340 3085 1434 3144 fecisti
1461 3085 1618 3162 hactenus,
1651 3107 1739 3166 porro
1766 3089 1967 3168 complectaris
1994 3107 2030 3149 ac
2056 3088 2173 3147 tuearis.

174 3185 267 3241 Darae
288 3178 475 3252 Witebergae
497 3175 599 3233 Calen.
621 3171 723 3230 Octob.
745 3175 827 3230 Anno
849 3190 867 3231 a
889 3182 958 3229 nato
978 3167 1093 3229 Christo
1115 3166 1208 3230 1562

1683 3259 1742 3318 Tui
1763 3255 1985 3319 studiosissimus

1649 3337 1779 3424 Cuspur
1798 3342 1967 3406 Procerus
1989 3345 2024 3404 D.

299 3519 438 3581 Similiter
459 3529 547 3592 atque
570 3513 771 3591 Philosophiae
793 3512 908 3570 rnoralis
937 3511 1079 3589 epitomes
1108 3506 1224 3565 editioni
1254 3527 1280 3565 a.
1304 3506 1396 3568 1542.
1425 3512 1639 3571 commentatio:
1673 3507 1728 3571 Dc
1755 3515 1936 3574 autoritate
1962 3511 2172 3596 Principum,

173 3627 248 3686 quae
272 3608 350 3683 prim
376 3605 418 3660 bis
446 3604 562 3659 seorsim
592 3600 755 3676 prodierat,
786 3597 1014 3655 alflelanthone
1042 3593 1176 3651 adiuncta
1205 3607 1249 3650 est
1279 3594 1354 3671 (rid.
1382 3595 1517 3673 l'rulcpg.
1546 3615 1577 3672 p.
1599 3596 1746 3660 19-20,
1773 3613 1805 3659 et
1831 3599 1939 3659 philos,
1968 3606 2071 3662 morat,
2101 3609 2173 3681 epp·

172 3716 203 3770 p.
217 3687 418 3763 sa-toa.),
453 3689 539 3745 etiam
563 3687 607 3743 bis
628 3685 845 3761 Prolegomeuis
866 3683 975 3741 inserta
995 3693 1057 3739 est:
1094 3673 1232 3737 Collatia
1253 3681 1639 3741 αοιὶοιιιιιιιΑαὶοαιίιιιι
1660 3679 1944 3747 camoenarum
1964 3684 2011 3745 ed
2030 3684 2174 3750 Deculo-

172 3797 269 3856 ιςιιιιι,
299 3792 374 3855 quae
395 3785 481 3830 antea
502 3771 657 3846 separatim
678 3789 696 3828 a
715 3767 907 3828 blstsmbom
924 3781 969 3825 ter
990 3764 1068 3824 edita
1090 3775 1149 3821 est:
1969 3790 1972 3794 -

301 3877 331 3938 l.
361 3870 498 3934 Collotr'o
521 3873 687 3929 actionum
702 3868 897 3949 forensium
917 3863 1112 3926 Aaronom
1133 3860 1416 3925 cinomanorum
1441 3871 1713 3948 praeripuerunt.
1768 3867 1900 3933 Arcturo
1920 3869 2080 3954 Philippo
2101 3874 2173 3936 ,lle-

343 3954 509 4022 laathons.
569 3949 777 4032 huncbergae.
810 3951 924 4015 Anno.
943 3948 992 4012 M.
1006 3948 1052 4010 D.
1067 3946 1202 4012 XLVI.
1229 3981 1270 3996 -
1315 3951 1698 4035 (fnfmes)1ssprsssrsns
1724 3952 1927 4037 Vtrcborgoc
1942 3961 2037 4040 aprrrsl
2059 3959 2171 4023 Virum

346 4043 513 4107 &estnon
545 4043 654 4102 mil).
665 4035 801 4102 XLVI.
842 4039 875 4101 8.
918 4036 1059 4116 dplagg.
1227 4070 1230 4075 ,

171 4139 301 4216 Epistola
323 4130 532 4207 ntttrcupatoria
552 4127 590 4186 ad
610 4127 706 4184 loach.
727 4127 882 4185 Mollerum
904 4123 1026 4183 Calend.
1047 4123 1198 4198 Septemb.
1222 4118 1314 4182 tote.
1335 4124 1459 4204 scripta,
1492 4144 1578 4203 quam
1599 4128 1770 4186 Melanthea
1797 4129 1864 4189 huic
1890 4132 1990 4190 libello
2012 4137 2170 4210 praemisit,

173 4242 275 4282 recusa
296 4233 341 4279 est
361 4222 390 4277 in
413 4216 479 4274 vot.
494 4213 545 4272 vl.
566 4233 597 4291 p.
610 4210 802 4272 225429.
825 4210 909 4268 huius
928 4209 1017 4285 Corp.
1039 4207 1172 4264 Reform.

298 4305 331 4367 2.
355 4301 491 4363 Collatia
513 4330 554 4342 -
573 4331 615 4340 —
637 4330 680 4342 —
706 4293 838 4357 Aurora
865 4289 990 4373 Philip.
1016 4287 1178 4354 Mulorslh.
1239 4285 1461 4371 mescher-goe
1488 4289 1711 4356 &emebant
1738 4293 1914 4358 Haeredes
1942 4299 2042 4362 Petri
2068 4300 2171 4366 Scr'tz.

342 4387 439 4449 Aorno
459 4379 641 4447 M.D.L1.
681 4382 712 4445 8.
755 4378 897 4458 Splagc.

300 4472 332 4535 3.
355 4471 492 4533 Collatia
516 4500 557 4513 -
579 4500 622 4514 -
643 4501 685 4514 -
706 4465 837 4530 Ansere
850 4457 1150 4542 PhilipMelootb.
1170 4460 1239 4539 (sub
1259 4484 1315 4541 qno
1337 4465 1455 4522 nomine
1477 4465 1638 4537 symbolum
1654 4470 1787 4527 Cratonis
1807 4483 1869 4546 est,
1890 4473 1967 4549 quud
1989 4493 2078 4550 supra
2102 4481 2170 4538 Ρη..

344 4563 421 4636 legg.
442 4578 472 4635 p.
490 4551 639 4615 13—tt.
660 4554 880 4631 descripsimus,
901 4553 1002 4608 iisdem
1026 4549 1121 4606 verbis
1141 4547 1413 4636 circumscriptum.)
1458 4542 1666 4629 Wtebsrgac
1679 4552 1780 4613 Anao
1794 4551 1843 4615 M.
1855 4552 1901 4616 D.
1914 4553 2041 4618 hlffl.
2056 4594 2102 4609 ·-
2123 4569 2169 4644 (1.,

341 4641 432 4723 finer)
474 4633 689 4716 lf'r‘tchergue.
732 4630 930 4698 fiscanensi
951 4629 1116 4693 Iohannes
1140 4628 1248 4693 Croto.
1285 4634 1317 4696 8.
1357 4631 1499 4713 Dplagg.
1523 4633 1592 4717 (ult,
1613 4639 1666 4697 fot,
1688 4639 1776 4722 m),

174 4750 302 4812 Editioni
324 4745 447 4824 principi
469 4742 581 4800 adiecta
603 4753 662 4799 est:
690 4741 803 4800 Soloms
824 4741 936 4817 elegia,
957 4733 1282 4796 citataaDemusthenc
1303 4738 1342 4794 de
1364 4739 1472 4815 causis,
1494 4739 1729 4816 qttaeadfernnt
1748 4743 1868 4801 exitium
1890 4747 1989 4823 regnis
2009 4760 2039 4806 et
2062 4758 2170 4813 rnaonis

176 4837 352 4911 civitatibus,
381 4846 519 4887 ctrrrscrsa
540 4846 557 4884 a
578 4826 654 4884 Phil.
675 4827 746 4886 hlcl.
789 4827 821 4884 lu
844 4825 972 4883 editione
993 4823 1085 4880 altera
1107 4832 1138 4880 et
1158 4823 1244 4880 tertia
1265 4820 1337 4880 haec
1357 4821 1472 4880 sutona
1492 4823 1589 4901 elegia
1609 4836 1654 4883 est
1675 4827 1787 4886 ornissa.
2109 4800 2127 4832 θ

301 4918 409 4975 llarurn
432 4913 517 4971 trium
539 4911 698 4969 editionum
719 4912 811 4970 altera
834 4903 872 4970 G.
896 4905 958 4970 Tb.
979 4900 1160 4978 Strohcfio,
1196 4907 1256 4964 viro
1284 4907 1324 4965 de
1345 4905 1542 4966 hfelanthunis
1563 4911 1676 4987 scriptis
1698 4912 1809 4990 optime
1831 4915 1966 4986 merito,
1987 4917 2087 4995 ignora
2109 4925 2161 4983 sair

175 5016 352 5088 quiapropter
379 5001 408 5057 iu
436 4997 526 5056 libro:
568 4996 654 5055 Neue
680 4995 829 5073 Beytriige
856 5015 909 5054 zur
935 4995 1096 5052 Litteratur
1123 4991 1282 5051 bcsouders
1310 4992 1363 5050 des
1394 4992 1604 5053 sechsaehnten
1631 4994 1731 5055 Jahrh.
1759 4998 1825 5056 Vol.
1845 4999 1898 5057 tv.
1926 5001 2009 5059 Fasc.
2031 5004 2090 5080 ll.,
2123 4969 2169 5068 ubi

175 5115 205 5173 p.
219 5083 412 5154 tut-106.
430 5084 470 5142 de
491 5081 544 5138 hac
565 5083 806 5139 commentatione
826 5081 914 5156 dicit,
935 5099 965 5157 p.
980 5076 1050 5140 106.
1073 5079 1189 5136 tertiam
1210 5077 1366 5136 editionem
1388 5095 1414 5136 a.
1432 5075 1523 5138 tuat.
1545 5078 1723 5138 sectandum
1736 5083 1873 5143 nominat.
1915 5085 2024 5146 lbidenr
2037 5107 2056 5148 e
2069 5096 2167 5169 quinto

175 5176 370 5239 blelanthonis
390 5167 578 5247 epistolarum
599 5167 672 5224 libro
693 5187 723 5244 p.
737 5163 812 5226 299.
832 5163 905 5222 haec
925 5164 1048 5222 auctoris
1069 5162 1107 5221 do
1128 5163 1182 5221 hoc
1203 5161 1302 5222 libello
1324 5162 1411 5220 verba
1432 5161 1534 5221 affert:
1565 5164 1674 5238 „hlittu
1696 5168 1746 5224 tibi
1768 5168 1899 5228 libellum
1922 5181 2040 5231 tenuem
2062 5180 2103 5236 dc
2124 5182 2167 5238 fo-

173 5265 305 5324 rensibus
326 5256 495 5318 actionibus.
536 5251 624 5310 Dices
645 5271 693 5311 me
711 5252 841 5328 ineptum
862 5266 942 5325 esse,
964 5251 1012 5326 qui
1033 5249 1107 5307 tales
1127 5247 1262 5305 materias
1284 5245 1379 5311 edam
1423 5247 1490 5306 Nun
1505 5246 1618 5324 refut03
1647 5251 1699 5309 sed
1712 5252 1806 5325 edidi,
1828 5256 1895 5331 quia
1916 5257 2021 5316 alicubi
2042 5262 2165 5323 illustrat

173 5352 353 5411 Graecorum
374 5353 518 5400 oratorum
538 5336 710 5415 lectionem,
743 5347 773 5396 et
802 5344 976 5395 vetustatem
992 5332 1161 5412 disciplinae
1182 5330 1366 5393 considerare
1387 5331 1460 5395 utile
1480 5344 1535 5393 est.
1577 5333 1687 5394 Vident
1708 5337 1786 5396 enim
1807 5338 2025 5420 adolescentes,
2061 5367 2100 5405 ex
2122 5349 2166 5408 di-

163 5437 230 5491 rius
252 5435 326 5509 lege
347 5440 428 5488 ortas
449 5443 514 5486 esse
534 5424 676 5502 actiones,
700 5436 730 5484 ct
751 5419 833 5503 quasi
852 5419 998 5500 praesidia
1016 5416 1185 5498 disciplinae
1206 5413 1307 5478 ssse.”
1328 5447 1369 5465 -
1418 5410 1466 5480 Η.
1486 5410 1578 5483 Gotl.
1597 5413 1807 5484 &fernand
1827 5424 1856 5482 in
1878 5424 1966 5488 libro:
2004 5430 2164 5495 l'erscicb.
