4544 5766
189 178 263 255 271
455 171 658 246 SCRIPTA
682 171 764 247 PH.
783 170 898 245 mah.
922 168 991 243 AD
1014 166 1227 244 Erum
1249 171 1317 247 ΕΤ
1342 171 1600 250 rourlcssa
1626 174 1941 252 reserantia
2137 178 2224 257 m

193 363 246 422 est
269 375 360 442 opus
382 347 601 430 indebitum,
632 358 674 415 ut
695 345 782 415 alibi
802 344 945 437 copiose
965 345 1179 414 declaratur.
1331 346 1430 419 llaec
1450 352 1571 441 regula
1594 355 1756 427 subditos
1779 365 1940 436 excusat,
1976 374 2056 422 cum
2080 350 2222 421 obtem·

193 452 332 525 Deinde
358 453 404 521 ad
426 450 607 520 Minorem
631 450 851 541 respondeo:
875 445 1069 518 Restitutio
1094 446 1182 516 furti
1232 464 1361 542 perant
1385 453 1555 539 domino,
1593 458 1734 530 etiamsi
1762 484 1840 529 non
1862 467 1999 526 norunt
2026 478 2087 538 ea,
2110 478 2221 547 quae

193 570 245 628 est
269 554 481 637 satisfactio,
513 550 646 622 seilicet
669 551 788 621 debita
812 576 875 625 scu
901 549 1030 632 civilis,
1072 573 1181 643 quam
1232 554 1320 623 scire
1341 554 1437 646 ipsos
1459 581 1504 625 ne
1526 557 1670 651 quidem
1693 562 1860 655 possibile
1885 571 1948 640 esp,
2000 555 2223 627 simiam.

193 685 335 730 neeesse
357 670 408 727 est
423 651 545 725 'facere
568 653 741 745 spoliato,
779 667 819 724 ut
841 656 899 724 fur
919 653 1085 744 deinceps
1107 675 1182 720 non
1232 657 1301 726 cles
1319 682 1460 729 servum
1477 660 1653 752 obiurgat,
1673 667 1785 734 multa
1801 662 2036 735 sciscitantem
2054 660 2223 733 debello.

194 776 311 834 teneat
338 759 507 829 alienum.
574 756 672 827 llaec
692 757 952 827 vocabulorum
975 754 1182 825 discrimina
1232 758 1278 827 Et
1302 765 1494 853 respondet
1516 789 1655 837 servus:
1696 768 1834 850 Taceo,
1872 778 1907 833 et
1936 764 2077 856 patiens
2105 764 2222 833 feram

191 867 388 960 prudenter
404 861 664 930 consideranda
682 871 783 942 srmt,
817 860 901 953 quia
920 858 1081 928 confusio
1102 880 1180 926 ma·

194 994 283 1060 gnos
303 989 442 1036 errores
460 963 567 1056 parit.

293 1102 369 1173 lam
394 1099 617 1197 quaestiones
639 1096 772 1166 multae
797 1111 1012 1189 sequuntur:
1045 1095 1177 1166 Utrum

192 1210 326 1302 praeda
351 1205 388 1272 in
409 1204 503 1271 bello
531 1213 634 1294 parta
659 1200 876 1269 restituenda
898 1200 967 1270 sit?
1020 1198 1182 1290 Respon-

193 1314 278 1382 deo:
306 1309 404 1379 Sicut
419 1305 596 1396 legitimae
613 1326 749 1394 poenae
764 1303 946 1372 latronum
961 1314 1044 1373 sunt
1057 1303 1182 1385 iustae,

193 1416 243 1486 sic
272 1410 470 1505 legitimum
497 1409 650 1488 bellum,
692 1407 790 1498 quod
812 1418 863 1473 est
888 1405 1048 1496 depulsio
1073 1407 1182 1473 latro-

193 1544 300 1600 num,
335 1526 397 1583 aut
417 1536 531 1603 poena
541 1510 588 1605 61)
613 1508 791 1601 legitima,
817 1533 925 1601 quam
945 1520 1084 1577 exercet
1107 1532 1182 1575 ma-

194 1621 380 1713 gistratus,
407 1625 458 1683 est
475 1614 576 1683 iusta.
617 1610 675 1680 Fit
689 1610 797 1701 igitur
811 1609 902 1679 iusta
918 1610 1104 1680 translatio
1125 1635 1181 1678 re-

193 1750 294 1804 rnm,
337 1717 482 1813 quando
508 1741 632 1807 gerens
654 1714 788 1781 bellum
809 1713 1007 1804 legitimum
1032 1724 1182 1804 occupat

193 1852 248 1896 res
264 1847 409 1903 eorum,
434 1819 496 1913 qui
511 1830 629 1888 sontes
646 1827 748 1898 sunt,
784 1828 824 1884 ut
844 1814 976 1885 iustum
1000 1827 1051 1884 est
1072 1817 1182 1883 latro-

194 1955 256 1999 nes
279 1949 396 2018 poena
420 1923 568 1990 allicere.
621 1918 717 1986 Haec
734 1916 906 1986 sententia
925 1917 1110 2009 perspicua
1131 1931 1181 1986 est

196 2058 238 2101 ex
257 2027 421 2098 doctrina
442 2025 485 2091 dc
509 2020 740 2112 magistratu,
765 2019 964 2090 Rom.13.:
993 2019 1181 2111 Magistra-

195 2147 251 2204 tus
266 2129 422 2222 gladium
441 2129 542 2216 gerit,
564 2137 604 2193 ut
621 2126 665 2192 sit
679 2119 811 2191 honori
826 2123 923 2191 bono
941 2123 1041 2214 operi
1057 2121 1181 2216 etc.⁸³).

193 2236 241 2305 Et
255 2230 325 2303 hoc
339 2232 448 2300 modo
468 2230 556 2300 iuste
575 2227 744 2296 translata
761 2237 844 2295 sum
862 2225 1032 2317 imperia,
1060 2239 1100 2294 ut
1115 2224 1181 2318 Cy-

194 2361 256 2409 rus
273 2339 362 2405 iuste
379 2335 491 2402 factus
512 2344 563 2400 est
580 2329 746 2398 dominus
768 2327 870 2418 regni
887 2328 1116 2422 Babylonici,
1142 2341 1183 2397 ut

194 2440 325 2512 Daniel
341 2437 473 2530 inquit:
507 2434 604 2503 Deus
620 2434 788 2501 transfert
806 2444 841 2498 et
857 2431 991 2501 stabilit
1005 2428 1181 2524 regnam).

193 2545 241 2615 Et
257 2541 339 2613 Esa.
355 2535 417 2621 45,
435 2537 505 2633 (3.)
526 2540 569 2606 de
585 2535 698 2630 Cyro:
731 2533 778 2602 Et
794 2534 887 2603 dabo
911 2534 977 2603 tibi
997 2529 1182 2604 thesauros

196 2643 442 2725 absconditos,
482 2655 523 2710 ut
553 2640 661 2722 scias,
701 2638 798 2731 quod
831 2661 895 2730 ego
915 2638 982 2707 sim
1005 2635 1182 2706 Dominus

194 2743 291 2820 Deus
310 2745 431 2819 lsrael.

299 2903 368 2974 Sed
391 2897 550 2992 quaestio
575 2909 644 2963 est:
681 2893 771 2963 Cum
795 2894 834 2962 in
855 2906 955 2962 tauta
974 2892 1182 2961 confusione

194 3006 424 3098 negotiorum
453 2998 575 3090 paucis
598 3020 703 3065 verae
726 3021 850 3066 causac
872 2996 1049 3065 bellorum
1075 3007 1181 3063 notae

195 3113 287 3190 sint,
324 3105 506 3201 quomodo
529 3099 786 3168 consulendum
808 3098 854 3168 sit
875 3097 1099 3167 conscientiis
1123 3122 1182 3166 eo-

196 3240 300 3294 rum,
327 3208 390 3303 qui
404 3229 526 3275 causas
542 3226 617 3271 non
633 3198 792 3270 norunt?

298 3358 532 3452 llcspondeo:
559 3355 729 3438 Domini,
762 3352 826 3448 qui
845 3354 901 3421 vel
924 3353 1083 3421 inferunt
1106 3352 1184 3422 aliis

195 3471 310 3551 bella,
337 3466 394 3534 vel
409 3460 592 3554 depulsuri
607 3472 708 3542 sunt,
734 3480 837 3526 veras
859 3481 981 3525 causas
1003 3479 1106 3525 nosse
1125 3457 1184 3523 de-

196 3577 294 3654 bent,
321 3593 386 3638 nec
402 3577 539 3659 gerant,
566 3563 636 3632 nisi
649 3574 731 3632 sunt
746 3585 870 3629 causae
886 3559 1011 3641 iustae,
1032 3582 1183 3649 magnae

200 3691 235 3747 et
248 3671 477 3767 perspicuae,
505 3667 588 3760 quia
602 3662 661 3734 hic
682 3663 873 3756 praecipue
894 3662 1094 3730 cavendum
1120 3674 1183 3744 est,

197 3805 242 3851 ne
268 3798 447 3846 summum
468 3772 522 3838 ius
543 3771 606 3837 fiat
629 3790 767 3837 summa
789 3764 932 3834 iniuria.
993 3764 1063 3832 Sed
1083 3763 1184 3833 dubi-

198 3893 295 3953 tante
314 3873 527 3947 conscientia
544 3872 745 3951 inferentes,
767 3879 914 3959 peccant
930 3877 1054 3934 contra
1071 3867 1182 3935 multa

200 3985 370 4055 mandata
396 3978 464 4048 Dei
489 3973 618 4070 (Exod.
635 3975 697 4055 20,
724 3966 894 4064 13.15.):
928 3968 1011 4039 Non
1034 3968 1184 4050 occidas,

1234 866 1332 955 quod
1348 877 1400 934 est
1413 865 1586 961 fatalem).
1637 868 1733 938 Haec
1754 871 1964 962 plerumque
1988 879 2040 936 est
2060 892 2131 935 vox
2156 891 2223 958 po-

1232 967 1309 1058 puli
1324 966 1522 1058 ignorantis
1536 971 1653 1041 fontes
1666 973 1913 1063 negotiorum,
1941 970 2003 1064 qui
2026 965 2094 1039 bac
2117 994 2224 1040 ercu-

1233 1069 1370 1138 satione
1394 1084 1581 1143 contentus
1608 1074 1670 1158 sit,
1712 1077 1810 1170 quod
1839 1074 1982 1166 regulae
2011 1072 2223 1167 perspicuae

1235 1173 1554 1265 obtemperandum
1576 1175 1632 1247 sit.

1334 1325 1386 1396 Ac
1401 1331 1542 1422 sapiens
1557 1330 1751 1425 antiquitas
1768 1333 1858 1401 bene
1874 1331 2051 1402 consuluit
2058 1328 2106 1426 ⁸⁸)
2124 1355 2224 1400 com-

1234 1430 1336 1500 muni
1350 1432 1447 1522 paci,
1473 1446 1508 1502 et
1525 1434 1748 1505 conscientiis
1766 1435 2044 1527 possidentium,
2072 1432 2159 1529 quia
2183 1432 2223 1503 iu

1234 1534 1551 1625 compositionibus
1589 1537 1705 1607 sanxit
1736 1539 1954 1608 oblivionem
1991 1537 2222 1609 iniuriarum.

1235 1636 1424 1732 Utrimque
1447 1640 1642 1725 consensit,
1667 1665 1712 1709 ne
1733 1650 1951 1733 possessores
1972 1665 2014 1710 ex
2039 1639 2223 1732 occupatis

1232 1740 1351 1809 fundis
1367 1754 1625 1813 excuterentur.
1677 1741 1729 1812 lta
1746 1744 1964 1815 addiderunt
1982 1744 2021 1813 in
2042 1742 2222 1835 composi·

1234 1842 1390 1913 tionibus
1406 1841 1550 1936 ἔχοντες
1564 1841 1587 1917 ἃ
1604 1843 1740 1938 ἔχουσι.
1766 1843 1871 1916 Item:
1898 1843 1950 1942 μὴ
1964 1848 2223 1941 μνησικακεῖν.

1233 1944 1331 2015 Sicut
1344 1959 1486 2018 senatus
1502 1947 1641 2017 Romae
1657 1950 1839 2019 decretum
1852 1950 1935 2019 fecit
1949 1946 2095 2043 lulio⁰)
2110 1948 2222 2017 inter·

1232 2050 1344 2131 fecto,
1373 2062 1407 2117 et
1424 2049 1510 2118 olim
1524 2049 1641 2119 Attica
1665 2051 1807 2136 civitas,
1831 2065 2038 2144 recuperata
2065 2048 2222 2120 aTbra·

1234 2150 1431 2247 sybrrlo⁷⁰).
1490 2152 1585 2222 Haec
1609 2156 1749 2224 decreta
1775 2169 1809 2224 et
1831 2157 1911 2247 paci
1935 2157 2152 2248 proderant,
2187 2167 2223 2223 et

1235 2254 1469 2324 ostendebant
1484 2255 1708 2326 conscientiis
1728 2258 1795 2327 ista
1821 2259 2080 2351 compositione
2095 2271 2222 2351 postea

1234 2383 1290 2427 res
1305 2371 1493 2449 occupatas
1511 2358 1600 2428 iuste
1617 2360 1776 2430 retineri.

1237 2623 1368 2690 Utrum
1405 2623 1705 2711 praescriptione
1745 2623 1965 2712 acquiratur
1999 2617 2224 2710 dominium,

1235 2732 1273 2792 et
1298 2745 1351 2793 un
1377 2743 1502 2792 coram
1520 2723 1595 2793 Deo
1619 2725 1721 2792 iuste
1742 2730 2034 2810 transcurreres,
2062 2746 2225 2818 quarum

1411 2821 1555 2895 domini
1580 2847 1709 2896 sumus
1729 2829 2042 2917 praescriptione.

1336 3007 1568 3099 Respondeo:
1597 3007 1688 3078 Cum
1710 3009 1871 3078 dominia
1893 3010 2002 3080 variis
2026 3010 2226 3080 occasioni·

1234 3111 1300 3180 bus
1323 3112 1601 3193 transferantur,
1642 3112 1696 3180 vel
1726 3111 1846 3196 bellis,
1884 3114 1940 3182 vel
1969 3113 2226 3197 contractibus,

1235 3214 1292 3282 vel
1304 3212 1459 3283 fortuitis
1479 3213 1770 3305 occupationibus
1791 3217 1976 3300 concessis,
2000 3240 2066 3286 nec
2080 3240 2226 3309 semper

1236 3341 1360 3386 causae
1393 3317 1464 3386 sint
1490 3317 1714 3408 perspicuae,
1755 3320 1938 3412 quomodo
1965 3319 2082 3412 prima
2108 3332 2227 3391 trans-

1234 3419 1322 3489 latio
1339 3421 1430 3490 facta
1447 3420 1503 3504 sit,
1527 3419 1582 3489 lex
1599 3420 1752 3490 consulit
1766 3423 1859 3513 paci,
1880 3434 1922 3491 ut
1934 3421 1980 3492 sit
1995 3423 2076 3492 linis
2087 3422 2223 3504 litium,

1237 3535 1271 3591 et
1284 3523 1400 3591 sanxit
1415 3536 1549 3591 certum
1571 3535 1730 3615 tempus,
1757 3525 1851 3593 intra
1868 3526 1965 3619 quod
1979 3525 2098 3594 sinon
2112 3527 2224 3595 litre-

1218 3625 1380 3717 petitio,
1421 3639 1544 3717 postea
1575 3652 1650 3695 non
1677 3628 1738 3696 dat
1766 3628 1961 3709 actionem,
2004 3641 2039 3697 et
2065 3629 2226 3698 affirmat

1235 3724 1329 3798 hunc
1350 3754 1588 3820 possessorem
1610 3731 1725 3798 bonae
1747 3731 1829 3798 fidei
1857 3743 1891 3798 et
1912 3731 2013 3823 longi
2037 3732 2226 3823 temporis,

1235 3857 1317 3900 vere
1335 3857 1407 3901 esse
1427 3831 1635 3916 dominum,
1661 3844 1696 3900 et
1712 3857 1785 3900 non
1802 3833 2050 3903 excutiendum
2067 3857 2154 3905 esse.

1339 3984 1431 4053 Hine
1452 4009 1585 4053 nomen
1607 3997 1660 4054 est
1683 3986 1936 4077 praescriptio,
1963 3987 2108 4058 Graecis
2131 4012 2226 4081 ripo-

197 4091 281 4162 Non
298 4088 431 4155 [intimi
444 4078 563 4149 facias.
616 4073 703 4145 item
720 4073 843 4169 (R⁰m·
862 4070 921 4153 14.
938 4070 1035 4166 23.):
1065 4074 1181 4142 0¹1¹¹¹⁰
1236 4081 1396 4179 θεσμία,
1424 4087 1508 4181 quia
1524 4088 1658 4177 legibus
1674 4088 1901 4178 praefinitum
1921 4103 1974 4159 est
1986 4102 2142 4182 tempus,
2168 4091 2223 4160 in·

200 4193 297 4287 qnod
316 4212 391 4257 non
419 4197 470 4254 est
494 4207 536 4251 ex
561 4183 646 4263 fide,
686 4191 869 4269 Pice?itum
892 4188 955 4245 θὸῑ·
1022 4173 1071 4244 El
1091 4175 1182 4243 belli
1235 4203 1290 4258 tra
1316 4194 1413 4284 quod
1437 4189 1513 4260 fieri
1528 4192 1633 4259 debet
1647 4190 1824 4281 repetitio.
1877 4193 1927 4261 Ut
1941 4217 2022 4262 cum
2039 4193 2098 4262 ille
2113 4194 2223 4264 dixis-

199 4298 411 4387 plerumque
441 4286 596 4355 infinitas
625 4280 872 4352 distractiones
899 4278 1052 4361 faciunt,
1092 4303 1183 4372 quae
1235 4306 1305 4375 set,
1339 4306 1476 4363 tantum
1494 4318 1530 4362 se
1548 4295 1852 4377 terraevendefe‚
1888 4309 2062 4389 quantum
2085 4295 2223 4368 includi

200 4397 347 4490 pariunt
376 4392 504 4461 deinde
534 4399 706 4480 perpetua
728 4385 832 4452 bella.
892 4381 1030 4449 Deinde
1053 4380 1184 4450 subditi
1235 4396 1273 4464 in
1289 4395 1888 4489 peflemtauriposset,imposte,
1906 4411 1999 4468 secta
2014 4398 2223 4491 pellitam,

199 4526 275 4570 non
296 4520 435 4586 semper
456 4505 605 4584 possunt
624 4489 712 4560 scire
734 4511 835 4555 veras
857 4509 991 4554 causas.
1056 4484 1122 4552 Hic
1146 4484 1183 4550 in

201 4600 423 4673 dubitatione
449 4595 571 4684 regula
595 4593 774 4684 sequenda
799 4601 865 4657 est:
910 4587 1010 4655 Tene
1035 4601 1183 4670 certum,

201 4721 236 4779 et
250 4704 411 4795 relinque
431 4699 616 4766 incertum.
668 4693 859 4785 Perspicua
880 4690 1000 4780 regula
1026 4704 1094 4773 est,
1122 4691 1184 4759 ob·
1269 4704 1317 4762 6⁷)
1335 4702 1554 4765 Aescaytisept.
1573 4700 1635 4750 adv.
1653 4701 1733 4751 rhea.
1750 4700 1808 4751 141.
1827 4701 1886 4751 148.

201 4805 474 4900 temperandum
501 4825 573 4868 esse
597 4795 783 4890 potestati,
821 4818 897 4861 non
923 4792 1108 4863 manifeste
1130 4793 1183 4860 in-
1374 4772 1684 4905 gssgffiffsssfyssqtigq
1701 4756 2164 4907 ἒὶλτὲτὲαὲῧὲοέἕιΐξλῗέρὲᾇρὲ

201 4913 292 4983 iusta
310 4903 509 4980 mandanti.

1269 4963 1318 5021 68)
1338 4958 1489 5078 qpnsututt]
1508 4959 1547 5008 stc
1565 4958 1614 5008 Ed.
1631 4957 1721 5021 latim
1739 4958 1806 5009 Edd.
1823 4957 1911 5022 1564..
1931 4958 2005 5010 tw.
2018 4961 2046 5009 ct
2061 4959 2136 5012 11611.
2152 4972 2222 5012 con-

1306 5044 1339 5079 su
1374 5067 1381 5080 .

1271 5148 1319 5215 69)
1337 5151 1405 5200 latio
1425 5150 1546 5200 Caesare
1565 5161 1591 5200 a.
1607 5153 1648 5198 44.
1663 5159 1688 5197 a.
1704 5148 1769 5199 Chr.
1787 5147 1933 5199 interfecto
1951 5152 2066 5201 suctus
2087 5148 2128 5199 17.
2140 5149 2221 5203 Mart.

1305 5221 1468 5270 arnnestiam
1486 5220 1624 5273 decrevit,
1652 5218 1705 5267 vid.
1725 5216 1862 5267 Plutarch.
1882 5218 1938 5269 Cic.
1956 5232 1978 5272 c.
1993 5221 2035 5271 42.
2071 5218 2143 5269 Plut.
2161 5221 2222 5268 Au-

1307 5294 1364 5338 ton.
1384 5303 1406 5341 c.
1420 5293 1459 5339 14.
1494 5289 1566 5341 Ptnt.
1584 5291 1659 5337 Brut.
1679 5301 1702 5337 c.
1720 5289 1785 5339 tit<
2213 5320 2219 5325 -

1273 5409 1321 5476 70)
1341 5410 1419 5461 cont.
1442 5408 1526 5462 Cum.
1543 5408 1611 5471 Nep.
1630 5407 1687 5457 vita
1704 5408 1843 5471 Thrasyl.
1856 5409 1884 5471 8,
1903 5407 1927 5462 7.

234 5075 405 5087 ...-———--

235 5145 283 5213 64)
303 5147 405 5209 poena]
429 5142 468 5193 sic
490 5140 559 5191 Edd.
581 5136 674 5201 tato„
699 5134 774 5186 11157.
793 5138 820 5185 et
847 5135 940 5197 11604
968 5137 1018 5186 Ed.
1037 5136 1112 5190 1654.
1137 5140 1186 5199 ty.

270 5228 348 5280 pogr.
369 5225 479 5264 errore:
510 5219 622 5272 poeitae.

232 5321 284 5379 ῦὸ)
303 5316 381 5369 cont.
400 5316 478 5365 lton.
498 5313 584 5373 13,41.
603 5314 626 5362 4.

227 5421 282 5483 196)
302 5421 382 5472 cont.
401 5421 470 5470 Dan.
489 5418 577 5479 1,11.
604 5418 690 5484 4,14.
708 5415 752 5468 22.
779 5415 807 5482 5,
823 5415 866 5467 rr.
