4544 5766
123 161 196 237 ⁹61
426 222 433 234 .
640 153 1644 239 vnun..unu.sun11²·rnrflssaotioulca.
1828 192 1839 215 -·
2007 151 2162 232 ὈΩ

129 334 249 414 rescit;
271 335 350 405 laus
372 332 578 402 clementiae
598 356 674 402 uon
694 343 812 424 potest
832 341 1008 401 vetustate
1028 352 1111 397 cou-
1267 328 1335 398 Hic
1365 341 1419 400 est
1444 329 1525 400 linis
1557 328 1769 421 praecipuae
1803 326 1915 420 partis
1943 322 2050 399 huius
2074 352 2155 398 ora·

128 437 233 509 sumi.
1164 429 1285 502 tionis.
1333 431 1504 525 Sequitur
1527 431 1622 499 euim
1650 432 1748 501 velut
1783 431 1852 499 alia
1879 454 1920 498 ac
1946 452 2042 499 nova
2071 456 2152 500 ora·
2186 425 2188 429 ⁸

231 536 400 631 Sequitur
442 535 772 626 amplificatio,
824 559 917 628 quae
954 533 1113 602 continet
1165 533 1216 601 tio
1240 528 1332 602 nihil
1355 535 1402 602 ad
1427 533 1588 603 Marcelli
1611 558 1753 603 causam
1769 533 1964 624 pertinens,
1989 534 2150 603 sedeon-

132 639 436 734 comparationem
470 638 683 707 Caesarinae
718 638 890 706 victoriae
922 660 1003 706 cum
1035 636 1113 704 aliis
1164 635 1282 706 tineus
1306 636 1409 729 quasi
1430 637 1568 727 generis
1582 636 1757 707 iudicialis
1772 634 2030 729 quaestionem.
2083 635 2147 706 Er·

131 745 291 815 civilibus
313 740 483 810 victoriis.
534 740 628 810 Nam
660 740 816 823 Marius,
842 739 959 831 Sylla,
985 738 1114 822 Cinna,
1167 751 1266 808 cusat
1281 739 1376 807 enim
1403 738 1515 822 cives,
1541 741 1638 833 quod
1661 764 1736 807 non
1759 739 1973 808 insidientur
1996 740 2092 808 vitae
2116 752 2147 808 et

131 846 311 917 etsimilcs
327 858 409 935 post
424 843 592 913 victorias
609 843 727 913 civiles
743 844 782 910 in
796 844 884 910 urbe
908 841 1114 910 occiderunt
1165 841 1272 932 capiti
1296 840 1468 912 Caesaris.
1521 841 1572 909 Ac
1592 841 1780 932 diligenter
1794 851 1936 932 oportet
1947 840 2145 912 meminisse

131 951 285 1019 inermes
315 947 408 1016 cives
437 945 623 1037 plurimos.
686 943 726 1013 ld
757 945 887 1014 Caesar
915 969 989 1014 nou
1019 945 1112 1027 fecit,
1164 945 1332 1012 lectorem
1347 939 1436 1013 haec
1451 945 1659 1027 intervalla,
1686 956 1720 1013 et
1734 943 1837 1037 quasi
1854 955 1967 1012 certas
1986 943 2143 1034 regiones
2186 1014 2188 1034 ³

129 1078 245 1146 neque
275 1073 491 1144 quemquam
523 1049 637 1122 voluit
666 1048 777 1117 occidi
812 1048 850 1116 in
878 1048 978 1116 urbe.
1053 1046 1113 1127 Sic
1164 1046 1387 1116 diversarum
1412 1047 1568 1138 partium
1591 1046 1629 1116 in
1654 1046 1813 1141 qualibet
1839 1045 2023 1128 oratione,
2058 1059 2093 1115 et
2112 1060 2144 1115 nt

129 1155 239 1246 igitur
268 1154 392 1221 laudat
419 1150 619 1220 Caesarem.
680 1151 753 1218 Alii
781 1152 927 1220 fuerunt
954 1149 1112 1218 crudeles
1164 1145 1222 1216 hic
1242 1161 1355 1217 totam
1378 1174 1520 1220 causam
1552 1150 1675 1218 animo
1698 1149 1884 1241 complecti
1906 1149 2039 1238 possit,
2072 1149 2142 1217 brc-

129 1260 168 1327 in
196 1258 303 1335 urbe;
339 1268 379 1323 tu
412 1266 535 1322 contra
568 1254 728 1323 clemens.
752 1279 788 1322 cs
815 1249 884 1321 hic.
946 1252 1112 1321 Caeteros
1164 1251 1256 1318 viter
1297 1263 1506 1343 repetantur
1543 1264 1578 1319 ct
1614 1252 1813 1344 propositio
1852 1264 1887 1319 et
1927 1265 2141 1342 argumenta.

130 1361 275 1455 quidem
293 1381 415 1427 omnes
429 1356 580 1426 victores
599 1357 672 1425 iam
688 1355 820 1448 pietate
834 1355 980 1425 viceras.
1032 1354 1111 1422 Alia
1164 1355 1292 1423 Postea
1317 1356 1505 1444 relegenda
1528 1366 1579 1424 est
1601 1355 1737 1438 oratio,
1759 1367 1800 1424 ut
1816 1353 2040 1443 singulorum
2056 1354 2142 1422 loco-

130 1460 377 1555 amplificatio:
406 1459 458 1527 Te
480 1460 597 1550 ipsuur
619 1459 753 1543 vicisti,
778 1471 815 1528 et
835 1471 887 1528 est
912 1470 1052 1548 sumpta
1072 1481 1114 1526 ex
1165 1482 1245 1526 rum
1270 1481 1310 1524 ac
1332 1456 1588 1527 sententiarum
1611 1459 1720 1526 verba
1743 1456 1915 1548 insignia,
1941 1469 1976 1524 et
1997 1456 2141 1546 insignia

129 1567 209 1635 loco
240 1561 438 1633 communi:
475 1561 609 1631 Omnes
639 1562 792 1632 victores
821 1574 904 1630 sunt
931 1561 1033 1643 irati,
1073 1585 1114 1627 ac
1167 1574 1377 1628 ornamenta
1396 1560 1641 1630 observentur.
1691 1558 1962 1651 Propositio
1985 1571 2055 1629 est:
2083 1559 2139 1627 Be-

129 1670 206 1738 iurc
235 1667 402 1735 videntur
432 1689 533 1754 posse
567 1665 680 1734 victos
709 1664 882 1733 occidere.
955 1662 1114 1731 Ecoutra
1137 1710 1140 1774 Ι
1164 1663 1329 1731 ncficium
1361 1662 1399 1730 in
1430 1659 1638 1731 Marcellum
1670 1663 1839 1732 collatum
1868 1658 2054 1730 honestius
2087 1674 2139 1743 cst,

130 1771 260 1842 Caesar
285 1771 323 1837 in
345 1767 494 1836 victoria
518 1791 593 1834 non
615 1769 682 1838 fuit
705 1768 841 1847 iratus,
867 1765 1027 1856 pepercit
1047 1764 1114 1832 ini·
1137 1780 1141 1872 t
1168 1787 1276 1856 quam
1302 1765 1371 1832 alia
1395 1766 1583 1855 praeclara,
1597 1767 1687 1833 facta
1712 1764 1878 1835 inbellis.
1930 1764 2139 1854 Argumenta

129 1872 242 1946 micis.
300 1871 378 1939 Hoc
404 1869 594 1962 aliquoties
620 1869 771 1960 repetit,
805 1867 889 1961 quia
920 1868 1114 1935 maximam
1137 1878 1141 1945 t
1165 1866 1234 1933 tria
1265 1880 1359 1937 sunt.
1434 1867 1635 1936 Primum
1671 1869 1821 1959 propria
1848 1869 1942 1935 facta
1974 1866 2139 1936 maiorem
2186 1878 2188 1965 t

127 1978 199 2045 vim
217 1971 325 2043 habet
341 1974 387 2040 ad
403 1971 664 2040 conciliandum
682 1971 881 2040 Caesarem.
917 1970 1011 2040 Nam
1026 1965 1115 2039 haec
1137 1950 1141 2085 l
1164 1969 1306 2037 laudem
1331 1965 1485 2050 habent,
1521 1995 1629 2063 quam
1658 1970 1786 2042 aliena.
1838 1968 1915 2038 Hoc
1938 1969 2141 2040 beneficium
2185 1968 2188 2052 1

130 2102 269 2150 summa
293 2077 371 2144 laus
396 2086 448 2142 cst
472 2073 700 2164 imperatoris
724 2074 761 2140 in
783 2073 933 2141 victoria
950 2075 1114 2141 modera·
1138 2090 1141 2131 ¹
1167 2083 1218 2140 est
1233 2071 1421 2162 proprium
1435 2073 1582 2156 factum,
1609 2073 1693 2167 quia
1712 2086 1763 2144 cst
1778 2072 1907 2140 animi:
1936 2097 2021 2162 ergo
2037 2073 2140 2140 maio

129 2195 206 2251 tum
228 2203 313 2248 esse.
1138 2176 1141 2246 ἱ
1165 2198 1243 2241 rem
1264 2175 1405 2243 laudem
1427 2169 1555 2258 habet,
1591 2199 1699 2269 quam
1721 2175 1912 2257 militaria,
1949 2199 2043 2269 quae
2070 2187 2142 2244 sunt

232 2282 320 2372 Cap.
341 2278 384 2349 V.
413 2275 443 2368 ξ.
470 2277 529 2348 13.
555 2283 664 2372 Atque
690 2280 751 2347 loe
778 2281 814 2348 0.
843 2280 1000 2375 Caesaris
1026 2279 1140 2369 iudi-2
1166 2275 1302 2360 aliena,
1329 2278 1534 2346 communia
1553 2279 1635 2347 duci
1654 2304 1734 2349 cmn
1749 2277 1932 2347 militibus.
1984 2278 2140 2348 Secun-

131 2387 235 2477 rium]
262 2381 529 2451 Translatio
559 2394 726 2464 vocatur,
754 2382 899 2472 quando
914 2403 970 2449 res
992 2402 1011 2445 a
1031 2402 1113 2468 pro·
1137 2374 1141 2465 l
1166 2380 1268 2448 dum
1299 2393 1550 2470 argumentum
1580 2394 1648 2450 est:
1689 2380 1897 2450 Difficiliora
1928 2394 2012 2450 sunt
2040 2377 2142 2450 hone·

127 2488 245 2579 posito
263 2499 298 2555 et
322 2509 342 2552 a
360 2483 538 2575 praesenti
553 2507 706 2573 persona
723 2485 935 2552 transfertur
951 2483 997 2548 ad
1013 2481 1114 2550 alios.
1136 2489 1140 2593 J
1165 2481 1293 2561 stiora;
1320 2482 1496 2552 difficilius
1511 2496 1563 2552 est
1578 2484 1669 2552 iram
1686 2485 1840 2567 vincere,
1866 2508 1975 2577 quam
1991 2479 2141 2553 hostem:

127 2587 180 2658 lta
213 2585 272 2658 hic
303 2588 471 2656 transfert
492 2586 615 2655 Cicero
646 2585 855 2655 beneficium
885 2585 1054 2653 collatum
1076 2584 1113 2650 in
1136 2608 1139 2675 t
1165 2610 1250 2674 ergo
1275 2579 1344 2654 hoe
1367 2586 1600 2669 beneficium,
1626 2601 1791 2678 superata
1816 2587 1868 2654 ira
1895 2611 1978 2676 erga
1996 2582 2142 2667 hostem,

127 2691 359 2772 Marcellum,
396 2691 443 2758 ad
474 2714 597 2759 omnes
627 2689 736 2771 alios,
777 2688 839 2780 qui
869 2688 980 2756 secuti
1012 2699 1115 2755 erant
1136 2685 1139 2755 l
1164 2684 1347 2757 honestius
1368 2702 1437 2771 est,
1464 2714 1571 2781 quam
1589 2689 1688 2780 ipsae
1704 2690 1887 2759 victoriae.
1939 2689 2144 2758 Tertium

126 2795 361 2887 Pompeium,
395 2804 430 2860 et
460 2794 506 2859 ad
538 2805 650 2860 totam
678 2790 948 2882 rempublicam.
1016 2785 1139 2875 Sicuti
1166 2803 1415 2880 argumentum
1439 2803 1507 2860 est:
1548 2788 1740 2883 Trophaea
1766 2791 1998 2862 victoriarum
2023 2815 2145 2863 consu·

129 2897 260 2968 Caesar
281 2894 440 2989 pepercit
460 2893 651 2962 Marcello:
680 2897 728 2960 ita
752 2892 924 2982 significat
945 2917 981 2961 se
1005 2891 1113 2960 simili
1135 2884 1139 2959 i
1163 2906 1513 2973 munturvctustate3
1530 2894 1670 2965 virtutis
1683 2897 1760 2964 laus
1776 2894 2144 2964 consumituruonve·

127 2999 313 3069 clementia
336 3022 485 3066 usururn
508 3021 580 3065 esse
603 3019 684 3083 erga
714 2995 803 3063 alios
830 3007 866 3064 ct
892 3019 974 3083 erga
998 3006 1110 3062 totam
1135 2962 1138 3061 i
1163 3008 1305 3066 tustate.
1356 2994 1497 3064 Deinde
1514 2999 1687 3067 accedunt
1700 2998 1996 3089 amplificationes
2010 3008 2046 3066 et
2064 3022 2144 3065 cou-

126 3101 397 3195 rempublicam.
449 3099 617 3190 Sequitur
648 3097 755 3186 igitur
784 3096 1138 3259 amplificatio,'
1164 3099 1286 3168 clusio.
1341 3099 1429 3167 Cum
1451 3094 1544 3167 hanc
1568 3101 1743 3170 orationis
1758 3099 2030 3191 dispositionem
2046 3101 2146 3194 quasi

126 3207 257 3299 inqua
281 3202 495 3270 transfertur
520 3201 720 3290 exemplum
750 3201 795 3267 ad
823 3200 931 3281 alios,
965 3212 1000 3267 et
1030 3213 1113 3269 sunt
1163 3203 1379 3270 lineamenta
1398 3202 1638 3271 consideravit
1656 3204 1786 3285 lector,
1807 3204 1912 3272 facile
1933 3203 2001 3271 erit
2020 3203 2145 3274 memi-

126 3321 198 3378 tres
217 3305 287 3374 loci
303 3305 341 3372 in
360 3303 648 3394 amplificatione.
703 3302 986 3371 Translatio:
1015 3301 1114 3372 Sicut
1135 3319 1138 3393 ξ
1162 3306 1255 3375 nisse
1279 3327 1423 3373 causam
1446 3318 1482 3373 et
1507 3306 1627 3374 omnia
1653 3306 1828 3376 orationis
1853 3319 2081 3376 ornamenta.

127 3409 258 3481 Caesar
281 3405 432 3499 ignoscit
453 3406 643 3489 Marcello,
670 3405 719 3473 ita
742 3417 865 3496 parcet
886 3404 976 3474 aliis.
1027 3405 1112 3473 Ex·
1134 3414 1138 3514 l
1237 3413 1242 3425 ’
1263 3406 1367 3476 Nunc
1380 3407 1540 3500 sequitur
1555 3409 1665 3478 altera
1682 3410 1856 3479 orationis
1872 3433 1967 3499 pars,
1993 3421 2028 3477 et
2044 3409 2146 3502 quasi

127 3510 302 3583 cusatio
328 3509 477 3580 civium:
517 3509 635 3578 Secuti
658 3534 778 3578 sumus
802 3507 1016 3598 Pompeium
1037 3533 1112 3577 non
1135 3520 1137 3613 j
1163 3533 1258 3578 nova
1283 3510 1411 3580 oratio.
1462 3511 1728 3603 Propositio
1760 3525 1826 3583 est:
1859 3512 1943 3583 Non
1964 3511 2146 3601 suspican-

126 3616 245 3708 aliqua
261 3613 474 3704 cupiditate,
501 3615 563 3682 sed
579 3636 711 3681 errore.
763 3610 873 3679 Addit
888 3611 1007 3701 signa:
1033 3610 1110 3702 Ego
1134 3618 1137 3721 ¹i
1163 3616 1261 3695 dum,
1289 3616 1386 3706 quod
1403 3613 1531 3707 aliquis
1547 3615 1733 3684 insidietur
1746 3616 1822 3685 tibi.
1873 3614 2027 3704 Elegans
2045 3638 2147 3684 occu·

126 3740 267 3807 semper
290 3718 333 3784 de
354 3740 440 3807 pace
463 3715 549 3785 dixi.
599 3713 745 3782 Accedit
767 3726 801 3782 ct
824 3714 1001 3782 excusatio
1024 3715 1111 3783 Cae·
1133 3715 1261 3809 l'patio
1285 3716 1397 3786 estin
1419 3715 1496 3806 ipsa
1520 3707 1784 3809 propositione:
1811 3717 2006 3811 Nunquam
2029 3717 2147 3787 verbis

124 3820 231 3891 saris:
266 3817 397 3888 Caesar
421 3817 576 3887 ostendit
603 3841 639 3886 se
662 3815 814 3884 invitum
839 3816 971 3885 bellum
996 3841 1111 3887 susce·
1133 3831 1136 3905 ᾗ
1162 3821 1371 3889 extenuabo.
1431 3818 1511 3888 Tua
1536 3821 1632 3889 enim
1653 3821 1772 3889 cautio
1791 3833 1915 3891 nostra
1937 3819 2058 3889 cautio
2083 3833 2147 3901 est,

124 3924 238 4016 pisse,
265 3922 349 4016 quia
371 3919 476 3990 nobis
498 3931 580 4012 post
602 3919 789 3987 victoriam
811 3919 936 4010 parcit.
1132 3940 1135 4003 t
1162 3922 1265 4018 quasi
1288 3921 1445 3990 diceret:¹
1463 3921 1617 3993 Prodest
1637 3923 1762 4005 nobis,
1789 3937 1823 3993 te
1846 3947 1920 3993 esse
1944 3923 2086 3993 salvum
2110 3936 2145 3992 et

228 4024 315 4118 Cap.
342 4021 401 4095 Vl.
429 4019 461 4113 ξ.
486 4024 545 4093 17.
577 4019 783 4116 Vidimus⁴⁷)
804 4031 898 4092 tuom
919 4026 1110 4115 naariam]
1132 4006 1136 4105 Ι
1162 4026 1389 4096 incolumem.
1416 4022 1758 4096 Coniecturalis
1773 4039 1884 4096 status
1899 4038 1952 4094 est
1967 4049 2147 4116 expersu-

122 4128 322 4221 Repctitio:
374 4127 463 4196 Post
499 4126 632 4194 bellum
668 4125 850 4192 neminem
893 4125 1110 4195 interfecisti.
1133 4128 1136 4221 l
1160 4131 1233 4200 nis:
1259 4127 1349 4220 Quis
1364 4127 1577 4198 insidiatur?
1626 4128 1710 4198 Non
1726 4132 1790 4210 tui,
1815 4129 1899 4223 qnia
1924 4140 2008 4198 sunt
2027 4128 2146 4198 amici.

125 4231 359 4322 Comparatio
391 4255 471 4300 cum
500 4226 752 4319 Pompeianis,
787 4226 1003 4318 Pompeiani
1035 4252 1110 4296 non
1132 4238 1135 4290 t
1160 4235 1243 4305 Non
1266 4226 1403 4313 hostes,
1431 4231 1514 4325 quia
1538 4232 1734 4325 perierunt.
1779 4230 2041 4301 Concessio:
2078 4232 2147 4301 Sed

124 4347 227 4403 erant
247 4346 320 4402 tam
348 4334 537 4402 clementes
557 4329 669 4401 futuri
690 4330 728 4397 in
749 4328 912 4401 victoria.
1158 4340 1214 4406 fac
1237 4357 1418 4425 superesse
1449 4332 1585 4420 hostes,
1612 4334 1675 4428 qui
1697 4333 1761 4424 tibi
1784 4359 1913 4426 parum
1935 4334 2043 4427 aequi
2064 4336 2146 4417 sint,

227 4431 258 4524 ἓ.
278 4435 336 4507 19.
365 4438 476 4521 Quare
489 4434 613 4526 gaude]
639 4433 887 4503 Conclusio
911 4432 1108 4525 gratiarum
1132 4462 1135 4513 t
1161 4453 1283 4509 tamen
1311 4436 1363 4504 illi
1397 4439 1466 4529 ipsi
1497 4452 1531 4509 te
1558 4437 1697 4509 salvum
1735 4462 1808 4508 esse
1837 4438 1965 4506 volunt
1995 4450 2148 4529 propter

123 4537 287 4621 actionis,
305 4539 344 4606 in
360 4563 428 4631 qua
447 4539 620 4629 repetitur
636 4535 833 4628 principale
847 4547 1109 4626 argumentum.
1132 4518 1135 4601 1
1160 4540 1438 4633 rempublicam,
1475 4543 1559 4636 quia
1584 4542 1782 4630 respublica
1807 4566 1884 4611 non
1903 4552 2040 4631 potest,
2075 4539 2145 4610 nisi

123 4639 279 4710 Meliora
309 4654 393 4710 sunt
430 4642 527 4709 bona
567 4639 680 4707 animi
706 4664 769 4709 seu
805 4639 967 4722 virtutis,
1000 4663 1108 4733 quam
1160 4658 1257 4727 ate,
1282 4644 1433 4716 restitui.
1484 4643 1532 4713 Et
1551 4639 1609 4713 hic
1630 4643 1729 4713 locus
1757 4644 1910 4713 unanime
1938 4644 2071 4733 dignus
2094 4655 2145 4714 est

122 4745 220 4815 hona
249 4744 431 4811 fortunae:
473 4743 555 4812 ideo
594 4742 692 4812 iubet
732 4767 814 4812 eum
848 4742 1016 4811 delectari
1041 4737 1134 4856 hac}
1160 4748 1417 4828 admiratione3
1445 4746 1719 4838 prudentissime
1742 4747 1878 4836 colligit
1904 4770 2031 4816 omnes
2053 4747 2144 4815 cala-

124 4846 312 4917 clementia
334 4869 409 4915 sua.
460 4844 508 4914 Et
523 4845 657 4914 accedit
673 4840 899 4928 adhortatio,
922 4856 963 4915 ut
984 4856 1111 4936 pergat
1159 4852 1301 4921 mitates
1317 4851 1355 4919 in
1368 4850 1462 4920 bello
1478 4863 1639 4941 acceptas
1653 4851 1832 4920 sanandas
1845 4872 1942 4920 nunc
1957 4848 2142 4940 diligentia

123 4944 191 5020 hac
222 4946 408 5019 clementia
438 4971 521 5038 erga
554 4947 648 5018 cives
677 4949 743 5018 uti.
801 4947 895 5017 Nam
926 4943 966 5017 hi
994 4947 1110 5017 solent
1158 4953 1398 5044 imperatoris.
1455 4950 1562 5023 Initio
1591 4955 1759 5023 transfert
1785 4952 2016 5021 inimicorum
2050 4951 2142 5043 cogi-

122 5077 197 5124 esse
218 5053 289 5123 loci
319 5050 601 5121 conclusionum.
651 5049 778 5120 Brevis
807 5049 974 5140 repetitio
1004 5059 1109 5140 argu-
1143 5057 1311 5126 tationes
1335 5055 1496 5125 insuam
1518 5079 1727 5148 personam,
1754 5055 1840 5124 dicit
1862 5081 1898 5125 se
1920 5056 1965 5123 de
1981 5053 2142 5125 Caesaris

122 5155 255 5240 menti,
282 5167 317 5225 et
336 5150 541 5225 adhortatio
564 5151 697 5245 aliqua·
1129 5156 1133 5256 l
1157 5160 1231 5229 vita
1248 5159 1438 5230 sollicitum
1456 5183 1530 5229 esse
1541 5170 1691 5250 propter
1707 5158 1978 5251 rempublicam.
2030 5156 2140 5227 Con·

119 5283 326 5333 .³...-...-
1156 5263 1328 5332 futatio
1357 5261 1454 5331 vocis
1477 5259 1712 5330 Caesarianae
1734 5263 1778 5329 de
1803 5262 1925 5329 eadem
1952 5282 2011 5341 re,
2046 5257 2139 5353 quod

138 5405 208 5469 Ὦ)
226 5409 370 5471 nm]
386 5408 429 5461 ,κ
444 5407 495 5460 M·
513 5405 618 5470 (Μ,
633 5403 685 5457 td.
704 5402 782 5458 Μ,
801 5401 944 5483 pum
1128 5394 1132 5434 ι
1157 5364 1242 5437 satis
1265 5365 1328 5435 diu
1348 5363 1488 5434 vixerit.
1537 5362 1601 5434 Est
1620 5377 1739 5434 autem
1764 5360 1958 5443 confutatio
1975 5362 2085 5431 ducta
2099 5381 2137 5429 ex
