4544 5766
131 189 228 261 erar
373 159 376 165 ’
628 178 821 262 erun.
852 186 967 264 uate.
997 184 1200 263 scatere
1228 180 1569 259 rauotoarca·
1855 172 1892 239 -1-
2042 172 2141 262 'aeas

125 406 128 411 -
233 355 264 449 t.
279 355 340 432 eo.
367 362 409 429 ι..
424 354 603 451 nauto]
630 356 679 430 uc
693 361 842 455 qusque
860 363 929 432 fuat
946 363 1114 456 optamus,
1266 351 1353 452 cap.
1369 357 1442 432 xta.
1476 358 1506 453 a.
1523 362 1584 432 so.
1617 362 1707 447 ocra
1725 365 1781 434 aa
1798 344 1986 457 futrum]
2010 332 2143 451 ampa-

136 459 185 528 ita
208 460 361 530 maxime
384 459 601 553 improbavit
620 459 712 532 hanc
731 466 967 536 sortitionem.
1044 468 1114 536 Pu·
1164 466 1246 533 licat
1261 464 1424 553 congerie
1441 466 1612 534 scelerum
1630 463 1790 535 Antonii.
1842 477 1845 481 '

134 562 299 661 trem⁷⁷)]
326 563 529 637 Oratorem.
1268 566 1355 656 Cap.
1368 564 1458 637 Xlll.
1492 564 1523 657 5.
1539 568 1600 639 32.
1637 571 1730 638 llaec
1750 569 1880 658 eadm]
1913 558 2143 660 ἐπιφώνημα,

238 661 270 755 5.
285 666 346 738 26.
372 671 415 736 la
430 671 502 760 ore]
529 669 586 739 die
603 672 694 739 wolt
707 695 746 740 er
762 666 890 740 baben.
1165 668 1263 760 qraod
1286 669 1403 741 brevis
1425 682 1477 740 est
1497 671 1667 762 epilogus.
1753 671 1893 740 Nullum
1913 673 1983 740 erit
2006 664 2142 756 tempus]

239 767 325 859 Cap.
348 766 406 840 XL
441 767 472 863 5
493 773 555 846 27.
596 776 684 845 OC.
710 775 849 864 Caesar]
882 763 1113 865 ἐπιφώνημα.
1165 772 1221 838 Ab
1239 772 1434 842 occasione.

134 865 267 962 Estque
288 872 392 962 longa
411 870 625 945 adhortatio.
703 879 730 948 0
751 879 963 966 praeclaram
985 871 1114 966 ius⁷⁸)]
1268 870 1298 965 5.
1315 876 1375 944 63.
1400 879 1473 948 lloe
1483 875 1568 964 feei]
1593 873 1808 966 Occupatio,
1838 894 1900 941 cur
1917 871 2144 941 dissimularit

132 969 380 1046 Proverbium.
1041 974 1046 981 ’
1163 976 1342 1066 publicam
1367 978 1616 1047 calamitatem.

239 1070 271 1165 5.
294 1077 355 1148 28.
395 1082 518 1149 Patres
546 1083 744 1168 conscripti,
787 1080 897 1169 leupo]
937 1072 1115 1174 ἐπίλογος,
1267 1079 1352 1172 Cap.
1376 1078 1467 1150 XIV.
1501 1075 1531 1169 5.
1555 1080 1615 1150 36.
1658 1083 1779 1150 dmiccc
1806 1081 1876 1146 iem
1900 1076 2141 1166 patefecerunt]

135 1199 241 1267 quem
267 1179 406 1248 orditur
428 1180 472 1248 ab
496 1182 739 1272 occupatione.
1165 1178 1271 1248 Redit
1288 1206 1428 1252 rursum
1444 1184 1488 1251 ad
1506 1180 1727 1252 occasionem
1743 1172 1762 1249 a
1777 1178 1925 1248 viribus.

236 1275 268 1370 5.
283 1279 345 1353 29.
366 1287 436 1352 Aut
450 1285 651 1375 libertatem]
666 1281 845 1374 Repetitio
864 1281 1019 1350 eiusdem
1036 1305 1114 1350 sen·
1267 1283 1352 1376 Cap.
1368 1284 1442 1357 XV.
1464 1281 1495 1374 5.
1511 1285 1572 1354 37.
1601 1283 1696 1380 θέω)
1711 1294 1847 1353 senatur
1863 1282 2035 1371 Calendis]
2055 1278 2140 1348 Con-

133 1379 278 1451 tentiae.
354 1387 483 1476 Multa]
505 1389 601 1480 quod
620 1399 724 1454 antea
740 1389 782 1455 de
799 1383 957 1467 sedixit,
982 1384 1054 1452 iam
1070 1385 1113 1452 de
1164 1381 1293 1455 silium.
1369 1390 1476 1472 Quum
1498 1397 1634 1457 seimus
1654 1385 1900 1474 auctoritatem]
1933 1381 2066 1451 Forma
2089 1383 2141 1448 de·

135 1482 300 1554 omnibus
317 1485 412 1555 dicit.
1165 1490 1263 1556 creti.

132 1635 337 1656 *—
1175 1646 1376 1658 Μικ-

167 1715 218 1779 tr)
234 1718 365 1778 Patrem]
382 1717 423 1768 sto
438 1718 489 1771 Ed.
508 1717 601 1783 ttsss.;
622 1718 673 1769 lte.
693 1719 779 1771 orell.
793 1722 889 1784 patre.
1136 1729 1143 1866 Ι
1199 1721 1247 1781 79)
1264 1722 1375 1789 faciat]
1394 1721 1434 1772 ste
1452 1720 1500 1771 ra.
1517 1721 1607 1782 luta:
1631 1720 1680 1773 Ed.
1700 1718 1786 1771 orell.
1801 1718 1902 1782 factet.

168 1818 217 1878 78)
234 1821 296 1884 tus]
315 1818 356 1872 sie
373 1821 423 1875 tta.
442 1822 535 1888 1668.;
558 1822 608 1874 Ed.
628 1823 716 1875 orell.
732 1824 886 1876 custodem.
1199 1822 1247 1880 80)
1269 1824 1318 1882 ct]
1336 1823 1378 1872 sle
1395 1821 1446 1874 Ed.
1465 1823 1539 1872 1568.
1556 1826 1587 1889 et
1605 1822 1658 1884 αις
1679 1819 1729 1873 ud.
1748 1818 1834 1872 orell.
1851 1819 1908 1870 att.

297 2226 336 2302 4.
371 2249 405 2299 a.
456 2222 517 2298 ΙΝ
549 2221 878 2302 CICERONIS
914 2224 1286 2303 ORATIONEM
1320 2224 1722 2301 PHILIPPIGAM
1754 2223 1969 2299 NONAM

691 2364 895 2426 scaoeta
929 2366 1138 2426 rn1e1er1
1171 2357 1587 2442 untau'raomsu).

235 2550 362 2621 Oratio
398 2562 450 2622 est
486 2551 624 2642 generis
649 2552 842 2639 iudicialis,
880 2568 1002 2627 utrum
1034 2554 1111 2624 iure
1161 2553 1273 2644 legem
1291 2552 1561 2641 interpretatur,
1588 2549 1742 2644 quaesic
1763 2550 1930 2620 sonabat:
1957 2546 2139 2619 Interfecto

130 2653 235 2724 liceat
263 2674 397 2745 ponere
426 2666 591 2725 statuam.
657 2653 829 2726 Rationes
857 2670 1046 2728 sumuntur
1067 2658 1110 2726 ab
1163 2662 1309 2748 propter
1337 2652 1550 2742 legationem
1581 2667 1694 2723 statua
1724 2664 1890 2745 ponatur.
1950 2652 2068 2722 verba
2094 2654 2140 2720 vi-

132 2756 321 2846 exemplis‚
351 2755 643 2847 interpretatione
665 2784 825 2843 morum,
855 2772 890 2830 et
906 2759 1111 2831 laudatione
1164 2760 1292 2827 dentur
1313 2778 1440 2825 sonare
1463 2756 1591 2838 deeo,
1625 2757 1686 2849 qrri
1709 2758 1804 2825 ferro
1839 2769 1900 2824 arat
1931 2757 2002 2824 telo
2035 2757 2138 2824 inter-

132 2857 333 2954 Stupiciiffi)
350 2883 533 2950 exgenere
550 2862 840 2932 demonstrativo.
1161 2863 1270 2929 lectus
1293 2872 1353 2928 est.
1418 2857 1540 2927 Cicero
1563 2858 1660 2928 iubet
1683 2859 1900 2928 voluntatem
1922 2859 2008 2950 legis
2030 2859 2140 2928 consi·

124 2978 132 2987 '
233 2960 320 3052 Cap.
334 2958 361 3032 l.
379 2958 419 3052 5.
437 2964 469 3033 l.
501 2964 640 3046 Vellem,
674 2965 754 3054 Dii]
788 2964 981 3034 Exordium
1004 2965 1111 3032 breve
1163 2964 1307 3044 derare,
1335 2972 1519 3054 quaeest,
1550 2973 1701 3030 statuam
1724 2987 1797 3032 csse
1820 2964 2024 3054 ponendam
2045 2961 2140 3031 cuili-

132 3075 184 3134 est
205 3088 225 3130 a
250 3077 334 3131 voto
356 3078 552 3156 sumptum:
596 3064 741 3134 Utinam
767 3067 903 3136 viveret
926 3066 1111 3157 Sulpicius.
1161 3066 1240 3147 bet,
1277 3064 1334 3133 cui
1354 3087 1429 3131 non
1451 3064 1546 3133 solus
1569 3065 1733 3145 morbus,
1768 3065 1829 3134 sed
1851 3064 1980 3153 legatio
2001 3088 2141 3135 causam

130 3164 204 3235 Nee
224 3168 314 3256 cero]
343 3165 466 3246 Ratio:
507 3166 601 3259 Quia
624 3168 695 3235 vita
722 3169 796 3240 eius
827 3183 902 3239 erat
923 3171 1111 3260 profutura
1161 3166 1286 3238 mortis
1303 3160 1539 3258 praebuisset,
1564 3167 1703 3235 etfacit
1726 3166 1953 3236 verisimilem
1970 3167 2140 3259 interpre-

131 3267 344 3357 reipublicae
376 3267 413 3335 ia
442 3265 508 3363 hac
537 3270 725 3359 legatione.
834 3278 912 3343 Non
942 3276 1028 3367 parad
1041 3264 1112 3368 88)]
1162 3270 1353 3351 tationem,
1394 3269 1689 3362 quiavcrisimile
1715 3283 1785 3353 est,
1824 3271 1919 3362 quod
1943 3269 2140 3360 respublica

132 3367 333 3438 Correctio:
359 3369 408 3439 At
421 3371 481 3440 alii
497 3371 675 3442 affuerunt
690 3398 764 3442 non
783 3375 901 3444 minus
923 3373 1011 3443 boni
1031 3374 1111 3444 viri.
1155 3360 1314 3441 'voluerit
1329 3368 1465 3441 honore
1482 3373 1638 3456 afficere,
1665 3396 1739 3440 non
1756 3386 1893 3442 tantum
1909 3373 2006 3441 ferro
2016 3373 2064 3470 lff)
2090 3378 2139 3442 in-

130 3470 338 3564 Respondet
357 3498 421 3565 per
444 3476 763 3567 comparationem:
791 3480 837 3546 At
852 3477 1112 3568 Serviusprae-
1162 3477 1342 3565 teriones,
1365 3476 1427 3544 sed
1443 3499 1586 3555 omnes,
1608 3475 1734 3567 quibus
1750 3476 1824 3566 ipsa
1841 3475 2041 3566 respublica
2062 3503 2141 3548 eau-

132 3574 247 3644 stabat
264 3587 389 3647 aetate.
984 3597 990 3608 ·
1162 3601 1236 3648 saut
1251 3576 1375 3647 mortis
1390 3578 1617 3668 praebuisset.
1674 3578 1741 3646 Ubi
1756 3587 1808 3648 est
1820 3603 1885 3669 par
1900 3578 2013 3662 ratio,
2040 3582 2141 3649 debet

236 3672 267 3765 5.
284 3682 320 3751 2·
348 3681 441 3762 Quod
461 3682 493 3749 ci
508 3680 703 3777 cuique”)]
728 3681 950 3775 Propositio:
976 3680 1110 3753 lustum
1161 3680 1260 3773 sequi
1277 3692 1311 3748 et
1324 3702 1390 3770 par
1409 3679 1592 3751 iudicium.
1669 3685 1803 3753 Etenim
1822 3682 1892 3771 etei]
1918 3680 2038 3750 Maior
2056 3685 2139 3752 fuit:

134 3790 186 3848 est
205 3778 393 3848 decernere
415 3774 569 3850 honores
592 3781 728 3853 Servio.
812 3788 959 3878 caetera]
985 3785 1109 3854 Ratio:
1161 3782 1283 3853 Statua
1312 3783 1460 3851 debetur
1490 3783 1585 3866 istis,
1626 3784 1753 3877 quibus
1778 3783 1974 3875 respublica
1996 3787 2141 3876 praebet

123 3880 227 3974 ¹Quia
244 3882 396 3974 suscepit
410 3895 544 3951 certum
560 3885 767 3975 periculum.
849 3891 915 3973 Oui
929 3915 1027 3983 petum
1044 3889 1110 3979 ita]
1162 3910 1302 3955 creusam
1323 3884 1459 3954 mortis.

121 3982 297 4077 Repetita
328 3996 379 4054 est
407 3981 494 4054 haec
523 3987 713 4056 sententia:
753 3987 855 4057 Vidit
879 4014 915 4059 se
945 4004 1111 4089 oportere
1263 4004 1348 4099 (3421),
1363 4002 1404 4073 11,
1427 4001 1456 4094 ᾗ,
1472 4003 1508 4075 4,
1536 4008 1594 4077 020,
1610 4010 1755 4097 octavii]
1780 3974 1915 4077 Probat
1938 4031 2003 4098 per
2028 4031 2142 4076 exem.

133 4087 248 4187 meri,
272 4088 303 4162 si
324 4089 427 4157 labor
450 4091 639 4166 accederet·
714 4092 926 4186 Itaquenon]
949 4093 1111 4187 ⁸Ampllfi-
1163 4107 1239 4198 pla:
1281 4106 1429 4175 Octavio
1462 4108 1600 4177 decreta
1631 4121 1821 4191 eststatua
1854 4109 2038 4179 interfecto
2066 4135 2140 4179 noa

135 4190 226 4258 catio
246 4213 288 4258 ex
302 4190 413 4261 causis
429 4190 662 4277 difficultatis,
687 4195 784 4290 quod
799 4189 867 4262 hac
885 4218 958 4264 non
980 4197 1112 4266 abster-
1162 4221 1308 4302 propter
1322 4210 1552 4301 legationem,
1577 4213 1639 4283 sed
1652 4210 1689 4279 in
1702 4211 1903 4305 gymnasio:
1930 4236 2014 4307 ergo
2029 4215 2141 4283 multo

134 4293 272 4403 merilli
288 4318 380 4364 llum·
1163 4312 1274 4402 magis
1299 4314 1517 4382 decernenda
1538 4326 1589 4382 est
1612 4326 1725 4383 statua
1751 4313 1894 4398 Servio,
1934 4315 1990 4384 eui
2011 4317 2140 4405 legatio

236 4393 267 4485 5.
283 4396 318 4465 6.
346 4402 389 4467 Ul
404 4396 525 4488 ipitur]
541 4396 746 4468 Conclusio:
770 4400 890 4468 Placet
903 4399 1011 4491 igitur
1022 4395 1112 4468 mihi
1161 4413 1326 4509 praebuit
1340 4439 1482 4486 causam
1498 4410 1634 4486 snm-113,

135 4497 472 4590 sententiaPansae.
524 4499 692 4593 Quaestio
707 4502 793 4573 iuris
811 4502 847 4569 in
864 4498 928 4570 hac
942 4515 1016 4571 tota
1033 4527 1112 4571 ora·
1166 4598 1171 4609 ι
1264 4525 2141 4631 capum.§.531113‘1‘53'patremmrgml]Mi·

121 4598 234 4668 ·tione
250 4599 389 4669 incidit:
416 4600 545 4670 Utrum
562 4602 665 4672 liceat
680 4616 833 4673 statuam
857 4608 1043 4674 decernere
1068 4605 1112 4690 ei,
1162 4660 1248 4707 nor:
1285 4634 1409 4732 ltaque
1432 4636 1628 4730 respublica
1652 4639 1817 4730 praebuit
1836 4663 1977 4710 causam
2000 4642 2141 4713 mortis:

135 4702 198 4795 qui
211 4726 286 4771 nou
299 4714 351 4772 est
367 4705 462 4773 lerro
478 4704 691 4787 interfectus.
713 4802 716 4807 ι
753 4713 823 4799 Epo
837 4711 961 4801 aedem]
988 4708 1110 4778 Cicero
1163 4764 1267 4832 ergo,
1293 4753 1358 4810 etc,

133 4864 338 4882 ..-......
1264 4853 1295 4948 5.
1310 4856 1346 4932 6.
1371 4863 1419 4928 At
1432 4859 1503 4949 ille]
1524 4856 1695 4926 Probatio
1712 4858 1878 4928 minoris:
1906 4859 2000 4951 Quia
2018 4863 2142 4933 maluit

171 4944 315 5067 &gem
326 4944 559 5079 ἕῶᾓῗῆξῗοᾎα
576 4948 1113 5085 551135·ἐζῇῗρρίζῗωῃᾶῗξοῇὴᾞῗῖξ
1163 4959 1278 5043 mori,
1304 4973 1369 5031 etc.
1390 4984 1469 5030 cum
1492 4959 1590 5030 (lomi
1612 4960 1729 5031 salvus
1751 4987 1823 5032 esse
1847 4961 1969 5052 possit.
2044 4969 2141 5037 Mul.

205 5086 279 5135 vatis
295 5085 435 5148 dlaciputts
450 5086 621 5152 consecute,
645 5089 721 5139 reat.
1161 5065 1354 5156 tia'illi'c'n]
1377 5062 1633 5154 Ampllstcullot
1657 5064 1759 5134 valde
1776 5064 1994 5157 properavit.
2045 5067 2139 5137 llaec

170 5187 219 5248 eea
236 5187 347 5251 suaper
363 5190 432 5250 ece]
448 5188 491 5241 ste
506 5172 556 5241 ‘re
571 5162 676 5252 oruc,
697 5191 746 5241 ra.
763 5191 837 5244 rasa.
855 5192 966 5254 suanam
983 5197 1035 5246 eo.
1163 5166 1368 5259 properatio
1391 5165 1488 5236 auxit
1508 5167 1686 5237 morbum.

170 5293 220 5351 83)
237 5292 327 5356 guod]
345 5292 387 5341 rte
401 5292 450 5342 Ed.
463 5292 556 5353 walt:
581 5291 627 5343 tta.
646 5285 816 5355 orell-mo.
905 5290 908 5301 '
1167 5324 1210 5337 ...
1231 5324 1368 5339 „w-

171 5396 221 5455 st)
238 5397 355 5462 eumue]
372 5394 413 5448 tle
429 5396 479 5450 Ed.
500 5395 591 5460 16665
617 5395 666 5448 Ed.
686 5386 772 5475 (trell-
790 5395 932 5463 cuiquam.
1198 5400 1247 5466 86)
1264 5401 1356 5465 torro]
1373 5403 1422 5456 tta.
1439 5401 1513 5454 1668.
1536 5401 1611 5451 leret.
