4566 5760
73 211 126 287 45

624 210 653 285 ι
696 209 1048 285 rmnosonmxu
1072 206 1286 283 promus
1309 156 1539 282 nrrroun

2048 212 2097 286 io

70 381 382 483 propositiones*)
397 386 441 455 de
454 387 576 455 futuro
592 385 811 477 contingenti
823 410 898 455 non
912 384 983 455 sint
996 386 1057 454 de·
1106 395 1228 455 nante.
1278 382 1375 474 Ergo
1399 382 1522 454 omnia
1546 382 1715 453 eveniunt
1728 383 1776 480 ⁴⁷)
1798 384 2015 456 immutabili
2033 409 2094 454 ne-

71 491 262 560 terminate
276 513 380 559 verae
395 501 456 558 aut
469 489 597 572 falsae,
623 514 749 558 verum
763 489 970 558 Aristoteles
986 483 1056 557 hoc

71 595 251 677 declarat,
292 592 354 686 qui
385 604 510 660 monet
541 591 729 661 veritatem
764 592 865 685 sequi
891 615 965 661 esse
991 590 1058 673 rei,

71 697 165 766 sicut
178 720 234 764 res
250 690 360 763 habet
373 718 467 778 esse,
493 694 542 764 sic
558 706 610 764 est
625 718 711 763 vera
735 694 946 784 propositio.
986 693 1056 762 Fu-

70 811 194 892 turum
210 810 329 867 autem
344 792 507 866 nondum
519 792 628 866 habet
640 820 733 880 esse,
755 821 796 865 ac
809 796 976 888 possibile
993 808 1056 881 εει,

69 913 113 970 ut
128 924 203 968 non
218 899 370 971 eveniat.
958 924 968 934 ·

256 1071 511 1141 Secundum
544 1082 872 1160 argumentum.

174 1206 310 1290 Causae
328 1230 508 1276 connexae
522 1205 719 1275 necessario
736 1217 895 1275 movent.
921 1204 1057 1274 Omnes

71 1322 220 1381 eventus
242 1310 334 1380 fiunt
356 1334 377 1378 a
401 1309 513 1380 causis
536 1308 720 1378 connexis:
748 1332 833 1399 ergo
858 1308 980 1377 omnia
994 1331 1057 1375 ne-

71 1415 224 1483 cessario
242 1411 423 1482 eveniunt.

172 1531 351 1600 Maiorem
368 1531 549 1599 declarant
564 1529 696 1612 Stoici,
722 1541 762 1598 ut
777 1527 815 1596 in
834 1528 1056 1599 naturalibus

69 1633 254 1703 effectibus
278 1657 353 1702 uon
375 1635 415 1702 fit
437 1634 620 1725 generatio
641 1635 803 1721 frugum,
829 1631 899 1703 nisi
922 1644 1017 1700 terra
1035 1653 1056 1699 a

69 1737 173 1804 coelo
203 1748 427 1828 praeparata.
486 1735 635 1804 Coelum
664 1757 740 1803 non
771 1735 861 1824 agit,
887 1734 957 1803 nisi
979 1758 1056 1802 mo-

67 1851 213 1908 veatur:
240 1863 324 1929 ergo
349 1834 459 1906 habet
474 1862 616 1907 causam
632 1849 849 1907 moventem.
899 1837 1054 1927 Propter

67 1936 164 2009 hanc
186 1940 457 2011 similitudinem
477 1942 617 2030 lingunt
637 1941 858 2009 voluntatem
881 1940 988 2008 etiam
1011 1940 1055 2008 ab

68 2043 149 2113 aliis
166 2044 334 2113 connexis
351 2045 463 2113 causis
478 2042 635 2125 moveri,
662 2042 827 2111 videlicet
842 2044 887 2112 ab
909 2042 1055 2111 obiectis

10 2162 12 2171 '
69 2158 133 2216 aut
148 2145 439 2215 inclinationibus
454 2145 688 2217 naturalibus.
723 2144 820 2214 Haec
837 2145 944 2217 estin
961 2169 1056 2215 sum-

67 2272 129 2317 ma
147 2250 258 2318 altera
275 2249 477 2319 Stoicorum
494 2247 600 2318 ratio.

466 2418 659 2491 Solutio.

169 2553 269 2644 Nego
302 2553 496 2636 maiorem,
529 2567 565 2622 et
590 2555 683 2622 ratio
706 2564 775 2633 est,
808 2551 892 2644 quia
916 2549 981 2618 etsi
1004 2562 1055 2619 est

65 2654 189 2749 aliqua
220 2656 394 2724 connexio
425 2654 645 2724 naturalium
685 2677 893 2735 causarum,
933 2664 1054 2721 tamen

64 2781 143 2826 non
178 2771 231 2828 est
259 2756 341 2825 talis
372 2758 546 2825 connexio
569 2756 766 2827 voluntatis
794 2780 875 2824 cum
900 2753 1053 2824 externis

64 2858 193 2928 causis.
242 2859 325 2929 Non
342 2859 438 2927 enim
453 2859 647 2952 impellitur
662 2859 861 2927 necessario
877 2857 1053 2939 voluntat,

64 2963 128 3034 sed
144 2962 255 3030 libere
279 2961 372 3052 agit,
399 2974 434 3031 et
458 2962 725 3053 contingenter,
752 2973 874 3053 estque
891 2957 929 3027 in
944 2959 1053 3027 actio-

64 3066 171 3135 nibus
186 3059 353 3133 humanis
369 3088 473 3134 causa
488 3064 750 3156 contingentiae
764 3063 910 3132 libertas
925 3062 1052 3131 volun-

62 3168 161 3237 tatis.
213 3166 402 3236 Caeterum
419 3167 508 3235 etin
528 3168 797 3236 irrationalibus
819 3164 976 3234 motibus
999 3178 1052 3234 est

65 3282 327 3359 ‘mmmm’
360 3294 459 3340 ⁰¹¹¹OE
483 3294 589 3340 causa
618 3283 670 3341 “l
696 3280 868 3339 malem
898 3269 1050 3385 elemfflff'
1103 3318 1138 3373 et
1158 3305 1325 3374 obscurat
1347 3301 1499 3394 gloriam
1513 3300 1600 3383 Dei,
1626 3301 1805 3371 eumfacit
1828 3326 1908 3370 eum
1926 3312 2089 3370 autorem

63 3359 152 3442 iaris
173 3372 403 3455 instabilitas,
435 3372 527 3442 sicut
547 3372 710 3443 videmus
735 3371 851 3441 varias
877 3394 951 3439 esse
977 3394 1050 3460 agr-

63 3476 219 3544 tationes
240 3475 353 3557 ae'ris,
380 3486 415 3543 ει
440 3498 633 3568 corporum
657 3476 695 3543 in
712 3477 806 3545 a'e‘re.
860 3473 1048 3542 Caeterum

63 3579 248 3672 quomodo
275 3577 456 3647 naturales
487 3587 612 3648 causae
643 3589 769 3669 agant,
803 3588 838 3645 et
864 3578 1048 3669 quomodo

55 3681 295 3772 impellantur
319 3693 355 3748 et
372 3674 433 3776 ”)
460 3680 673 3751 adiuventur
690 3678 876 3748 inferiores
900 3701 921 3746 a
945 3701 1048 3768 supe-

54 3783 237 3866 rioribus,
263 3782 432 3874 explicari
448 3784 538 3852 solet
551 3784 590 3852 in
604 3778 770 3876 physicis.
802 3778 953 3850 Etiamsi
968 3804 1047 3848 coe-

59 3886 168 3955 lestes
199 3908 322 3954 causae
355 3885 517 3956 inserunt
550 3885 799 3955 inclinationes
828 3879 1048 3967 hominibus,

45 4075 47 4079 ¹
61 4002 186 4058 tamen
199 3999 283 4055 sunt
296 4000 435 4057 tantum
451 3988 620 4081 partiales
639 4013 783 4070 causae,
807 3999 849 4056 ut
864 3997 981 4076 potest
997 3985 1047 4055 eis

54 4090 229 4159 ⁴voluntas
252 4112 462 4180 repugnare.
512 4089 565 4160 lta
589 4105 624 4160 et
639 4091 764 4161 Cicero
782 4088 924 4180 copiose
941 4087 1048 4156 solvit

59 4189 154 4264 lianc
175 4190 352 4260 rationem
378 4192 579 4265 Stoicorum
603 4197 646 4264 de
671 4193 785 4263 causis
807 4189 1046 4261 antecedenti-

58 4297 146 4379 bus,
172 4319 213 4363 ac
232 4307 340 4384 negat
363 4295 584 4366 voluntatem
607 4296 686 4387 cogi
710 4319 813 4387 posse
831 4294 876 4362 ab
898 4293 1045 4362 obiectis

60 4410 124 4469 ant
146 4396 419 4481 inclinantibus,
444 4420 526 4482 seu,
551 4413 592 4471 ut
615 4401 810 4481 vocabant,
837 4397 882 4465 ab
905 4408 1045 4465 antece-

59 4500 227 4572 dentibus
246 4501 371 4570 causis.

161 4600 257 4670 Haec
280 4614 363 4673 sunt
383 4603 573 4695 praecipua
597 4603 799 4675 Stoicorum
822 4611 1044 4693 argumenta,

57 4703 189 4799 quibus
211 4705 411 4796 explicatis,
437 4706 568 4776 similia
588 4708 690 4777 facile
713 4705 865 4778 iudicari
883 4715 1043 4797 possunt.

56 4807 169 4876 Addit
192 4807 317 4877 Cicero
342 4809 487 4878 tertium
514 4811 557 4878 de
586 4809 884 4879 determinatione
908 4805 1043 4891 divina,

55 4911 157 5007 quod
172 4908 357 5005 aliquanto
371 4911 558 4982 dilucidius
576 4915 731 5003 agitatur
748 4939 768 4982 a
784 4908 990 5000 Theologis.

158 5010 421 5082 Determinatio
437 5014 557 5084 divina
581 5029 633 5085 est
655 5015 905 5097 immutabilis,
933 5025 968 5081 et
981 5034 1043 5078 ne-

56 5114 208 5183 cessario
244 5140 339 5206 vera,
397 5115 530 5186 Omnia
564 5119 735 5188 eveniunt
766 5117 844 5188 Deo
875 5119 1042 5186 determi-

92 5347 126 5414 *i
144 5349 367 5413 propositiones]
387 5349 427 5399 uc
446 5350 494 5399 ra.
516 5352 607 5415 nro,
624 5354 674 5408 m.
696 5353 771 5407 racc.
790 5348 995 5417 propositum.

90 5434 145 5498 ει)
166 5437 209 5498 ε]
225 5435 267 5488 no
283 5435 334 5489 nc
354 5435 447 5501 rus,
465 5435 515 5488 uc
535 5437 611 5494 raro.
628 5442 685 5490 aut.

1108 485 1278 557 cessitate.

1502 603 1697 676 Solutio.

1208 741 1372 812 Primum
1388 741 1589 831 respondeo
1606 740 1652 809 ad
1671 739 1860 813 minorem.
1914 743 2093 812 Determi·

1107 841 1207 912 natio
1232 844 1352 912 divina
1379 842 1558 912 dissimilis
1582 843 1694 911 estin
1719 838 1795 927 his,
1822 867 1912 938 quae
1934 849 2095 937 pendent

1108 946 1253 1039 proprie
1283 948 1336 1015 ab
1356 945 1467 1038 ipsius
1500 946 1703 1028 voluntate,
1737 958 1773 1014 et
1802 945 1967 1032 inaliis,
2000 973 2092 1042 quae

1108 1048 1353 1142 principaliter
1396 1047 1562 1118 oriuntur
1604 1071 1625 1116 a
1665 1050 1798 1118 nostris
1837 1048 2092 1122 voluntatibus.

1108 1150 1205 1223 Deus
1228 1152 1331 1221 aliter
1352 1151 1566 1220 determinat
1579 1162 1767 1220 venturam
1782 1153 2093 1236 resurrectionem,

1109 1267 1144 1322 et
1160 1253 1310 1337 similia,
1336 1277 1426 1346 quae
1443 1253 1626 1323 constituit
1642 1278 1678 1323 se
1695 1255 1871 1323 faciurum
1887 1278 1975 1325 esse.
2018 1253 2092 1323 Ali-

1109 1369 1162 1425 ter
1195 1356 1379 1448 praevidet
1410 1368 1445 1425 et
1475 1355 1690 1425 determinat
1715 1368 1858 1447 peccata
1889 1353 2092 1442 hominum,

1109 1484 1198 1552 quae
1224 1457 1409 1551 permittit.
1459 1456 1557 1527 Haec
1573 1457 1750 1549 praevisio
1765 1483 1828 1528 scu
1841 1459 2092 1529 determinatio

1107 1585 1253 1652 prorsus
1275 1561 1412 1630 nullam
1436 1561 1540 1630 affert
1559 1560 1804 1630 necessitatem
1827 1562 2003 1632 voluntati
2027 1587 2093 1632 no·

1108 1677 1218 1733 strae:
1253 1662 1437 1754 praevidet
1467 1662 1581 1746 enim,
1614 1662 1699 1758 quia
1730 1674 1812 1733 suni
1835 1677 2026 1748 eventura,
2059 1679 2095 1734 et

1107 1764 1341 1850 determinat,
1368 1788 1553 1860 quousque
1577 1765 1623 1834 sit
1647 1764 1895 1858 permissurus.
1947 1763 2022 1835 lam
2047 1768 2093 1835 ad

1106 1870 1281 1939 maiorem
1301 1869 1518 1961 respondeo,
1545 1867 1797 1938 determinatio
1815 1867 1935 1936 divina
1955 1881 2007 1938 est
2026 1867 2092 1937 im-

1107 1971 1306 2056 mutabilis,
1332 1984 1367 2040 et
1389 1970 1586 2041 necessario
1603 1995 1707 2054 vera,
1727 1969 1858 2042 scilicet
1884 1969 2092 2041 necessitate

1108 2073 1398 2170 consequentiae,
1422 2098 1513 2167 quae
1527 2098 1602 2142 non
1619 2073 1732 2142 adfert
1748 2072 1956 2164 simpliciter
1970 2097 2091 2145 neces·

1107 2179 1259 2249 sitatem.
1301 2176 1398 2247 Deus
1414 2176 1600 2267 praevidet
1615 2175 1730 2245 Saulis
1746 2175 1900 2267 flagitia,
1927 2189 1962 2245 et
1976 2177 2091 2247 deter-

1107 2281 1238 2363 minat,
1272 2303 1457 2374 quousque
1488 2279 1725 2372 permissurus
1752 2278 1808 2348 sit.
1861 2277 1957 2349 llaec
1990 2303 2093 2369 prae-

1107 2384 1197 2454 visio
1222 2395 1256 2451 ει
1280 2382 1466 2474 permissio
1488 2383 1624 2451 nullam
1641 2382 1756 2450 adfert
1769 2382 2014 2452 necessitatem
2030 2406 2093 2450 vo-

1106 2486 1236 2556 luntati
1252 2484 1378 2556 Saulis.
1418 2481 1507 2552 Item
1523 2484 1609 2554 Saul
1627 2483 1794 2576 punitur,
1820 2484 1904 2577 quia
1919 2483 2092 2577 peccavit.

1105 2587 1241 2656 Verum
1258 2598 1400 2677 poterat
1414 2585 1499 2653 Saul
1516 2586 1679 2654 omittere
1696 2586 1757 2653 illa
1772 2586 1917 2655 scelera.
1969 2585 2090 2679 Quare

1105 2690 1289 2759 dialectica
1308 2686 1368 2755 illa
1384 2686 1571 2757 necessitas
1586 2681 1879 2780 consequentiae,
1905 2711 1980 2755 non
1998 2688 2092 2756 tollit

1104 2817 1144 2861 re
1159 2793 1234 2885 ipsa
1252 2788 1531 2879 contingentiam
1549 2802 1611 2858 aut
1624 2790 1837 2858 libertatem.

1206 2892 1438 2984 Explodenda
1465 2904 1517 2961 est
1539 2890 1647 2982 igitur
1669 2890 1870 2961 Stoicorum
1897 2889 2021 2981 opinio
2047 2890 2090 2958 de

1103 2996 1328 3077 necessitate,
1356 2995 1565 3088 praesertim
1580 3019 1660 3063 cum
1675 2994 1722 3065 sit
1737 2993 1964 3062 incommoda
1978 2991 2089 3062 mori-

1102 3101 1185 3169 bus:
1237 3111 1278 3170 ut
1311 3096 1465 3167 Zenonis
1499 3098 1660 3168 servulus
1695 3096 1873 3166 excusavit
1905 3107 2089 3186 peccatum

1102 3227 1227 3284 suum,
1260 3201 1358 3294 quod
1389 3197 1551 3291 magistri
1571 3200 1646 3268 saio
1677 3211 1838 3281 coactus,
1871 3197 2089 3292 deliquisset,

1101 3405 1247 3499 peccati.
1298 3405 1485 3475 Praeclare
1517 3417 1637 3474 autem
1662 3401 1851 3495 Euripides
1882 3403 2012 3496 inquit:
2048 3401 2085 3471 Si

1101 3509 1188 3603 quid
1211 3521 1314 3600 turpe
1337 3506 1472 3577 faciunt
1487 3505 1569 3592 Dii,
1595 3529 1670 3574 non
1691 3518 1774 3576 sunt
1789 3505 1869 3589 Dii,
1894 3507 1939 3575 Et
1954 3498 2040 3576 θεοί
2053 3529 2088 3574 τι

1100 3608 1242 3706 δρῶσιν
1266 3604 1440 3704 αἰσχρὸν,
1468 3605 1537 3680 οὐκ
1563 3605 1656 3681 εἰσὶν
1677 3603 1764 3680 θεοί
1777 3606 1836 3703 ⁴⁸).
1897 3606 2002 3677 Nunc
2030 3630 2088 3675 ac-

1100 3740 1137 3782 ce
1165 3740 1186 3783 o
1219 3713 1265 3780 ad
1295 3708 1566 3802 Theologorum
1596 3710 1896 3802 disputationem,
1931 3733 2087 3804 quorum

1099 3815 1210 3911 aliqui
1226 3840 1373 3907 prorsus
1389 3815 1581 3885 voluerunt
1595 3813 1720 3883 tollere
1736 3813 1936 3882 libertatem
1958 3807 2086 3881 huma-

1098 3944 1165 3989 nae
1182 3917 1395 4000 voluntatis,
1421 3920 1484 3987 sed
1500 3930 1619 3986 tamen
1638 3917 1786 3986 diversis
1803 3915 1930 3985 modis.
1982 3914 2086 3983 Unus

1097 4025 1227 4091 modus
1250 4034 1301 4090 est
1322 4019 1472 4103 Vallae,
1499 4021 1562 4114 qui
1586 4043 1700 4110 paene
1720 4018 1839 4088 Stoico
1866 4042 1967 4087 more
1990 4014 2085 4083 tollit

1097 4125 1297 4194 libertatem
1323 4135 1472 4215 propter
1495 4121 1655 4191 divinam
1675 4119 1945 4213 praescientiam
1967 4130 2002 4186 et
2025 4119 2085 4184 de-

1097 4227 1398 4297 terminationem.
1458 4225 1528 4294 Sed
1549 4221 1618 4293 hoc
1641 4247 1716 4291 non
1740 4234 1879 4291 tantum
1903 4233 1954 4290 est
1978 4219 2084 4288 liber-

1096 4343 1207 4422 tatem
1240 4328 1458 4412 voluntatis,
1491 4330 1552 4398 sed
1581 4326 1620 4395 in
1642 4325 1848 4394 universum
1877 4323 2084 4414 contingen-

1096 4433 1184 4504 tiam
1209 4433 1334 4501 tollere
1357 4431 1396 4500 in
1411 4430 1576 4499 omnibus
1595 4426 1811 4510 actionibus,
1838 4451 1919 4495 cum
1936 4439 2084 4494 natura-

1095 4535 1200 4618 libus,
1216 4530 1340 4629 tum')
1355 4532 1577 4612 voluntariis,
1594 4530 1699 4600 bonis
1713 4542 1748 4599 et
1762 4528 1881 4600 malis:
1900 4528 2082 4620 Scriptura

1096 4652 1215 4708 autem
1231 4637 1398 4707 discernit
1411 4636 1505 4704 inter
1519 4634 1632 4704 bonas
1649 4644 1683 4701 et
1698 4634 1809 4703 malas
1824 4632 1993 4702 actiones.
2034 4629 2082 4698 Et

1094 4743 1200 4833 longe
1221 4741 1291 4809 alia
1315 4738 1475 4835 quaestio
1500 4750 1551 4808 est
1568 4738 1612 4806 de
1639 4735 1838 4805 actionibus
1858 4735 2022 4804 omnibus
2045 4734 2082 4800 in

1095 4869 1243 4936 genere,
1270 4867 1377 4936 quam
1399 4839 1571 4912 debonis
1598 4837 1816 4921 actionibus,
1843 4862 1890 4906 an
1913 4861 1933 4905 a
1956 4836 2082 4905 volun-

1017 5113 1025 5128 ·
1128 5085 1177 5143 47]
1196 5081 1341 5141 eveniunt]
1360 5081 1402 5132 sic
1418 5081 1469 5131 Ed.
1491 5079 1584 5142 rasos
1609 5077 1659 5129 Ed.
1679 5074 1757 5131 tato.
1777 5073 1897 5125 veniunt.

1128 5150 1177 5217 48)
1203 5148 1297 5212 nurip.
1320 5150 1475 5213 Belleroptr.
1500 5151 1599 5212 fragm.
1618 5145 1702 5210 xix,
1720 5147 1763 5206 4.,
1788 5143 1843 5194 vid
1862 5139 2000 5204 Euripidis
2019 5147 2081 5193 tra-

1162 5221 1294 5286 goediae,
1321 5220 1491 5283 fragmenta,
1519 5217 1655 5281 epistotae
1679 5227 1714 5265 ex
1738 5210 1857 5263 editione
1881 5213 1934 5264 tos.
1953 5213 2080 5262 Barnesii

1161 5301 1234 5340 nunc
1257 5299 1357 5340 recusa
1379 5292 1407 5337 et
1431 5290 1512 5338 aricia
1534 5284 1753 5349 appendiculo.
1792 5281 1868 5345 bips.
1889 5279 2079 5332 riva-itae

1161 5358 1280 5409 aioni.
1306 5360 1331 5407 i.
1358 5359 1387 5408 r.
1400 5356 1432 5407 11.
1452 5370 1477 5418 p.
1491 5354 1551 5405 433.

1127 5424 1558 5494 ¹⁸)tun1siciitim5iit
1579 5422 1741 5476 rosacum
