4544 5766
45 192 126 270 206
346 184 506 249 ⁸¹³⁰·-
544 188 901 275 ²-=-11.··'1'la''tttcan
933 194 1576 279 deorumne-menturae
1615 232 1622 251 ⁵
1654 232 1659 259 ÷
1710 219 1731 267 ῑ.
1776 254 1780 259 -
2003 210 2080 285 200

46 367 190 437 Deinde
212 368 491 440 inenarrabilem
513 370 711 469 bonitatem
733 376 801 445 Dei
825 378 932 447 etiam
955 402 1039 446 con·
1091 380 1285 468 regendos,
1312 391 1347 447 et
1361 378 1456 447 intra
1473 392 1584 449 metas
1601 378 1656 449 sui
1672 379 1809 448 ordinis
1830 376 2077 465 retrahendos,

45 472 267 555 siderenms,
308 474 372 566 qui
402 478 500 542 ce'rto
531 500 568 545 se
600 477 717 569 ipsum
739 480 844 550 nobis
869 480 1039 572 impertit,
1090 493 1131 549 ut
1149 477 1331 549 Abraham
1361 482 1475 572 tnagis
1505 476 1621 572 diligit
1644 481 1781 564 Deum,
1825 508 1934 576 quam
1964 484 2077 554 lilium

45 575 236 643 effundens
267 573 305 641 in
333 589 481 666 pectora
513 592 635 648 nostra
665 582 837 672 Spiritum
860 596 1038 667 sanctum,
1090 581 1198 654 lsaac.
1255 582 1411 652 Econtra
1441 586 1529 652 mali
1559 585 1703 653 affectus
1733 596 1835 670 sunt,
1878 600 2077 676 pugnantes

45 690 199 768 propter
229 677 360 747 Filium
395 690 460 749 etc.
533 679 608 750 lam
639 685 743 754 facile
776 697 828 755 est
863 688 1038 777 explicare
1091 712 1169 755 cum
1193 688 1269 776 lege
1285 687 1371 769 Dei,
1398 710 1460 756 seu
1479 701 1574 756 recta
1595 687 1754 771 ratione,
1782 700 1817 754 et
1840 683 1906 779 hos
1928 690 2077 779 reprimi

44 781 162 863 dicta,
190 804 281 873 quae
298 781 464 851 videntur
481 798 604 854 omnes
622 788 767 857 aflectus
783 790 973 873 damnare,
999 804 1038 858 ut
1089 802 1124 856 et
1150 786 1331 858 coherceri
1354 798 1515 881 oportet,
1538 789 1629 858 sicut
1643 789 1775 860 Paulus
1796 791 1883 858 dicit
1898 789 2022 884 (Rom.
2040 793 2077 875 8,

44 882 171 975 (Rom.
192 883 227 965 8,
243 881 312 977 7.):
338 885 467 955 Sensus
492 889 608 958 carnis
629 882 814 959 inimicitia
839 905 891 962 est
914 895 1037 960 adver·
1092 890 1184 987 18.);
1212 893 1249 962 Si
1271 891 1401 983 spiritu
1414 892 1572 962 actiones
1589 893 1705 962 carnis
1721 893 1998 975 mortificabitis,
2024 894 2076 961 vi·

45 1010 103 1054 sus
120 982 259 1068 Deum,
286 986 408 1070 idest,
435 989 580 1060 affectus
604 1005 665 1060 aut
686 1018 752 1084 per
773 1019 864 1078 sese,
891 1009 953 1064 aut
972 1020 1036 1086 per
1089 996 1188 1065 vetis.
1253 994 1502 1065 Eruditissime
1526 1007 1644 1064 autem
1669 1008 1704 1064 et
1725 995 1929 1085 planissime
1951 996 2075 1066 distin-

46 1088 209 1157 accidens
233 1089 353 1158 vitiosi
373 1103 456 1161 sunt
478 1091 515 1160 in
539 1090 703 1178 homine,
730 1098 791 1190 qni
811 1122 886 1165 non
901 1099 1036 1189 regitur
1088 1110 1246 1188 gunntur
1260 1098 1348 1166 boni
1365 1109 1400 1166 et
1414 1099 1501 1166 mali
1517 1096 1683 1180 affectus,
1708 1111 1851 1188 sumpto
1869 1098 2074 1168 discrimine

46 1193 121 1258 lnce
144 1192 248 1260 verbi
264 1191 351 1275 Dei,
379 1194 509 1263 timore
530 1195 616 1280 Dei,
642 1200 710 1267 lide
734 1199 821 1294 etffi)
845 1201 1034 1271 dilectione
1088 1225 1107 1268 a
1132 1202 1209 1292 lege
1225 1201 1305 1270 Dei.
1356 1201 1461 1269 Unde
1489 1213 1608 1269 autem
1631 1200 1676 1268 sit
1698 1195 1786 1269 haec
1803 1201 2012 1291 depravatio
2036 1200 2074 1271 in

48 1293 126 1364 Dei.

265 1463 326 1533 Dc
354 1466 493 1535 tertia
522 1470 812 1560 quaestione.

69 1601 129 1668 An
149 1620 281 1670 omnes
309 1595 474 1697 affectus
497 1624 545 1673 es*
569 1615 709 1676 notura
736 1608 891 1680 tollendi
915 1614 1007 1681 ciat.

144 1732 199 1799 De
226 1729 294 1802 hac
316 1738 522 1829 quaestione
551 1739 652 1806 facile
679 1730 827 1810 iudicari
849 1757 967 1835 potest
992 1770 1032 1813 ex

46 1836 160 1924 priore
177 1839 424 1927 responsione.
466 1841 555 1909 Cum
575 1842 670 1911 enim
689 1844 821 1915 dictum
839 1849 903 1930 sit,
930 1872 1032 1938 prae-

47 1936 143 2029 cipia
164 1936 265 2021 Deo,
291 1953 332 2009 ut
355 1941 425 2011 sint
447 1942 484 2010 in
507 1944 610 2013 nobis
633 1947 778 2016 affectus
800 1962 1031 2041 congruentes

46 2038 108 2131 legi
122 2039 211 2123 Dei,
239 2054 275 2108 et
298 2043 407 2137 aliqui
431 2045 517 2116 tales
541 2047 675 2117 conditi
695 2049 817 2119 sintin
833 2066 961 2120 natura
979 2053 1031 2120 di-

47 2142 192 2225 vinitus,
219 2155 260 2212 ut
274 2144 450 2244 στοργαὶ,
475 2150 703 2222 manifestum
720 2166 783 2235 cst,
809 2179 874 2223 nec
890 2156 1030 2239 debere,

46 2269 102 2313 uec
115 2269 222 2336 posse
241 2248 320 2314 tolli
337 2250 425 2321 tales
449 2252 594 2322 allectus
615 2279 656 2322 ex
677 2251 864 2325 hominum
889 2271 1029 2328 natura.

47 2346 158 2439 Quare
175 2350 406 2441 perspicuum
426 2368 497 2438 est,
524 2355 679 2449 Stoicam
696 2354 905 2446 ἀπάθειαν,
934 2387 1028 2430 com-

48 2450 264 2535 mentitiam,
289 2454 414 2523 salsam
432 2471 467 2526 et
482 2458 713 2529 reiiciendam
729 2486 815 2531 esse.

137 2552 239 2621 Haec
255 2556 393 2646 prolixe
416 2561 590 2629 declarari
611 2577 780 2654 possunt,
806 2565 955 2655 sumptis
972 2591 1028 2633 ar-

48 2656 214 2743 gumentis
233 2682 254 2725 a
269 2659 344 2750 lege
361 2659 447 2746 Dei,
475 2678 509 2733 et
529 2666 572 2733 ab
591 2664 666 2756 ipso
683 2679 832 2735 naturae
848 2662 1027 2737 lmmanae

49 2758 200 2848 opificio,
236 2784 277 2828 ac
292 2762 348 2830 lex
364 2766 506 2858 quidem
523 2793 560 2835 re
575 2793 659 2836 vera
677 2768 866 2859 descriptio
882 2783 935 2839 est
950 2771 1027 2862 opi-

48 2860 103 2928 lcii
129 2874 285 2931 naturae
309 2859 516 2953 hominum,
558 2882 592 2938 et
620 2871 785 2963 imaginis
807 2871 874 2940 Dei
902 2872 939 2941 in
961 2870 1026 2942 ho-

48 2963 140 3034 mine.
193 2964 295 3035 Talis
312 2982 401 3038 esset
417 2987 545 3042 natura
562 2969 738 3058 hominis,
764 2975 881 3044 sinon
900 2977 1026 3067 depra-

48 3080 114 3135 vata
130 3080 238 3138 esset.
289 3068 392 3141 Esset
407 3074 444 3142 in
462 3101 502 3145 ea
519 3100 643 3146 verum
668 3078 873 3147 incendium
894 3073 1023 3149 horum

48 3168 227 3239 affectuum
258 3170 405 3266 (Matth.
428 3183 498 3262 22,
521 3179 618 3274 37.):
665 3178 800 3271 Diliges
827 3180 1024 3251 Dominum

46 3270 147 3342 Dum
168 3284 273 3343 tuum
290 3300 331 3344 ex
346 3291 423 3347 toto
439 3285 556 3351 corde.
593 3279 681 3350 Item
697 3279 912 3379 (Manlum,
928 3283 1023 3380 39.):

45 3374 167 3466 Diliges
184 3378 410 3468 proximum,
437 3384 582 3454 sicutte
604 3385 732 3477 ipsum.
783 3385 830 3455 Et
855 3386 934 3456 talis
956 3389 1024 3457 fnit

43 3492 161 3548 natura
179 3478 220 3547 in
228 3478 259 3547 F
260 3480 321 3551 ilio
330 3481 417 3568 Dei,
444 3501 530 3556 nato
545 3514 587 3556 ex
603 3488 753 3579 virgine,
780 3488 886 3557 etiam
902 3489 939 3557 in
956 3487 1023 3559 hac

42 3579 104 3649 cita
119 3583 293 3667 mortali,
322 3587 410 3655 etin
425 3590 529 3661 nobis
545 3592 582 3659 in
599 3592 739 3661 coelesti
760 3594 831 3660 vita
851 3592 932 3663 talis
957 3593 1024 3663 erit

41 3698 185 3767 namra,
212 3696 249 3754 et
266 3690 416 3759 nuncin
434 3695 567 3763 renatis
592 3694 693 3763 initia
719 3708 801 3764 sunt
824 3695 949 3764 talium
973 3700 1022 3766 al-

39 3789 211 3870 lectum,
238 3801 279 3857 ut
299 3791 484 3866 scintillae.

132 3889 276 3959 Deinde
291 3896 517 3968 manifestum
536 3913 587 3969 est
604 3896 827 3992 exPltysicis,
855 3913 1021 3992 oportere

37 3992 273 4085 appetitiones
287 4021 360 4066 esse
377 4000 658 4085 inanimalibus,
684 4015 724 4071 ut
737 4005 888 4088 famem,
912 4004 1022 4087 sitim,

35 4110 65 4165 et
76 4120 218 4187 organa
237 4098 282 4165 ad
299 4094 363 4170 has
379 4105 614 4196 appetitiones
629 4105 771 4174 condita
786 4120 879 4177 sunt.
913 4106 1021 4176 Prae-

34 4214 124 4269 terea
141 4210 182 4267 et
197 4199 238 4269 in
251 4195 457 4278 hominibus
480 4207 655 4279 moestitia
676 4208 826 4279 destruit
842 4222 1021 4293 naturam,

31 4316 63 4372 et
84 4314 239 4373 ecorum
263 4304 356 4375 vitae
376 4313 599 4381 conservatio
616 4311 749 4379 laetitia
767 4313 940 4405 quaedam
959 4325 1020 4383 est.

30 4402 112 4477 ideo
135 4430 371 4501 nequaquam
394 4437 436 4481 ex
455 4408 661 4484 hominibus
685 4414 761 4483 tolli
784 4428 933 4506 possunt
960 4429 1021 4485 aut

29 4513 162 4580 debent
178 4509 336 4582 affectus.
388 4515 552 4610 Denique
568 4530 683 4587 totum
698 4518 785 4586 illud
808 4517 1020 4588 deliramen-

30 4611 281 4685 tumstoicum
308 4617 353 4685 de
379 4618 545 4688 tollendis
560 4619 761 4702 affectibus,
790 4620 1018 4691 vanissimum

29 4718 212 4788 somnium
227 4728 263 4784 et
276 4722 502 4791 mendacium
517 4735 568 4792 est
583 4746 744 4813 pugnans
766 4749 845 4792 cum
868 4725 943 4816 lege
952 4725 1019 4794 Dei

31 4836 164 4893 etcum
182 4833 325 4893 uotiua.

128 4921 296 4994 Sciamus
325 4937 444 4994 autem
466 4926 581 4994 hotms
614 4927 759 4996 :affectus
795 4954 867 4999 esse
900 4943 1018 5000 motus

29 5028 145 5099 cordis
172 5039 208 5097 et
233 5027 445 5111 voluntatis,
480 5042 714 5117 congruentes
737 5054 816 5100 curn
837 5032 913 5124 lege
935 5032 1019 5117 Dei,

29 5156 90 5201 sen
104 5144 206 5201 recta
226 5129 386 5214 ratione,
410 5125 527 5200 ethos
552 5134 725 5202 l'ovendos
749 5158 841 5215 esse,
869 5150 902 5205 et
926 5149 1017 5205 reete

62 5368 184 5491 §psas
192 5368 317 5491 egtlurlc
342 5373 420 5421 recte
443 5370 510 5424 tlt.
531 5372 605 5424 1557.
631 5375 659 5425 et
685 5370 776 5437 twa
808 5370 875 5422 ΕΜ,
897 5372 969 5424 litto.
989 5377 1017 5426 et

276 5452 301 5492 e.

1087 1298 1253 1386 homine,
1279 1315 1319 1371 ut
1332 1304 1493 1373 confusio
1509 1304 1554 1372 sit
1570 1303 1608 1371 in
1622 1298 1689 1370 hac
1705 1302 1852 1371 mortali
1867 1315 1995 1372 natura
2009 1304 2075 1371 bo-

1086 1430 1215 1474 norum
1241 1419 1276 1475 et
1296 1406 1475 1475 malorum
1491 1406 1702 1487 affectuum,
1729 1407 1767 1474 id
1788 1406 1826 1474 in
1847 1405 2010 1474 doctrina
2026 1404 2074 1499 ⁹⁶)

1085 1507 1262 1578 Ecclesiae
1284 1510 1456 1591 traditur,
1488 1532 1507 1575 a
1532 1533 1601 1602 qua
1628 1509 1822 1578 declaratio
1848 1508 1991 1598 longior
2013 1532 2074 1599 pe·

1086 1614 1191 1680 tenda
1210 1627 1272 1682 est.

1290 1781 1387 1868 auto
1412 1780 1588 1875 sentum)
1615 1776 1866 1865 Aristoteles?

1186 1915 1329 1986 Bonum
1363 1916 1460 1983 iuxta
1490 1915 1692 1983 doctrinam
1721 1913 1900 1982 Ecclesiae
1934 1926 1986 1981 est
2000 1937 2071 1999 ‚res

1084 2019 1226 2087 condita
1248 2018 1381 2099 aDeo,
1409 2041 1608 2108 congruens
1632 2019 1677 2084 ad
1702 2015 1866 2085 ordinem
1890 2016 1928 2083 in
1952 2029 2070 2083 mente

1083 2122 1224 2205 divina,
1263 2135 1297 2189 et
1318 2121 1481 2188 ordinata
1505 2122 1551 2189 ad
1573 2121 1679 2187 linem
1705 2118 1882 2212 aliquem,
1915 2114 2071 2201 horest,

1083 2226 1127 2292 ad
1151 2224 1460 2293 conservationem
1482 2222 1613 2314 speciei
1626 2220 1685 2315 ⁹⁸).
1750 2218 1834 2289 ldeo
1857 2221 1991 2290 dictum
2019 2236 2072 2291 est

1081 2327 1229 2397 Genesis
1241 2332 1275 2411 1,
1292 2326 1404 2421 (31.):
1432 2325 1532 2393 Vidit
1547 2324 1668 2393 omnia
1684 2348 1775 2419 quae
1790 2325 1891 2406 fecit,
1916 2335 1952 2391 et
1968 2336 2071 2392 erant

1082 2431 1184 2500 valde
1206 2432 1322 2513 bona,
1349 2430 1385 2497 id
1409 2441 1481 2510 est,
1508 2429 1552 2496 ab
1576 2427 1655 2518 ipso
1680 2426 1866 2511 ordinata,
1892 2426 2068 2518 placentia

1080 2533 1132 2615 ei,
1161 2546 1195 2601 et
1210 2532 1383 2602 destinata
1402 2532 1549 2600 adfines
1564 2531 1691 2598 bonos.
1729 2527 1840 2598 Errat
1855 2542 1973 2598 autem
1990 2524 2069 2620 phi-

1079 2631 1242 2727 losophia
1266 2636 1341 2704 sine
1363 2632 1524 2702 doctrina
1551 2631 1692 2700 coelesti
1712 2631 1916 2701 existimans
1934 2632 2068 2713 omnia,

1080 2762 1171 2831 quae
1192 2761 1288 2808 nunc
1313 2736 1351 2803 in
1375 2747 1504 2804 natura
1519 2730 1677 2802 hominis
1694 2733 1826 2816 cernit,
1851 2745 1893 2801 ut
1907 2746 2068 2802 errantes

1079 2841 1315 2932 appetitiones
1347 2852 1382 2906 et
1411 2851 1564 2905 mortem
1598 2836 1647 2905 sic
1678 2835 1820 2903 condita
1845 2847 1881 2903 et
1902 2836 2065 2903 ordinata

1079 2968 1164 3014 esse.
1215 2939 1298 3012 ldeo
1314 2940 1521 3010 Aristoteles
1538 2962 1744 3033 quanquam
1763 2937 1859 3007 videt
1879 2937 2066 3010 dissimiles

1078 3070 1151 3115 esse
1175 3046 1321 3115 allectus
1345 3044 1382 3112 in
1405 3038 1571 3126 homine,
1605 3042 1694 3110 alios
1715 3065 1796 3109 cum
1819 3040 1959 3110 ratione
1981 3065 2066 3109 con-

1077 3161 1264 3238 gruentes,
1303 3147 1392 3216 alios
1419 3158 1638 3237 pugnantes,
1671 3157 1790 3213 tamen
1814 3143 1919 3212 initio
1941 3167 2065 3213 onmes

1076 3275 1150 3322 esse
1165 3264 1283 3320 motus
1300 3250 1480 3319 naturales
1500 3261 1535 3317 et
1551 3248 1793 3316 indifferentes
1810 3245 1954 3316 iudicat.

1177 3354 1247 3422 Sed
1277 3352 1439 3421 doctrina
1470 3349 1647 3421 Ecclesiae
1674 3350 1867 3418 discrimen
1897 3350 2064 3431 ostendit,

1075 3480 1166 3550 quae
1182 3458 1303 3539 docet,
1329 3457 1392 3548 qui
1407 3454 1479 3523 sint
1494 3455 1638 3522 affectus
1654 3452 1787 3521 conditi
1803 3463 1838 3519 et
1853 3451 2009 3520 ordinati
2028 3453 2064 3520 iu

1074 3572 1203 3627 natura
1218 3555 1395 3641 hominis,
1421 3557 1533 3650 etqui
1550 3578 1625 3624 nou
1639 3555 1710 3623 sint
1728 3554 1875 3624 conditi.
1926 3554 2062 3624 Aristo-

1075 3663 1160 3731 teles
1179 3675 1296 3730 autem
1314 3657 1382 3728 hoc
1400 3659 1591 3728 discrimen
1613 3657 1803 3747 ignorans,
1830 3680 1939 3747 genus
1956 3682 2062 3749 appe-

1074 3765 1242 3834 titionum
1282 3763 1462 3846 intuetur,
1507 3775 1542 3830 et
1572 3761 1669 3856 quod
1700 3762 1746 3827 ad
1778 3784 1888 3850 genus
1924 3763 2062 3842 attinet,

1074 3881 1167 3936 recte
1190 3866 1315 3951 sentit,
1355 3877 1521 3957 oportere
1546 3862 1849 3932 inanimantibus
1873 3863 2061 3954 appetitio-

1073 3995 1135 4040 nes
1158 3995 1251 4052 esse,
1289 3982 1329 4038 ut
1351 3971 1503 4051 tarnem,
1535 3967 1652 4049 sitim,
1678 3967 1853 4035 dolorem.
1905 3965 1998 4057 Quia
2022 3960 2060 4031 hi

1073 4085 1192 4142 motus
1221 4072 1371 4141 incitant
1400 4071 1713 4164 adquaerendam
1739 4068 1909 4158 pabulum
1937 4079 1973 4135 et
1997 4091 2060 4156 po-

1074 4188 1169 4259 tum,
1190 4188 1225 4243 et
1240 4178 1284 4243 ad
1300 4174 1466 4264 fugienda
1484 4198 1543 4256 ea,
1570 4197 1661 4266 quae
1676 4183 1843 4239 naturam
1859 4170 2058 4238 destruunt.

1073 4278 1129 4347 Sic
1150 4279 1195 4347 de
1216 4303 1344 4369 genere
1359 4278 1528 4371 loquens,
1562 4275 1695 4363 cogitat
1725 4284 1891 4362 oportere
1922 4270 1960 4339 in
1981 4296 2058 4340 cor-

1073 4382 1175 4451 dibus
1199 4405 1273 4450 csse
1296 4380 1488 4460 laetitiam,
1515 4375 1750 4456 moestitiam,
1777 4398 1959 4458 amorem,
1984 4400 2057 4443 me-

1072 4497 1169 4566 tum,
1196 4509 1313 4575 spem,
1338 4483 1449 4564 iram,
1473 4478 1777 4560 misericordiam,
1809 4491 1851 4547 ut
1871 4478 2056 4569 impellant

1073 4590 1117 4655 ad
1133 4589 1326 4678 expetenda
1343 4581 1609 4663 convenientia,
1634 4594 1667 4649 et
1683 4581 1850 4670 fugienda
1865 4581 2058 4650 contraria.

1070 4689 1117 4759 Et
1133 4713 1255 4759 verum
1271 4701 1343 4769 est,
1370 4687 1418 4755 ita
1441 4685 1583 4754 condita
1601 4696 1653 4754 est
1665 4696 1813 4767 natura,
1839 4696 1879 4752 ut
1893 4683 1981 4752 tales
1996 4706 2057 4774 ap-

1072 4792 1260 4883 petitiones
1284 4806 1319 4859 et
1342 4790 1487 4858 affectus
1500 4787 1572 4860 sint
1589 4786 1738 4857 calcaria
1754 4789 1932 4856 honarum
1947 4786 2056 4854 actio-

1104 4997 1153 5054 96)
1172 4996 1199 5044 itl
1217 4995 1244 5045 itt
1264 4990 1404 5051 doetrina]
1421 4989 1464 5039 alc
1480 4990 1557 5039 recte
1575 4987 1642 5039 udo.
1657 4987 1732 5039 toto.
1747 4991 1774 5037 et
1791 4986 1883 5049 ¹⁶⁵ss
1900 4985 1966 5036 ΕΜ.
1983 4985 2056 5035 1557.

1086 5061 1091 5073 '
1140 5065 1215 5115 156⁰.
1235 5063 1260 5112 tr
1279 5064 1338 5125 est,
1357 5058 1491 5110 doctriua.

1104 5151 1153 5211 su
1171 5151 1277 5209 centu]
1299 5148 1339 5197 nc
1355 5146 1424 5196 ran.
1440 5140 1534 5203 isat„
1555 5142 1628 5193 tosa.
1642 5147 1671 5192 n
1688 5142 1779 5203 taso.;
1802 5139 1852 5191 aa.
1869 5138 1943 5191 taso.
1957 5139 2056 5191 sense.

1103 5236 1152 5294 98)
1169 5247 1216 5282 res
1243 5232 1353 5283 condita
1376 5231 1469 5281 aneo
1485 5251 1522 5263 -
1544 5227 1580 5276 ad
1602 5227 1841 5276 consemttonan
1865 5224 1991 5288 spectet]
2014 5224 2056 5272 ste

1068 5342 1083 5373 s
1137 5302 1204 5354 ndo.
1224 5302 1307 5357 tuot.
1335 5298 1410 5350 tm.
1429 5300 1457 5348 et
1476 5296 1570 5358 15ης
1602 5296 1651 5346 lto.
1672 5295 1747 5346 tuo.
1770 5306 1817 5345 res
1834 5294 1944 5345 eoudtta
1961 5297 1989 5341 et
2005 5302 2055 5341 or-

1137 5372 1231 5422 ttuntr
1248 5381 1266 5421 ι
1283 5372 1357 5429 neo,
1376 5371 1404 5419 et
1420 5367 1457 5418 ot
1473 5365 1554 5415 roes
1571 5364 1705 5427 nttqnen,
1728 5363 1781 5414 tos
1800 5366 1861 5428 en,
1884 5362 1920 5413 nt
1936 5372 2054 5412 conan-

1138 5439 1276 5494 vntlouen
1294 5438 1396 5504 spectet
1415 5437 1463 5488 aut
1480 5433 1612 5485 tadtvtdnl
1629 5432 1777 5484 dertlnatn
