4544 5766
75 202 177 277 107⁷
401 202 459 277 xi.
518 171 1748 292 aaanmrrooaartonrs·’crcaaou1sonouunaaa
1989 222 2089 299 rore

71 377 111 444 in
121 372 333 470 etsiliadtt).
405 372 617 474 compilarit]
644 377 775 448 scilicet
788 379 924 448 furatus
938 379 983 450 sit
997 380 1054 448 vel
1106 388 1176 446 tem
1192 377 1298 467 legis,
1329 378 1419 448 sicut
1435 378 1491 448 ille
1506 382 1607 466 fecit,
1634 387 1790 478 quicum
1806 392 2087 486 depopularetur

70 479 153 570 pilis
170 479 389 571 pervellerit,
414 479 463 548 sic
476 481 697 550 fraudaverit
712 484 820 564 lurto,
847 494 886 550 ut
902 506 946 550 ne
960 482 1051 573 pilos
1104 504 1208 568 agros
1224 492 1346 564 nocte,
1370 493 1405 549 et
1420 481 1718 575 interrogaretur,
1751 517 1859 586 quam
1878 499 1924 567 ob
1939 522 2083 573 causam

69 582 216 674 quidem
234 581 272 648 in
287 606 435 673 corpore
450 581 609 672 spoliatis
621 583 816 677 reliquerit.
900 580 987 681 Api]
1015 585 1052 653 id
1103 582 1140 652 id
1157 584 1308 666 taceret,
1335 607 1397 652 cur
1418 608 1464 652 ne
1487 609 1561 655 non
1585 601 1694 660 staret
1708 596 1910 684 promissis,
1936 623 2085 695 respon·-

69 697 142 768 est,
179 684 331 754 exerceri
354 684 496 755 iudicia.
595 690 703 756 Notae
721 688 896 780 quaedum]
922 686 1053 757 scilicet
1103 685 1174 767 dit,
1212 686 1322 754 lactas
1355 710 1429 756 esse
1461 686 1621 761 inducias
1653 695 1741 780 diei,
1787 723 1862 769 non
1895 704 2084 806 noctisfl).

68 800 152 877 post
169 789 278 859 fastos
298 788 410 857 editos
438 801 715 877 composuerunt
742 789 913 858 formulas
944 790 1051 858 actio·
1104 788 1362 880 Gotmptionem]
1389 788 1456 858 Hic
1472 791 1619 882 ponitur
1635 821 1701 888 pro
1718 815 1919 890 contractu,
1947 831 2019 900 quo
2043 812 2084 881 fit

68 913 172 960 ruam.
242 889 413 980 Oportuit
444 889 547 958 certis
580 890 695 960 verbis
726 915 804 961 rem
835 914 1050 983 proponere,
1102 891 1381 960 materfamilias.
2022 930 2028 939 ·

68 1004 166 1061 certa
186 992 352 1062 formula.
402 990 589 1061 Transfert
607 992 793 1063 consilium
815 993 957 1078 callide,
988 996 1049 1067 sed
1202 991 1289 1084 Cap.
1312 990 1400 1063 Xlll.
1434 990 1467 1084 ἓ.
1492 997 1553 1068 28.
1593 1002 1726 1096 ltaque]
1760 1006 1947 1083 Conclusio
1975 1009 2081 1086 huius

66 1096 159 1164 bene
175 1094 345 1184 potuisset
359 1093 461 1163 aliter
479 1095 606 1164 dicere.
681 1096 806 1188 Notae]
829 1097 1049 1167 scilicetlor·
1099 1094 1306 1184 syllogismi.
1357 1095 1491 1168 Omnes
1512 1112 1604 1170 artes
1619 1104 1750 1176 debent
1773 1105 1902 1183 habere
1928 1118 2082 1207 dignita·

65 1198 183 1266 mulas
197 1196 395 1280 actionum,
429 1221 518 1290 quas
535 1196 797 1287 excogitarunt,
826 1211 866 1268 ut
891 1224 949 1271 res
971 1202 1046 1293 ipsa
1099 1207 1170 1264 tem
1203 1208 1238 1265 et
1263 1197 1463 1270 utilitatem.
1531 1199 1598 1271 lsta
1621 1229 1679 1275 ars
1701 1227 1862 1284 versatur
1881 1230 2018 1290 tautum
2042 1220 2079 1289 in

67 1325 129 1370 eos
145 1295 306 1370 adhiberi
323 1300 361 1368 in
376 1300 543 1369 iudicium
559 1313 712 1390 cogeret.
1097 1284 1234 1369 levibus
1251 1302 1372 1369 rebus:
1400 1326 1483 1392 ergo
1501 1327 1576 1372 non
1599 1321 1652 1377 est
1672 1311 1836 1402 dignitas.
1916 1326 2078 1396 correpta.

171 1402 257 1494 Cap,
272 1400 346 1473 Xll.
374 1400 404 1492 ξ.
418 1401 480 1476 26.
504 1404 623 1494 Immo]
638 1401 756 1471 Verba
770 1415 852 1473 sunt
867 1404 931 1474 rei.
987 1407 1047 1473 Iu·
1097 1402 1164 1493 rie]
1202 1402 1391 1472 Paululum
1426 1405 1612 1495 mitigavit.
1720 1419 1911 1515 consulere]
1950 1429 2080 1501 scilicet

66 1507 208 1594 dicium]
236 1505 271 1573 id
288 1518 355 1587 est,
378 1516 498 1597 postea
517 1503 624 1573 iudex
640 1506 774 1576 tulisset
787 1507 910 1596 legem.
974 1511 1047 1576 No-
1098 1503 1258 1572 doctrina
1276 1505 1348 1572 iam
1364 1507 1569 1597 pervulgata
1590 1523 1624 1579 et
1638 1514 1744 1587 edita.
1815 1525 1978 1623 Sapiens]
1993 1533 2080 1603 Am·

64 1610 217 1698 tue-raud]
257 1608 387 1679 scilicet
414 1607 665 1678 iurisconsulti.
729 1607 887 1678 Mimesis
922 1619 973 1677 est
987 1607 1045 1700 56).
1097 1605 1265 1696 plificatio
1281 1630 1300 1675 a
1315 1608 1415 1692 loco,
1441 1611 1578 1680 nullum
1595 1637 1667 1684 esse
1683 1643 1804 1705 usum,
1829 1627 1896 1695 nisi
1918 1631 1955 1699 in
1978 1635 2079 1710 urbe.

63 1713 180 1780 Manu
201 1709 402 1802 camertem]
434 1706 503 1779 hoc
534 1723 604 1792 est,
643 1723 684 1780 ut
715 1734 879 1781 conseras
906 1734 1044 1779 mecum
1096 1711 1259 1800 Prolutis]
1286 1711 1322 1778 id
1348 1724 1419 1793 cst,
1445 1715 1670 1805 pervulgatis.
1771 1730 1826 1795 De
1847 1735 1987 1826 scripto]
2013 1737 2077 1808 Di„

63 1834 233 1896 manum,
265 1825 455 1882 ntmecum
471 1812 509 1880 in
524 1811 655 1882 iudicio
671 1812 922 1904 congrediaris.
974 1812 1046 1903 Qui
1095 1810 1244 1878 lemma:
1286 1812 1324 1882 Si
1339 1813 1393 1903 ius
1411 1827 1463 1883 est
1478 1816 1667 1908 scripturn,
1700 1847 1843 1914 possum
1858 1831 1986 1922 legere.
2038 1842 2077 1913 Si

62 1913 253 2003 litigabant
268 1915 386 2010 aliqua
401 1918 444 1984 de
459 1939 517 1999 re,
549 1927 591 1984 ut
611 1916 654 1984 de
676 1939 781 2006 agro,
812 1915 865 1984 illi
889 1916 1045 2007 prolere-
1097 1925 1149 1981 est
1164 1913 1359 1999 incertum,
1385 1917 1563 1986 tunclicet
1587 1931 1827 2013 argumentari
1848 1933 1886 2002 in
1908 1931 1999 2010 hanc
2019 1946 2077 2015 vel

60 2016 153 2085 bant
172 2017 330 2106 glebam,
363 2031 398 2086 et
422 2031 571 2112 uterque
593 2017 789 2109 attingebat
810 2043 901 2088 eam.
959 2015 1044 2086 lude
1095 2014 1194 2084 illam
1210 2029 1368 2107 partem,
1392 2018 1431 2087 in
1448 2044 1556 2112 quam
1573 2025 1667 2097 volo.
1746 2035 1986 2138 consuluntur]
2010 2047 2076 2117 sci-

65 2118 191 2190 dicunt
210 2121 337 2189 factam
359 2144 431 2191 csse
450 2121 663 2203 formulam,
693 2145 877 2192 conserere
898 2144 1044 2191 manum
1094 2117 1177 2187 licet
1190 2143 1282 2212 quae
1295 2145 1371 2189 non
1385 2135 1468 2190 sunt
1482 2123 1624 2216 scripta.
1934 2178 1937 2182 -

63 2221 196 2292 scilicet
217 2223 427 2293 iudicialiter
436 2223 496 2316 ω).
569 2225 763 2317 Petebatur]
796 2224 928 2294 scilicet
952 2248 1044 2293 reus.
1198 2221 1303 2310 §.22
1340 2226 1548 2313 Quapropter
1567 2253 1633 2299 nou
1655 2231 1780 2333 subm]
1812 2237 1920 2312 Redit
1942 2245 1980 2315 in
2001 2252 2077 2342 ple.

63 2323 182 2394 Verba
198 2339 281 2395 sunt
293 2326 357 2395 rei.
416 2325 567 2417 Utrique
591 2328 685 2417 parti
707 2328 969 2418 respondebant
991 2326 1044 2395 iu·
1096 2321 1234 2392 niorem
1249 2335 1285 2392 et
1298 2325 1540 2396 sonantiorem
1564 2330 1693 2404 locum.
1768 2343 1957 2446 Matutae]
1983 2353 2074 2424 scili-

63 2428 287 2510 riscousulti,
313 2429 368 2497 vel
392 2442 562 2498 oratores.
641 2431 804 2499 libieiuia
819 2429 953 2520 Latiari]
980 2429 1044 2497 sci·
1096 2427 1241 2509 cetfitri
1258 2440 1429 2497 oratores·
1467 2426 1530 2498 Εδῑ
1545 2435 1725 2506 10110111δί0
1742 2443 1940 2520 collationis
1955 2469 2074 2529 orato-

63 2530 147 2611 licet,
162 2556 315 2623 quorum
330 2556 414 2602 usus
430 2543 505 2600 erat
520 2530 559 2597 in
576 2527 714 2600 Latinis
728 2533 843 2615 seriis,
864 2530 1044 2625 inquibus
1095 2551 1173 2597 rum
1200 2542 1234 2597 et
1257 2528 1598 2604 iurisconsultorum.
1663 2540 1774 2609 Multa
1800 2551 2032 2640 requiruntur
2052 2584 2073 2631 a

62 2629 163 2701 chori
189 2628 411 2703 habebantur
433 2647 468 2703 et
491 2628 749 2703 adhibebantur
769 2633 948 2717 tibicines,
981 2634 1043 2727 qui
1093 2641 1241 2714 natrua,
1265 2632 1375 2701 multa
1395 2631 1503 2701 etiam
1524 2658 1544 2702 a
1570 2639 1730 2711 doctrina
1754 2647 1800 2714 ad
1822 2649 2074 2746 eloquentiam,

63 2735 329 2826 applaudebant
359 2736 430 2804 iam
459 2733 560 2818 huic,
596 2735 667 2803 iam
689 2736 741 2804 illi
764 2733 885 2808 choro.
952 2735 1043 2805 Vide
1093 2728 1276 2831 Auloedos]
1296 2734 1452 2805 Pseiffcr.
1530 2740 1748 2842 opturata]
1764 2746 2073 2854 Lautensehleger.

63 2837 234 2907 Ovidium
249 2839 287 2907 in
302 2837 481 2933 Fastisae).
560 2840 707 2929 Vocusti]
724 2840 856 2910 scilicet
871 2851 911 2908 ut
927 2851 1041 2908 tecum
1093 2839 1172 2904 Nou
1183 2834 1435 2935 potueriut⁰⁰)]
1460 2835 1607 2910 Nullum
1628 2869 1717 2936 opus
1737 2846 1933 2928 humanum
1950 2862 2073 2937 diffici-

61 2943 297 3024 contendam,
323 2942 428 3010 etiam
445 2954 477 3011 te
494 2965 603 3021 voco,
628 2953 821 3012 utmecum
840 2943 1043 3012 contendas.
1093 2937 1161 3007 lius
1177 2952 1246 3021 est,
1273 2963 1379 3032 quam
1397 2945 1523 3010 dicere.
1574 2944 1709 3017 Nullibi
1725 2954 1820 3025 enim
1837 2962 1948 3052 magis
1964 2991 2074 3061 appa.

62 3042 179 3124 Totus
197 3043 255 3112 ille
271 3046 370 3113 locus
386 3058 437 3114 est
451 3068 612 3134 aspersus
631 3043 754 3114 ironiis
769 3058 804 3113 et
818 3045 906 3115 salse
931 3057 966 3112 et
987 3069 1042 3112 ca·
1095 3041 1220 3109 retvis
1244 3041 1396 3132 ingenii,
1428 3067 1533 3139 quarn
1556 3045 1776 3127 indicendo.
1858 3066 2072 3174 Salubritas]

60 3145 238 3215 lumniosa
262 3147 375 3216 dictis.
464 3151 572 3219 Genua
593 3151 831 3233 uirrdicueeris]
864 3146 1042 3215 Vindicia·
1093 3143 1223 3212 scilicet
1238 3147 1405 3217 remedia.
1480 3152 1525 3217 lu
1540 3147 1624 3248 qua]
1649 3155 1781 3228 scilicet
1794 3160 2008 3257 eloquentia.

60 3274 143 3320 rum
164 3248 209 3319 lis
230 3262 301 3333 est,
333 3249 371 3317 in
388 3200 457 3342 δια
474 3249 553 3341 quis
567 3273 643 3317 rem
661 3248 836 3331 vindicat,
862 3251 926 3320 das
947 3250 1042 3318 scine
1195 3247 1281 3338 Cap.
1297 3245 1396 3323 XIV..
1414 3244 1444 3337 ἓ
1459 3249 1519 3320 30.
1545 3251 1664 3353 Duae]
1684 3257 1863 3351 Repetitio
1877 3274 2072 3348 conclusio.

60 3347 303 3444 ansprechen,
328 3348 397 3421 hoe
420 3364 491 3433 est,
523 3350 690 3421 estlisde
706 3377 744 3421 re
758 3347 971 3420 retrahenda
987 3353 1042 3419 vel
1093 3349 1159 3418 nis.
1260 3354 1313 3420 At
1332 3347 1410 3447 hoc]
1443 3353 1574 3421 scilicet
1597 3372 1759 3446 oratore,
1800 3372 1896 3460 quod
1916 3380 2073 3464 praefert

60 3457 161 3523 dere
178 3455 306 3524 amissa
329 3455 585 3545 recuperanda.
852 3498 858 3511 ·
1093 3478 1169 3520 rem
1198 3451 1386 3520 militarem
1419 3455 1583 3524 omnibus
1604 3460 1749 3554 reliquis
1773 3469 1927 3557 artibus,
1963 3482 2071 3553 etiam

167 3555 197 3647 δ’.
215 3558 276 3631 27.
315 3563 407 3629 Num
432 3558 548 3650 quum]
580 3553 764 3645 Exempla.
846 3559 1041 3646 Voluerunt]
1092 3554 1327 3647 eloquentiae.
1393 3554 1610 3656 Iupeuioeus]
1635 3563 1765 3635 scilicet
1773 3567 1921 3645 Ennius.
1979 3587 2071 3657 Iler.

59 3659 194 3730 scilicet
209 3640 366 3729 velerum
382 3659 643 3748 legumlatores.
704 3662 945 3750 coemptiones]
959 3660 1041 3728 b'on
1093 3650 1209 3751 eidus]
1237 3655 1459 3752 Horridum)
1482 3660 1667 3749 tegendum
1685 3680 1736 3737 est
1756 3689 1903 3766 propter
1918 3705 2071 3762 versum.

62 3775 151 3853 puto
174 3758 233 3831 hic
252 3763 468 3852 significare,
492 3762 595 3831 sicut
622 3759 718 3830 alibi.
783 3760 850 3829 llic
871 3762 1042 3850 significat
1094 3763 1186 3844 Quod
1198 3755 1250 3855 ei]
1280 3759 1443 3830 Clausula
1464 3786 1529 3831 seu
1551 3768 1738 3842 traductio.
1789 3775 1918 3849 Nostra
1941 3810 1998 3857 ars
2020 3803 2072 3860 est

59 3877 201 3935 tautum
226 3865 454 3957 emptionem.
518 3862 598 3933 lure
630 3857 858 3933 constitutum
888 3876 958 3946 est,
997 3888 1041 3932 ne
1092 3863 1206 3954 prima
1225 3874 1371 3953 propter
1387 3887 1462 3933 rem
1478 3865 1687 3940 militarem:
1714 3899 1796 3967 ergo
1818 3881 1875 3951 illa
1896 3909 1952 3956 rcs
1969 3892 2092 3962 debet‘

60 3968 300 4038 venderentur
314 3966 542 4038 monasteria.
590 3963 728 4060 Aliquis
753 3977 870 4034 autem
893 3991 1041 4058 occupa·
1093 3991 1165 4036 csse
1182 3964 1317 4055 prima,
1343 3979 1492 4058 propter
1507 3992 1614 4063 quam
1631 3973 1751 4049 civitas
1766 3994 1817 4050 est
1832 3987 1958 4074 prima.

61 4070 113 4138 vit
128 4071 405 4155 monasterium,
431 4082 470 4138 ut
484 4068 727 4139 arendaretur.
778 4068 844 4137 Hic
866 4080 919 4139 cst
940 4093 1042 4160 prae-
1195 4066 1225 4157 ᾗ.
1241 4068 1301 4137 31.
1332 4075 1454 4141 Verum
1468 4070 1663 4171 bucellato]
1681 4077 1876 4181 Tertiusffl)
1892 4089 1989 4160 locus
2003 4092 2071 4164 fuit

59 4185 189 4243 textus.
256 4160 379 4267 Nequi
412 4185 532 4241 numen
561 4183 717 4240 meretur
746 4171 801 4242 ius
835 4171 1042 4263 vituperari,
1093 4170 1235 4239 collatio
1251 4171 1303 4240 rei
1317 4172 1480 4243 militaris
1497 4198 1576 4243 cum
1596 4176 1674 4246 aliis
1693 4183 1838 4255 artibus.
1888 4189 1992 4260 Nunc
2008 4198 2070 4266 ad·

60 4274 203 4345 etiamsi
242 4277 360 4346 callidi
394 4275 539 4369 quidam
569 4269 731 4343 homines
763 4297 805 4341 eo
839 4275 1042 4345 abutantur.
1093 4273 1145 4342 dit
1168 4275 1476 4366 amplificationem
1507 4300 1626 4346 rerum
1648 4279 1686 4349 in
1706 4282 1789 4354 Asia
1823 4304 1999 4378 gestarum
2029 4324 2071 4369 ex

58 4378 258 4449 llominum
273 4391 356 4449 sunt
371 4379 477 4462 vitia,
502 4401 577 4446 non
599 4375 742 4445 artium.
817 4376 1041 4470 Aequitatem]
1092 4376 1177 4445 belli
1196 4378 1440 4467 rrrargnitudine
1455 4390 1491 4448 et
1509 4377 1724 4455 difficultate.
1772 4388 1933 4464 Primum
1951 4413 2069 4471 autem

59 4481 232 4572 Disputat
251 4485 294 4551 de
315 4482 466 4573 scripto,
499 4494 534 4549 et
555 4481 599 4548 de
623 4477 814 4558 sententia,
847 4480 943 4570 quod
963 4479 1043 4549 finis
1092 4475 1321 4571 reprehendit
1334 4479 1496 4569 generale
1510 4482 1706 4554 convicium
1723 4492 1846 4580 gentis.
1875 4498 2069 4575 Catoenim

57 4583 150 4674 legis
164 4583 227 4668 sit,
253 4586 396 4678 quando
414 4585 520 4652 verba
539 4584 776 4651 defenduntur
797 4594 921 4649 contra
944 4606 1042 4651 men·
1094 4596 1285 4652 extenuans
1307 4607 1363 4651 res
1380 4583 1552 4654 Asiaticas
1574 4587 1730 4674 dixerat,
1761 4618 1838 4664 cum
1864 4602 2071 4679 mulieribus

1093 4686 1260 4753 bellatum
1279 4708 1362 4754 esse.
1415 4685 1538 4755 Cicero
1556 4703 1678 4759 contra
1698 4700 1851 4769 ostendit
1863 4708 1974 4775 multa
1989 4734 2069 4780 cum

93 4836 146 4895 aa)
162 4831 273 4886 traam
289 4832 370 4896 stag.
389 4828 450 4881 chit.
468 4827 488 4877 1.
505 4830 576 4877 cent.
590 4827 636 4879 111.
651 4839 729 4891 prov.
740 4826 783 4878 es
1094 4787 1238 4857 Graccis
1259 4799 1294 4854 et
1306 4787 1469 4858 Asiaticis
1493 4814 1615 4882 aspera
1640 4795 1731 4866 bella
1754 4805 1888 4895 populo
1903 4809 2069 4881 Romano

95 4923 147 4984 116)
164 4921 321 4971 Melanthea
338 4918 366 4966 tn
384 4917 587 4967 Elementorum
605 4916 765 4965 Rhetoricae
782 4915 826 4965 tib.
840 4915 872 4964 11.
896 4915 937 4965 ste
954 4915 1043 4976 exptt·
1093 4946 1298 4959 ....-.-

131 4985 724 5124 iilerduliiiirirslsiaiiiiiielitaiiiiiiimde'rtisim
736 4985 1043 5115 l'ltltiritldrjilsbblbldd
1127 5032 1176 5091 5⁹)
1195 5028 1267 5080 vlle
1284 5040 1370 5093 ⁵¹¹⁹ra
1386 5042 1413 5092 l·
1427 5030 1475 5082 ²³¹
1490 5043 1532 5097 ⁸l·
1550 5037 1616 5087 ¹1⁰l⁸
1626 5037 1668 5091 ³⁹·

133 5129 198 5178 t'ot.
209 5126 281 5177 xta.
301 5140 327 5188 p.
339 5125 417 5188 473„
446 5123 492 5171 ubi
514 5134 563 5184 pro
588 5125 702 5188 μίμησις
718 5134 815 5172 errore
832 5127 943 5187 typogr.
961 5115 1044 5186 μικὴ-
1127 5118 1176 5174 61))
1192 5117 1356 5180 ιιο1υιτ1η1]
1374 5114 1416 5165 sto
1432 5117 1483 5171 Ed.
1499 5118 1574 5171 1568.
1595 5124 1622 5171 et
1638 5123 1692 5188 αις
1716 5125 1765 5177 tta
1785 5128 1870 5179 orell.
1886 5135 2051 5194 potuerunt.

133 5210 176 5254 ms
196 5197 308 5260 lenitur·
1129 5203 1177 5261 61)
1195 5197 1340 5263 Horridu'J
1364 5201 1405 5252 sle
1428 5203 1529 5268 legttur
1551 5205 1580 5255 tn
1603 5209 1684 5260 ram
1707 5212 1869 5268 traginentts
1898 5228 1916 5267 a
1939 5219 2071 5274 cotum

97 5283 149 5343 57)
166 5282 245 5335 cont.
265 5282 431 5341 Schweppe,
455 5276 532 5325 aum.
551 5274 744 5335 Rechtsgesctr.
761 5274 816 5325 und
833 5274 1044 5328 flechtsatterth.
1161 5271 1300 5337 conque,
1324 5283 1411 5324 tecue.
1433 5283 1523 5325 accur.
1539 5277 1667 5327 flessetio
1686 5293 1710 5342 p.
1722 5282 1765 5330 811.

136 5354 161 5407 ³.
179 5352 255 5403 Auss.
272 5363 299 5400 v·
318 5347 457 5407 Gtfiss‘flflf
474 5342 573 5411 1567·
593 5344 692 5408 1)·971·
1129 5357 1178 5417 62)
1196 5357 1320 5418 Terttus]
1339 5358 1367 5409 tu
1384 5359 1433 5411 td.
1448 5360 1524 5414 1168.
1547 5362 1608 5413 huto
1625 5361 1686 5413 voct
1708 5367 1830 5416 auctoris
1855 5381 1952 5423 nomen
1977 5377 2070 5439 „ppt

98 5434 147 5503 ³8)
166 5435 247 5490 ortt.
266 5434 343 5485 ttaet.
361 5432 410 5501 vt,
427 5430 478 5483 att
499 5443 561 5493 sqq.
1164 5427 1211 5489 ltp.
1228 5424 1553 5541 mmet.gprpeuu
1570 5433 1622 5483 ast,
