4544 5766
49 221 130 303 425
294 222 358 300 lv,
407 216 749 300 commutant]
779 223 830 301 ut
860 222 1103 302 LIBRUMI.
1134 220 1472 298 romuleorum
1504 212 1830 294 laureanus.
1998 211 2077 289 426

51 396 202 469 ridicule
216 396 402 491 disputant
409 397 520 469 Stoici
531 411 567 470 et
581 398 659 485 alii,
685 423 873 495 quaecum
887 425 963 471 non
976 397 1041 470 ha·
1192 399 1389 492 Postquam
1410 392 1474 466 has
1499 393 1642 486 imperii
1672 405 1707 462 et
1735 388 1915 462 servitutis
1943 387 2076 479 species

49 505 162 572 beant
176 501 263 572 satis
278 503 399 572 firmas
414 526 555 587 causas,
580 501 658 573 iure
673 504 926 595 repudiantur,
951 505 1042 574 sicut
1091 502 1299 594 proposuit,
1325 503 1428 570 docet
1443 523 1501 569 eas
1513 497 1552 566 in
1567 496 1700 566 familia
1719 496 1877 565 existere.
1921 490 2015 562 Nam
2030 490 2078 558 ad

51 605 92 675 in
110 604 290 675 medicina
313 617 376 675 aut
397 601 670 675 architectonica
688 607 799 677 multa
818 607 1041 690 reficiuntur,
1091 605 1248 674 familiae
1269 603 1485 694 imaginem,
1524 611 1647 694 postea
1672 599 1851 669 civitatem
1875 593 2078 675 constituet,

49 708 91 777 in
120 707 251 801 quibus
282 708 445 801 quamvis
474 709 684 800 inspeciem
712 711 887 804 quaedam
910 710 1040 780 similia
1092 708 1173 776 ideo
1188 708 1344 800 primum
1360 707 1472 776 multa
1488 705 1532 772 de
1556 702 1762 772 oeconomia
1784 701 1953 790 disputat.
2009 695 2081 766 Pa·

50 810 131 880 reri
149 810 279 893 insint,
303 823 424 880 tamen
438 836 549 905 quum
571 811 701 904 agitata
725 825 761 882 et
782 836 922 883 excussa
948 825 1042 897 sunt,
1092 811 1299 880 terfamilias
1319 810 1526 878 dominatur
1547 806 1656 876 servia
1677 801 1919 891 δεσποτικῶς,
1956 796 2079 867 liberis

50 913 141 983 vitia
155 908 484 1005 deprehenduntur.
1093 913 1189 1005 regia
1206 913 1469 995 dominatione,
1495 910 1533 977 in
1553 932 1701 977 uxorem
1726 907 1848 974 mitius
1869 928 1943 972 esse
1966 901 2080 992 impe·

157 1016 228 1087 Sed
248 1018 357 1085 redeo
380 1018 426 1086 ad
445 1015 693 1099 Aristotelem,
732 1027 773 1086 ut
793 1011 888 1086 hunc
911 1017 1042 1100 locum,
1092 1019 1189 1087 rium
1207 1016 1389 1099 convenit,
1417 1015 1514 1108 quod
1528 1005 1716 1084 πολιτικὸν
1730 1020 1834 1077 vocat
1848 1008 1952 1075 affine
1966 1003 2078 1094 regi0·

52 1143 127 1214 quo
143 1118 183 1188 iu
199 1115 268 1188 hoc
283 1119 402 1211 primo
417 1118 510 1189 libro
528 1143 603 1187 non
626 1118 716 1189 alius
740 1132 793 1188 est
815 1120 958 1203 utilior,
984 1143 1043 1187 ex·
1196 1119 1264 1188 Hic
1286 1118 1459 1210 disputari
1479 1117 1588 1199 solet,
1621 1136 1731 1207 quare
1754 1110 1961 1180 Aristoteles
1985 1108 2080 1175 dicat

52 1224 201 1316 plicem:
229 1247 340 1315 quum
355 1222 498 1313 imperii
515 1234 550 1290 et
572 1221 751 1292 servitutis
772 1221 1043 1292 similitudinem
1095 1225 1267 1315 quosdam
1296 1221 1395 1291 nasci
1420 1217 1615 1313 servos”),
1652 1240 1732 1286 cum
1754 1210 1995 1283 iurisconsulti
2016 1211 2081 1277 do·

53 1328 94 1394 in
117 1322 275 1394 hominis
295 1325 457 1416 partibus
483 1325 654 1407 ostendit,
681 1324 787 1395 simul
808 1321 1043 1417 deprehendit
1095 1338 1198 1394 ceant
1213 1326 1419 1396 servitutem
1437 1336 1587 1392 naturae
1605 1319 1822 1388 contrariam
1839 1339 1926 1398 esse,
1953 1325 1988 1381 et
2002 1312 2079 1380 iure

55 1431 144 1498 duas
165 1428 310 1520 imperii
332 1451 395 1497 seu
415 1427 567 1497 dominii
591 1425 734 1519 species.
791 1427 843 1496 Ac
865 1428 968 1497 facile
993 1439 1044 1498 est
1093 1430 1250 1498 naturali
1264 1452 1387 1497 omnes
1404 1422 1568 1495 homines
1584 1425 1628 1492 ab
1643 1421 1747 1491 initio
1767 1421 1899 1489 liberos
1922 1439 1995 1487 esse
2018 1436 2083 1481 na·

55 1531 196 1616 ridere,
228 1554 271 1599 ex
293 1525 348 1600 his
370 1543 542 1623 tanquam
569 1555 612 1599 ex
632 1529 790 1600 sontibus
818 1555 942 1600 omnes
965 1531 1043 1599 illas
1095 1543 1162 1602 tos.
1219 1531 1296 1599 Hoc
1324 1530 1373 1600 sic
1401 1529 1648 1622 explicandum
1678 1537 1741 1594 est.
1800 1521 2007 1590 Aristoteles
2038 1517 2082 1583 de

54 1633 188 1727 species
203 1632 346 1726 imperii
358 1656 399 1701 ac
412 1632 602 1717 servitutis,
618 1656 706 1726 quas
718 1646 929 1704 enumerant
941 1634 1044 1704 iuris·
1096 1657 1199 1703 causa
1220 1634 1294 1704 eius
1318 1633 1496 1703 servitutis
1516 1631 1695 1724 loquitur,
1729 1648 1837 1720 quam
1870 1623 1919 1693 sic
1951 1629 2083 1689 vocant

58 1735 230 1819 cmliii,
257 1748 354 1805 ⁰¹1²ss
370 1759 456 1807 2⁵⁸0·
1095 1737 1347 1810 iurisconsulti.
1408 1732 1651 1806 Iurisconsulti
1675 1742 1793 1800 autem
1824 1728 1867 1794 de
1901 1719 2083 1816 effectum)

157 1839 268 1909 Prior
284 1837 577 1930 speeiesvocatur
599 1831 818 1910 δεσποτικὸν
840 1836 1044 1929 imperium,
1095 1843 1312 1935 loquuntur,
1338 1841 1461 1912 sende
1485 1849 1578 1907 certa
1593 1837 1709 1904 forma
1724 1828 1916 1903 servitutis.
1965 1823 2083 1896 Servi-

58 1941 159 2036 quasi
184 1942 281 2012 dicas
303 1937 416 2010 herile
437 1939 660 2023 dominium,
694 1963 767 2034 quo
788 1941 898 2010 modo
925 1941 1044 2010 anima
1097 1957 1152 2014 tus
1174 1946 1269 2038 apud
1281 1943 1508 2016 Aristotelem
1532 1938 1705 2031 significat
1727 1932 2006 2004 imbecillitatem
2028 1927 2085 1995 in·

57 2046 212 2137 imperat
225 2043 380 2136 corpori.
433 2043 572 2135 Corpus
591 2043 686 2112 enim
702 2041 840 2133 cogitur
863 2043 1045 2136 obtempe-
1097 2048 1212 2140 genii,
1252 2049 1309 2119 cui
1331 2074 1420 2142 opus
1442 2047 1487 2118 sit
1507 2044 1584 2137 regi
1608 2042 1724 2111 alieno
1751 2037 1912 2108 consilio.
1975 2030 2084 2124 Apud

57 2171 138 2216 rare
153 2146 296 2216 animae
311 2147 461 2238 agitanti
483 2169 524 2214 ac
546 2146 724 2230 moventi,
756 2169 821 2213 nec
842 2140 951 2216 habet
969 2149 1045 2255 sine
1098 2152 1365 2224 iurisconsultus
1377 2151 1551 2244 significat
1564 2159 1696 2216 certam
1710 2135 2085 2234 formam,quavictor

59 2249 178 2318 anima
192 2249 391 2341 peculiares
404 2261 543 2332 motus,
568 2251 658 2319 sicut
680 2272 802 2319 servus
824 2250 963 2340 cogitur
983 2252 1046 2320 ob
1098 2256 1257 2325 continet
1271 2257 1395 2326 victos.
1432 2253 1479 2322 Et
1493 2252 1636 2345 quidem
1654 2248 1769 2337 litigat
1778 2240 1985 2314 Aristoteles
2002 2260 2084 2307 cum

59 2365 258 2445 temperare
272 2353 443 2437 domino,
468 2375 509 2420 ac
522 2375 670 2443 prorsus
687 2352 726 2420 in
740 2350 854 2420 alicua
871 2366 1045 2444 potestate
1096 2354 1151 2428 his
1169 2360 1232 2451 qui
1244 2360 1402 2430 sentiunt
1421 2353 1514 2426 hanc
1536 2353 1742 2423 servitutem
1766 2360 1915 2417 naturae
1943 2354 2085 2412 contra-

61 2468 129 2539 est,
154 2468 218 2525 aut
234 2456 325 2527 sicut
339 2457 490 2548 pecudes
505 2454 645 2524 vinctae
664 2466 839 2545 coguntur
857 2457 959 2550 sequi
981 2459 1046 2526 du·
1096 2461 1189 2529 riam
1205 2487 1290 2533 esse.
1341 2459 1508 2532 Ostendit
1523 2457 1618 2525 enim
1636 2454 1733 2548 quod
1749 2447 1881 2520 habeat
1903 2469 2024 2516 causas
2045 2443 2085 2510 in

61 2570 208 2631 centem.
275 2557 380 2628 Unde
404 2557 533 2628 Graeci
556 2569 680 2649 argute
702 2559 842 2648 fingunt
863 2553 1047 2653 δεσπότην
1097 2577 1226 2633 natura
1257 2565 1411 2658 positas,
1460 2559 1593 2632 scilicet
1626 2555 1904 2625 imbecillitatem
1938 2547 2085 2639 ingenii,

60 2661 192 2732 dictum
209 2685 285 2732 esse
301 2662 402 2756 quasi
416 2653 630 2754 δεσμώτην,
655 2654 724 2729 hoc
738 2672 801 2745 est,
827 2661 1045 2732 iniicientem
1098 2691 1292 2762 quaecum
1314 2678 1480 2739 nascatur
1500 2688 1579 2733 cum
1604 2655 1831 2741 hominibus,
1868 2674 2010 2722 neccsse
2031 2659 2084 2719 cst

62 2765 211 2835 vincula.
263 2763 317 2834 Ex
330 2761 397 2834 hac
412 2762 527 2855 specie
543 2763 659 2833 oritur
678 2764 903 2835 acerbissima
928 2767 1044 2836 forma
1099 2797 1158 2842 eos
1172 2771 1250 2863 regi
1269 2771 1386 2840 alieno
1404 2765 1565 2838 consilio.
1625 2763 1746 2857 siqui
1768 2758 1843 2850 regi
1866 2781 1902 2826 se
1924 2774 2085 2845 nonpa-

63 2866 223 2960 imperii,
255 2867 296 2936 in
312 2891 383 2962 qua
399 2865 565 2938 dominus
580 2866 656 2936 sine
672 2879 767 2935 certa
781 2868 857 2958 lege
872 2881 969 2939 tenet
981 2893 1046 2961 po·
1098 2875 1255 2958 tiuntur,
1281 2870 1320 2943 hi
1336 2874 1373 2942 vi
1388 2868 1616 2966 opprimendi
1638 2878 1672 2935 et
1694 2860 1900 2935 continendi
1916 2870 2018 2943 sunt,
2043 2868 2086 2925 ut

64 2982 219 3040 testatem
238 2970 332 3040 vitae
353 2983 389 3040 et
410 2969 517 3040 necis.
569 2969 694 3062 Qualis
714 2969 781 3039 fuit
801 2996 926 3062 regum
950 2975 1046 3062 apud
1097 2978 1235 3072 reliqua
1254 2978 1446 3048 multitudo
1464 2973 1602 3066 generis
1616 2965 1766 3038 humani
1784 2960 1987 3035 conservari
2002 2984 2087 3053 pos·

63 3073 231 3144 barbaros
250 3074 336 3142 olim
354 3072 539 3154 autoritas,
557 3086 592 3142 et
605 3096 700 3142 nunc
713 3074 833 3143 ferunt
847 3074 953 3143 talem
973 3099 1045 3144 esse
1097 3081 1162 3165 sit,
1201 3081 1292 3152 sicut
1314 3105 1335 3149 a
1360 3102 1509 3172 corpore
1537 3075 1718 3144 interdum
1742 3067 1901 3164 praecidi
1922 3065 2086 3133 membra

62 3178 212 3245 formam
238 3175 381 3268 imperii
401 3178 497 3267 apud
518 3175 675 3259 Turcas,
706 3175 770 3245 ubi
792 3177 958 3271 princeps
977 3202 1045 3269 pro
1099 3197 1266 3278 corrupta
1291 3194 1450 3275 oportet,
1474 3206 1519 3250 ne
1541 3192 1656 3247 totum
1680 3199 1808 3267 corpus
1830 3180 1965 3265 pereat.
2017 3165 2085 3236 Hic

63 3278 208 3348 arbitrio
231 3279 317 3350 lacit
340 3279 462 3348 omnia
483 3290 518 3347 et
540 3279 673 3349 subditi
695 3290 865 3373 tanquam
894 3283 1046 3372 pecudes
1098 3288 1207 3379 igitur
1233 3286 1493 3381 praestantiora
1517 3282 1745 3376 opprimunt,
1780 3301 1821 3345 ac
1843 3275 1880 3342 vi
1902 3271 2088 3341 continent

61 3394 235 3474 coguntur
249 3374 396 3472 p'arere,
422 3381 591 3475 quicquid
605 3382 759 3472 imperat
773 3394 960 3476 tyrannus.
1097 3390 1352 3472 imbecilliora,
1386 3388 1470 3482 quia
1493 3398 1623 3456 natura
1646 3385 1749 3453 docet
1773 3406 1859 3461 nos,
1893 3377 2087 3471 propositis

156 3483 282 3553 Altera
297 3484 441 3575 imperii
458 3485 591 3575 species
606 3484 735 3553 dicitur
756 3483 952 3579 βασιλικὸν
972 3485 1046 3555 sive
1097 3489 1255 3564 hominis
1285 3492 1464 3586 partibus,
1512 3490 1609 3584 quod
1643 3483 1902 3580 praestantiora
1933 3481 2088 3549 debeant

62 3581 248 3659 πολιτικὸν
277 3585 492 3678 imperium,
526 3583 595 3656 hoc
628 3599 698 3670 est,
731 3589 830 3679 regia
849 3613 912 3658 seu
936 3587 1046 3657 civilis
1099 3621 1260 3689 praeesse
1276 3621 1316 3664 ac
1331 3592 1521 3665 dominari.
1572 3591 1790 3684 Quanquam
1806 3608 1977 3682 quorsum
1996 3606 2087 3675 opus

63 3687 280 3773 dominatio,
314 3690 497 3783 quomodo
519 3714 620 3759 mens
644 3690 800 3782 imperat
821 3692 1047 3784 appetitioni,
1099 3712 1152 3770 est
1174 3694 1242 3768 hac
1266 3697 1386 3770 subtili
1410 3691 1674 3788 disputatione?
1726 3689 1789 3759 llla
1811 3714 1898 3759 vox:
1934 3686 2087 3757 Honora

62 3804 152 3861 ⁰²1¹·
178 3791 277 3882 1⁰8²,
311 3805 348 3861 el
369 3804 517 3884 propter
536 3793 630 3862 illius
652 3793 854 3865 utilitatem.
921 3794 1047 3888 Neque
1098 3815 1236 3896 patrem
1255 3815 1290 3871 et
1304 3809 1476 3884 matrem,
1501 3795 1644 3868 subiicit
1661 3819 1785 3865 omnes
1799 3788 1963 3862 homines
1978 3786 2088 3861 servi-

62 3906 191 3964 lfflffl
212 3892 310 3985 ⁰⁰ssil
329 3895 526 3986 appetitum
550 3908 592 3966 Ui
613 3895 845 3988 Obiemperei·
904 3896 960 3967 Ex
981 3894 1047 3967 hac
1099 3905 1179 3977 tuti.
1244 3904 1333 3974 Cum
1358 3915 1477 3972 autem
1499 3913 1535 3969 et
1557 3900 1619 3969 illa
1638 3897 1811 3970 sententia
1831 3897 1877 3968 sit
1897 3894 1935 3962 in
1955 3904 2087 3962 natura

63 3997 226 4067 ΜΨ
250 3997 409 4088 legitima
439 3998 590 4088 imperia
621 3997 659 4066 5¹¹
689 4000 965 4093 rehuspublicis,
1004 4003 1047 4069 de
1098 4008 1251 4099 scripta,
1277 4005 1502 4077 sentiendum
1522 4015 1575 4074 est
1595 4026 1677 4071 vere
1702 4023 1823 4071 causas
1846 3993 2025 4068 servitutis
2048 3991 2087 4060 in

64 4100 188 4193 quibus
202 4099 297 4168 inira
313 4100 408 4171 libro
424 4101 530 4169 tertio
545 4101 694 4173 dicetur.
738 4102 785 4172 Et
800 4105 836 4172 in
851 4099 918 4172 hac
932 4103 1046 4195 specie
1099 4123 1227 4179 natura
1258 4110 1393 4202 positas
1424 4133 1509 4179 esse.
1582 4105 1691 4173 Recte
1718 4102 1825 4193 igitur
1857 4093 2089 4191 reprehendit

64 4203 170 4294 ¹¹¹³ssss
183 4201 297 4285 lucei,
325 4203 411 4297 quid
425 4203 471 4273 Sit
486 4203 698 4296 imperium,
723 4207 887 4274 videlicet
909 4206 1048 4297 prospi-
1099 4213 1307 4284 Aristoteles
1322 4214 1422 4297 illos,
1450 4210 1512 4305 qui
1526 4209 1763 4278 immoderata
1785 4216 1820 4271 et
1840 4201 1971 4271 iniusta
1989 4194 2089 4289 cupi-

65 4328 136 4374 (Μ
168 4305 309 4374 alienae
341 4305 510 4391 utilitatis
556 4308 756 4398 gubernare
791 4322 825 4377 θῑ
859 4311 1047 4377 defendere
1099 4316 1209 4387 ditate
1223 4316 1397 4388 libertatis
1412 4323 1594 4396 accusant,
1622 4322 1656 4378 et
1670 4320 1711 4378 ut
1726 4306 1835 4400 ipsius
1856 4304 1973 4373 verbis
1994 4314 2089 4384 utar,

66 4407 165 4492 alios,
192 4407 277 4501 quia
292 4432 394 4479 mens
415 4408 513 4478 videt
538 4411 626 4503 quid
646 4413 777 4502 prosit,
805 4411 892 4505 quid
909 4425 1048 4496 noceat,
1098 4415 1311 4519 γράφωνται
1325 4408 1613 4516 παραγόμωνῊ)
1635 4415 1790 4483 sormam
1812 4406 1990 4479 servitutis
2011 4403 2089 4473 iure

66 4522 96 4578 ‘l
115 4509 223 4601 “333¹
245 4535 287 4578 ἃς
309 4507 474 4581 where&
489 4513 706 4603 ³PP⁰lil¹¹¹¹¹2
733 4527 769 4584 ei
790 4516 907 4584 Studet
929 4516 1048 4583 desen·
1099 4522 1259 4615 gentium
1281 4535 1471 4615 receptam.
1515 4519 1593 4588 -Sed
1613 4541 1679 4587 nos
1701 4513 1816 4584 multo
1839 4510 1966 4581 iustius
1988 4532 2090 4576 accu-

66 4613 140 4683 ‘lff‘
162 4613 315 4684 “intem
328 4613 486 4685 universi
507 4615 679 4708 c⁰r1201‘i8·
730 4617 786 4686 Ab
802 4615 870 4687 hoc
886 4618 1047 4710 exemplo
1100 4650 1179 4697 sare
1193 4649 1377 4719 possemus
1390 4622 1564 4693 fanaticos
1582 4617 1748 4691 homines
1770 4614 1885 4687 nostri
1906 4608 2091 4705 temporis,

67 4717 167 4786 “mii
181 4717 419 4801 ”flstnfissms
445 4743 537 4812 quae
555 4720 662 4810 vulgo
682 4743 789 4812 saepe
813 4721 961 4790 citatur:
1004 4716 1048 4793 τὸ
1101 4730 1165 4823 qui
1193 4739 1378 4821 praetextu
1400 4725 1587 4816 Evangelii
1611 4725 1737 4814 vidgus
1759 4722 1804 4790 ad
1828 4718 1982 4811 pileum,
2019 4709 2090 4784 hoc

68 4812 274 4911 δυνάμενον
283 4818 329 4916 ¹⁸)
361 4823 409 4914 τῇ
440 4816 589 4917 διανοίᾳ
610 4827 780 4918 προορᾶν
798 4822 916 4918 ἄρχον
938 4817 1049 4920 φύσει
1101 4845 1173 4915 est,
1214 4832 1260 4901 ad
1285 4831 1486 4901 libertatem
1519 4840 1712 4910 vocarunt,
1762 4837 1798 4894 ct
1828 4822 2091 4892 contenderunt

68 4915 123 4991 ui
140 4911 328 5037 δεσπόζον
348 4916 461 5018 φύσει
470 4921 528 5017 ¹⁰).
588 4923 696 5017 Quod
719 4939 878 5016 praestat
898 4925 1048 4997 consilio
1102 4987 1305 4999 -...-..
1548 4932 1552 4941 ’

68 5022 273 5092 ”imma
287 5024 441 5116 imperat
454 5025 612 5119 reliquis.
1133 5068 1183 5126 ao)
1201 5066 1318 5118 aristot.
1336 5066 1356 5116 t.
1368 5066 1387 5115 t.
1405 5078 1429 5115 e.
1440 5064 1468 5119 r.
1486 5063 1513 5125 s.
1526 5062 1552 5113 r.
1575 5060 1659 5112 natu
1679 5057 1828 5113 sanarer
1854 5060 1884 5107 et
1901 5056 1986 5107 suar
2007 5057 2046 5114 <a
2060 5057 2087 5104 a.

70 5170 266 5191 ---
1169 5138 1241 5188 Eut.
1252 5134 1363 5202 Aood.):
1382 5129 1398 5182 δ
1414 5129 1471 5202 γὰρ
1488 5127 1527 5200 μὴ
1545 5125 1630 5182 aizoo
1648 5125 1734 5198 φύσει
1749 5121 1808 5178 ἀλλ’
1826 5121 1923 5190 duos,
1940 5119 2090 5190 ἄνθρωπος

100 5234 144 5304 ¹⁸l
159 5234 192 5290 *ὃ
209 5232 382 5308 Msumu]
399 5238 440 5292 rio
455 5241 542 5294 ratu.
560 5242 861 5309 tutoeconuentart13
883 5244 1051 5298 artatum·
1170 5200 1215 5270 ‘lis
1232 5193 1313 5262 οὗτος
1330 5198 1414 5271 φύσει
1431 5198 1529 5258 δοῦλός
1545 5199 1629 5253 tau,

128 5308 256 5373 ”¹1¹¹st
281 5306 313 5360 τό
330 5304 385 5378 μὲν
401 5307 457 5380 γάρ
476 5307 642 5378 δυνάμενον.
1134 5310 1183 5379 21)
1203 5311 1316 5372 areta]
1334 5311 1374 5360 ue
1391 5310 1474 5361 mat.
1490 5305 1566 5359 aare.
1585 5311 1615 5359 et
1631 5304 1734 5366 rutae
1758 5304 1830 5356 naa.
1847 5304 1922 5355 tua.
1939 5300 2057 5351 uma

100 5409 144 5473 Μ
158 5410 246 5467 ΔΜ.
268 5410 323 5467 tl.
348 5425 373 5466 ο.
386 5414 411 5468 1.
436 5414 466 5481 s.
478 5417 504 5473 t.
525 5414 612 5471 ruta
635 5415 786 5470 denudet
811 5419 839 5469 et
862 5417 948 5483 §teir
970 5415 1009 5487 (ο.
1022 5418 1051 5471 2.
1135 5409 1183 5481 22)
1200 5411 1318 5467 mistel.
1335 5411 1353 5464 1.
1369 5411 1389 5462 1.
1407 5425 1432 5465 e.
1446 5410 1474 5464 2.
1494 5409 1575 5474 M&
1595 5406 1682 5459 uota
1696 5406 1847 5460 acuetur
1864 5407 1892 5455 et
1909 5402 1993 5456 satir
2010 5403 2093 5463 (ut.

127 5478 368 5544 Um).
1170 5483 1243 5536 aut.
1260 5480 1370 5545 aaa).
