4544 5766
195 213 273 287 148
469 205 671 281 SCRIPTA
696 205 772 279 PH.
793 205 912 279 affl.
935 207 1002 279 AD
1025 206 1236 284 E'l'fflCEN
1261 212 1328 285 ΕΤ
1354 216 1611 295 couniunt
1637 218 1949 294 senesanna
2150 217 2227 292 144

226 426 356 494 Utrum
383 414 600 488 sacerdotes
628 418 707 485 sint
737 419 889 487 usuarii
898 413 944 509 ω)
977 425 1044 489 eut
1073 440 1162 489 usu-

584 527 810 626 fructuarii.

299 686 408 755 Vetus
436 696 488 753 est
516 684 699 777 quaestio,
738 710 784 753 an
813 687 1055 756 sacerdotibus
1084 687 1190 755 liceat

198 791 329 863 habere
345 788 546 880 proprium.
598 786 751 870 Deinde,
779 788 883 882 quale
899 789 953 859 ius
968 814 1116 859 suorum
1133 813 1188 858 re-

198 897 337 966 dituum
354 887 528 972 babeant,
557 903 592 958 et
610 887 676 957 bac
698 893 741 958 de
767 916 805 958 re
828 916 979 981 magnae
1003 905 1085 960 scint
1105 917 1187 960 con-

198 995 376 1066 tentiones
406 993 747 1076 iureconsultorum,
782 992 843 1060 alii
867 995 1051 1086 disputant
1074 1019 1188 1083 sacer-

199 1103 300 1170 dotes
325 1108 465 1164 tantum
487 1090 621 1163 babere
642 1121 765 1176 usum,
792 1096 854 1164 alii
871 1098 1066 1166 defenduut
1081 1098 1188 1166 etiam

200 1204 421 1274 usufructum
467 1223 527 1267 eos
566 1195 698 1266 babere
748 1200 1061 1269 ecclesiasticarum
1104 1225 1188 1290 pen-

202 1309 356 1376 sionum.
881 1383 885 1392 ,

295 1404 365 1473 'Est
385 1416 503 1472 autem
520 1427 624 1485 usus,
651 1401 794 1496 iusque
815 1402 897 1471 licet
912 1404 1108 1494 possidenti
1121 1428 1187 1495 pro

184 1536 239 1581 se
258 1523 293 1578 et
308 1506 445 1576 familia
462 1506 514 1574 uti
540 1507 645 1575 rebus
658 1530 720 1574 seu
746 1507 919 1575 fructibus
943 1506 1009 1590 ita,
1043 1521 1083 1575 ut
1106 1507 1188 1574 reli-

202 1636 355 1708 quorum
375 1610 553 1679 fructuum
571 1607 826 1700 proprietatem
847 1632 923 1677 non
940 1623 1188 1702 consequatur.

202 1720 322 1808 Quare.
339 1712 417 1781 illos
431 1737 505 1779 non
519 1724 637 1804 potest
651 1712 804 1778 vendere
826 1711 923 1794 aliis,
951 1725 1013 1780 aru
1032 1712 1067 1778 in
1085 1725 1188 1780 testa-

202 1830 323 1887 mento
348 1840 408 1884 eos
429 1816 620 1884 transferre
651 1814 694 1880 ad
717 1814 805 1882 alios
831 1815 991 1906 exempla
1016 1828 1098 1882 sunt
1119 1813 1189 1882 usi-

203 1935 296 2001 tata,
329 1931 386 1998 ut,
413 1942 492 1985 cum
516 1942 600 1986 usus
624 1915 774 1985 alicuius
798 1919 1040 2006 praefecturae
1065 1940 1189 1984 conce-

203 2024 299 2091 ditur
316 2019 434 2088 alicui.

305 2123 374 2191 Sed
396 2121 615 2190 ususfructus
636 2133 688 2189 est
711 2121 782 2203 ius,
810 2146 881 2214 quo
906 2120 988 2189 licet
1008 2119 1061 2189 uti
1084 2123 1189 2190 rebus

203 2253 265 2297 seu
283 2223 454 2293 fructibus
477 2222 545 2302 it'a,
579 2234 619 2290 ut
648 2223 869 2317 reliquorum
904 2225 1082 2292 fructuum
1106 2247 1189 2313 pro-

203 2330 390 2422 prietatem
413 2348 594 2415 possessor
619 2339 875 2419 consequatur,
902 2327 963 2395 sed
986 2326 1086 2394 fundi
1107 2351 1189 2417 pro-

206 2434 392 2525 prietatem
410 2453 486 2496 non
502 2423 620 2495 babet.

307 2532 397 2601 Cum
422 2531 529 2622 igitur
550 2530 729 2597 interdum
747 2532 947 2600 sacerdotes
964 2531 1121 2596 vendant
1136 2553 1190 2596 re-

204 2638 320 2731 liquos
335 2638 489 2715 fructus,
516 2635 726 2701 aristionem
742 2632 838 2715 aliis,
867 2646 928 2702 aut
946 2634 985 2701 in
1001 2644 1190 2701 testamen-

204 2742 249 2809 tis
281 2739 496 2807 transferant
524 2735 561 2803 in
593 2735 701 2817 alios,
735 2736 927 2804 extiterunt
955 2735 1190 2829 quaestiones,

206 2855 345 2913 rectene
361 2841 396 2906 ia
413 2841 487 2908 fieri
506 2838 635 2927 possit,
662 2863 739 2906 curn
765 2839 995 2907 ecclesiastica
1010 2838 1104 2904 bona
1121 2838 1192 2906 sint

207 2948 464 3034 eleemosynae.
514 2937 555 3006 ln
571 2940 804 3030 eleemosynis
818 2952 935 3008 autem
954 2951 1091 3008 tautum
1108 2965 1191 3007 usus

207 3046 462 3133 constituatur,
488 3041 652 3108 videlicet
665 3055 704 3109 ut
721 3043 898 3132 supersint
915 3042 1045 3134 reliqui
1057 3043 1191 3110 fructus

207 3153 253 3219 ad
269 3146 512 3216 necessitatem
531 3144 682 3212 aliorum
700 3145 891 3234 egentium.
943 3145 989 3212 Et
1005 3156 1099 3212 extant
1114 3143 1190 3212 dira

207 3249 412 3321 constitutio
446 3248 483 3314 in
513 3246 661 3315 decretis
685 3248 727 3316 X.
755 3249 961 3340 quaestione
976 3245 1073 3341 ΙΨ)
1101 3272 1191 3339 quae

208 3367 303 3424 vetat
339 3351 523 3444 episcopos
561 3363 595 3418 et
635 3349 804 3418 diaconos
840 3351 995 3419 alienare
1035 3350 1193 3442 reliquos

206 3462 358 3535 fructus,
399 3454 579 3536 videlicet,
621 3452 704 3545 quia
740 3453 822 3520 inde
856 3454 1002 3523 iuvandi
1033 3453 1105 3523 sint
1132 3453 1192 3520 alii

208 3573 359 3652 egentes.
438 3557 555 3625 Facile
593 3569 711 3624 autem
746 3552 834 3624 baec
868 3557 1028 3650 quaestio
1065 3557 1192 3624 diiudi-

209 3664 282 3732 cari
307 3674 441 3752 potest,
478 3661 507 3728 si
536 3658 634 3749 prius
658 3660 932 3741 constituamus,
967 3660 1062 3752 quod
1092 3660 1194 3728 liceat

211 3763 410 3859 pastoribus
432 3760 693 3841 Ecclesiarum‚
728 3787 790 3830 seu
812 3762 985 3831 ministris
1008 3763 1192 3852 Evangelii

209 3885 330 3938 tenere
347 3864 545 3958 proprium.
598 3863 706 3954 Quod
721 3865 815 3932 enim
836 3868 871 3932 id
886 3866 929 3933 sit
944 3865 1042 3956 pium
1058 3878 1092 3933 ct
1111 3890 1193 3932 con-

209 3995 364 4049 cessum,
391 3964 477 4034 baec
493 3966 586 4034 ratio
603 3965 688 4035 satis
704 3969 902 4037 confirmat.

312 4073 416 4140 Pium
441 4084 475 4138 et
499 4092 702 4137 concessum
728 4084 779 4138 est
804 4072 969 4139 onmibus
985 4067 1195 4140 Christianis

209 4179 262 4248 uti
284 4175 437 4266 politicis
462 4172 767 4255 ordinationibus,
807 4187 977 4267 tanquam
1001 4175 1105 4242 bouis
1129 4172 1196 4242 Dei

211 4280 391 4347 creaturis.
451 4275 617 4367 Emptio,
645 4275 824 4358 venditio,
851 4277 1069 4368 proprietas,
1097 4302 1195 4346 usus-

210 4387 344 4451 fructus
352 4379 399 4470 ⁰⁰)
416 4391 450 4445 et
464 4379 595 4447 similes
611 4378 876 4460 ordinationes,
896 4393 984 4449 sunt
1000 4380 1196 4448 ordinatio-

211 4510 273 4553 nes
290 4481 466 4573 politicae.
527 4479 624 4571 Ergo
641 4495 675 4549 et
692 4483 952 4564 sacerdotibus,
986 4495 1026 4551 ut
1050 4483 1197 4551 caeteris

213 4583 424 4657 Christianis
440 4607 624 4652 concessae
648 4599 743 4654 sunt.
803 4587 875 4655 Nec
901 4586 979 4653 idco
1002 4599 1084 4655 sunt
1107 4586 1196 4654 exci-

212 4688 332 4782 piendi
358 4698 517 4778 pastores
540 4684 798 4771 Ecclesiarum,
842 4689 924 4782 quia
947 4688 1115 4778 scriptum
1146 4702 1198 4757 cst

213 4793 340 4886 (Marc.
356 4789 392 4871 6,
408 4787 476 4881 8.):
505 4812 579 4856 non
595 4789 675 4856 licet
688 4792 868 4880 possidere
884 4805 1070 4881 argentum
1087 4793 1124 4860 in
1141 4818 1197 4860 zo-

211 4897 278 4964 nis.
338 4892 430 4961 Nam
451 4891 487 4957 in
505 4885 571 4959 hac
594 4893 767 4961 sententia
784 4891 827 4965 τὸ
850 4892 961 4988 ῥητὸν
984 4897 1087 4963 debet
1108 4896 1197 4966 iudi-

222 5049 427 5069 W

246 5133 294 5182 58t
313 5127 446 5185 usuarii]
467 5124 507 5173 aio
523 5124 592 5174 Edd.
612 5124 685 5174 isse.
705 5127 733 5174 et
753 5127 845 5187 ¹540.;
872 5128 921 5178 Ed.
943 5130 1018 5179 tois.
1035 5131 1181 5182 usurarii.

246 5214 295 5279 ω)
315 5210 426 5262 borreti
443 5209 565 5259 swendet
582 5220 661 5271 pars,
686 5221 770 5261 musa
785 5212 820 5262 x.
845 5215 952 5274 qiuest.
966 5213 997 5264 u.
1017 5227 1041 5263 e.
1056 5214 1081 5265 7.
1102 5213 1199 5278 (corp.

280 5285 332 5332 iur.
351 5291 448 5329 moon.
467 5278 510 5328 ed.
528 5277 640 5328 Richter
659 5278 688 5328 P.
703 5279 723 5330 1.
742 5295 768 5343 p.
782 5281 868 5339 ott).

244 5371 296 5487 6⁰}
312 5364 504 5483 uspstructus]
530 5362 571 5412 sic
594 5363 645 5415 Ed.
666 5364 757 5426 164(ὶῆ
788 5365 858 5417 nod.
879 5367 953 5418 1538.
973 5371 1000 5417 et
1020 5368 1095 5421 toto.
1121 5382 1199 5433 risus,

291 5450 342 5486 roc
358 5447 398 5483 us.

1244 388 1317 455 cari
1339 414 1381 460 ex
1402 416 1541 461 summa
1560 395 1744 463 doetrinae
1757 393 1960 485 Evangelii,
1988 393 2086 486 quod
2101 414 2229 461 conee-

1239 490 1292 558 dit
1316 507 1351 560 et
1375 496 1552 585 approbat
1573 522 1677 566 usum
1698 522 1819 567 rerum
1843 498 2084 588 politicarum.
2149 493 2249 563 lmo·

1240 617 1320 662 cum
1354 597 1453 664 addit
1483 594 1644 669 Christus
1676 599 1778 693 (Luc.
1803 602 1862 682 10,
1888 600 1958 694 7.):
2002 599 2142 688 Dignus
2167 611 2228 689 ¹est

1241 699 1426 787 operarius
1448 704 1610 770 mercede
1636 728 1719 786 sua,
1746 703 1870 773 tribuit
1891 703 1940 772 eis
1958 701 2228 793 proprietatem,

1240 823 1323 901 napn
1345 827 1480 871 merces
1504 816 1556 874 est
1580 805 1725 897 propria
1748 807 1927 900 cuiusque.
1985 805 2032 874 Et
2049 799 2138 872 baec
2160 828 2229 871 vox

1241 894 1373 972 Christi
1405 906 1478 974 diro
1504 908 1777 999 complectitur,
1827 909 2031 977 consolatur
2065 909 2228 976 doctores

1239 1007 1563 1104 promissionum),
1602 1024 1643 1087 ut
1672 1010 1786 1080 sciant
1815 1011 1932 1081 Deum
1965 1011 2049 1102 ipsis
2080 1033 2226 1101 prospe-

1242 1125 1379 1197 ctorum
1401 1137 1494 1195 esse,
1515 1126 1550 1181 et
1564 1113 1665 1206 quasi
1679 1114 1890 1198 fideiubere,
1918 1113 2056 1183 etiamsi
2073 1114 2228 1181 mundns

1240 1217 1331 1285 nolit
1349 1240 1408 1283 eos
1424 1217 1529 1286 alere.
1582 1214 1670 1286 Item
1696 1219 1800 1287 docet
1813 1217 2026 1299 Ecclesiam,
2055 1217 2153 1308 quod
2168 1216 2227 1283 de·

1240 1320 1322 1388 beat
1338 1320 1547 1389 docentibus
1563 1322 1776 1405 mercedem.

1344 1421 1466 1513 Quare
1487 1421 1594 1512 igitur
1618 1423 1734 1516 inquit
1756 1418 2066 1516 (Mattb.10,9.):
2107 1418 2226 1490 Nolite

1241 1524 1421 1615 possidere
1452 1537 1658 1617 argentum,
1689 1550 1816 1596 :iritum
1840 1526 1930 1594 ete?
1996 1523 2226 1615 Respondeo:

1241 1626 1336 1695 Haec
1361 1627 1453 1695 dicta
1476 1653 1551 1697 nou
1575 1631 1705 1699 tollunt
1721 1630 1859 1697 civilem
1875 1655 1979 1698 usum
1996 1650 2140 1709 renim,
2165 1626 2226 1695 sed

1241 1742 1362 1798 vetant
1389 1732 1426 1798 iu
1449 1731 1648 1801 ministerio
1671 1732 1916 1824 principaliter
1933 1732 2056 1825 (praeseri
2074 1743 2136 1799 aut
2151 1752 2227 1820 spe·

1242 1833 1330 1901 ctari
1348 1833 1416 1900 alia
1439 1838 1646 1917 eonunoda,
1673 1831 1742 1903 boc
1765 1848 1833 1919 est,
1861 1847 1983 1903 vetant
2005 1845 2154 1924 propter
2175 1830 2226 1899 in·

1243 1937 1361 2028 opiam
1379 1937 1493 2004 deseri
1507 1937 1744 2007 ministerium
1762 1963 1781 2006 a
1799 1938 1949 2006 vocatis:
1984 1948 2108 2004 vetant
2121 1935 2226 2003 etiam

1241 2039 1479 2135 ministerium
1512 2044 1556 2109 ad
1584 2045 1824 2134 quaerendam
1853 2040 2051 2133 potentiam
2075 2052 2112 2107 et
2133 2062 2227 2129 opes.

1241 2141 1292 2210 lta
1316 2142 1548 2211 diffidentiam
1575 2140 1740 2235 probibet
1773 2157 1807 2212 et
1835 2144 2087 2225 arabitionem,
2127 2140 2228 2235 quasi

1242 2246 1353 2314 dictu:
1389 2246 1471 2314 b'on
1488 2247 1537 2314 sic
1551 2247 1696 2328 sentite,
1731 2272 1805 2315 non
1825 2271 1898 2315 esse
1914 2247 2135 2327 docendum,
2160 2243 2228 2313 nisi

1241 2349 1325 2419 satis
1357 2348 1488 2416 muniti
1514 2350 1588 2418 sitis
1616 2374 1739 2439 regum
1768 2350 1973 2441 praesidiis,
2007 2361 2042 2416 et
2066 2346 2229 2417 instructi

1242 2451 1380 2543 magnis
1405 2451 1543 2542 opibus.
1603 2449 1707 2520 ltcm:
1740 2452 1822 2521 Non
1851 2465 2015 2544 arrogata
2041 2449 2145 2520 vobis
2166 2466 2240 2541 po.-’
2271 2493 2272 2511 ι

1243 2555 1412 2636 tentiam,
1451 2578 1525 2621 non
1556 2569 1724 2646 (occupate
1757 2581 1841 2646 opes
1880 2553 2229 2646 rerruupublicerum

1245 2671 1428 2750 praetextu
1450 2658 1648 2726 ministerii.

1344 2759 1384 2828 ln
1414 2760 1827 2854 syn0‹10Basitiensi⁶²)
1859 2762 2002 2829 fuerunt
2034 2761 2230 2828 certamina

1243 2889 1321 2932 cnm
1339 2859 1528 2945 Bobemis,
1556 2888 1601 2931 an
1622 2865 1863 2932 sacerdotibus
1880 2864 1984 2931 liceat
1999 2860 2131 2932 habere
2149 2888 2231 2957 pro·
2266 2890 2270 2905 ·

1244 2966 1381 3057 prium,
1406 2968 1467 3035 secl
1483 2990 1548 3032 nos
1562 2966 1737 3054 fugiamus
1753 2967 2018 3059 superstitiosas·
2030 2966 2232 3057 opiniones,
2258 2996 2271 3040 a

1245 3081 1279 3136 et
1294 3081 1445 3160 stiriaque
1461 3093 1569 3136 rnauu
1585 3066 1693 3140 θέσιν
1705 3068 1751 3162 ⁸³)
1770 3083 1971 3151 terreamus,
1999 3070 2094 3163 quod
2111 3068 2232 3138 Evan-
2259 3098 2267 3145 t,

1244 3171 1374 3262 galium
1412 3172 1586 3265 approbet
1617 3172 1779 3263 politicas
1814 3173 2076 3255 ordinationes,
2119 3196 2270 3268 quares

1245 3275 1407 3343 concedit
1422 3274 1587 3343 onnribus
1605 3271 1816 3345 Christianis
1835 3276 2102 3368 proprietatem.
2260 3282 2270 3355 l

1347 3378 1450 3446 Neine
1470 3378 1574 3445 venio
1591 3381 1636 3445 ad
1655 3380 1801 3446 alteram
1820 3378 2077 3472 quaestionem,
2100 3380 2144 3447 de
2162 3398 2231 3479 qua
2256 3408 2270 3481 :f

1245 3482 1460 3571 respondeo:
1497 3480 1681 3550 Ministros
1701 3481 1884 3572 Evangelii
1907 3479 2004 3550 bzurd
2028 3483 2135 3551 dubie
2159 3504 2232 3550 esse
2260 3522 2269 3559 ¹·

1245 3584 1536 3654 usufructuarios.
1588 3584 1736 3678 Loquor
1753 3599 1871 3653 autem
1888 3588 2169 3665 deductoribus,
2198 3595 2233 3650 ct
2258 3626 2269 3665 ι

1246 3689 1290 3756 de
1306 3687 1537 3769 discentibus,
1565 3699 1598 3753 et
1615 3687 1788 3757 similibus
1803 3688 1982 3779 personis.
2007 3714 2098 3781 quac
2114 3690 2153 3756 in
2169 3686 2233 3755 ali-
2256 3704 2268 3767 i

1247 3814 1317 3884 qua
1341 3790 1649 3858 administratione
1674 3803 1766 3859 saint.
1826 3792 1918 3883 Quia
1943 3816 2077 3861 merces
2094 3797 2268 3883 atpeo.

1246 3897 1324 3986 pria
1341 3894 1435 3974 eius,
1463 3893 1524 3985 qui
1542 3893 1689 3962 meritus
1705 3906 1767 3962 est.
1818 3894 1968 3964 llcditus
1982 3896 2234 3965 ministrorum
2253 3938 2268 3971 μ

1245 3997 1432 4086 Evangelii
1449 4009 1500 4064 est
1513 4021 1666 4078 merces,
1692 3993 1949 4066 sicutCluisins
1965 4012 2114 4068 testatur
2129 3997 2234 4094 (bue.
2253 4036 2267 4073 ι

1250 4108 1308 4186 10,
1338 4100 1400 4192 7.).
1469 4097 1552 4166 lieni
1579 4100 1708 4168 Pardus
1739 4113 1841 4167 vocat
1868 4103 2041 4192 stipendia
2077 4105 2130 4196 (1.
2149 4103 2267 4181 Coun

1248 4204 1362 4289 9,14.
1393 4199 1696 4293 1.Tim.5,18.).
1747 4202 1842 4294 Ergo
1863 4205 2016 4273 ministri
2031 4205 2234 4297 Evangelii,

1248 4336 1327 4379 cuin
1346 4319 1419 4373 tota
1437 4330 1569 4373 merees
1583 4305 1629 4373 sit
1647 4307 1813 4396 propria,
1840 4304 1973 4376 babent
1989 4311 2024 4377 in
2046 4311 2235 4397 fructibus,

1249 4413 1311 4506 qui
1335 4436 1376 4477 cx
1397 4410 1557 4476 mercede.
1573 4409 1702 4500 reliqui
1719 4423 1821 4491 sunt,
1848 4411 2124 4504 proprietatem,
2152 4404 2236 4507 po's'-

1249 4512 1385 4605 summ)
1402 4511 1557 4604 reliquos
1574 4512 1707 4580 fructus
1725 4513 1877 4596 donarc,
1903 4518 2056 4584 vcndcrc
2072 4515 2153 4586 aliis
2167 4506 2238 4609 pr'tl

1249 4645 1313 4689 suo
1329 4615 1477 4684 arbitrio
1495 4627 1559 4682 etc.
1613 4615 1718 4683 Tales
1735 4628 1854 4684 antem
1871 4630 1952 4686 srmt
1966 4621 2240 4691 usufructuarii&

1351 4720 1458 4811 Quod
1489 4742 1572 4783 vero
1605 4718 1788 4803 obiicitur,
1824 4720 1861 4787 in
1893 4723 2127 4815 elecmosynis
2158 4748 2236 4793 non

1250 4835 1367 4917 potest
1390 4821 1575 4902 constitui,
1611 4821 1677 4890 nisi
1700 4824 1852 4904 fructus,
1880 4825 1962 4916 quia
1986 4826 2235 4920 eleemosynae

1284 5043 1333 5096 61)
1351 5039 1541 5101 promissionis
1559 5039 1591 5098 (i.
1607 5052 1633 5100 q.
1652 5038 1830 5101 Evangeliitl
1855 5041 1895 5090 sic
1913 5042 1978 5090 uuo.
1999 5043 2074 5095 15³8.
2092 5048 2121 5096 et
2140 5048 2241 5105 tm?

1318 5110 1462 5237 {qni-546.
1481 5108 1661 5172 promissione
1676 5108 1741 5166 (trac
1754 5120 1821 5158 voce
1838 5111 1873 5159 ed
1892 5114 2001 5162 verbum
2016 5119 2169 5171 consotert
2188 5132 2238 5173 re·

1284 5267 1333 5325 62)
1353 5265 1502 5314 Concilium
1521 5264 1651 5328 generate
1669 5263 1795 5313 Basileus
1812 5277 1837 5314 a.
1856 5267 2043 5319 troi-tus.
2061 5271 2193 5328 habitan.

1285 5351 1335 5409 63)
1352 5349 1447 5410 θέσιν]
1466 5350 1550 5400 editt.
1569 5351 1680 5411 typogr.
1700 5360 1812 5399 errore:
1834 5347 1928 5412 eison.

1284 5435 1332 5498 Gi)
1349 5441 1477 5502 possunt]
1494 5436 1534 5487 stc
1551 5436 1601 5486 Ed.
1621 5435 1713 5498 teitu
1731 5436 1797 5488 noo.
1819 5439 1892 5489 15³8.
1911 5443 1946 5489 et
1969 5442 2041 5494 itit).
2060 5452 2189 5507 paueat.
