4544 5766
71 178 143 261 105
346 226 351 239 ·
418 185 525 237 ³··'²
620 180 659 261 i.
699 166 1593 260 emtosurmannottiihtntrottnss·
1978 178 2099 309 'iou

73 361 142 429 rios
156 356 204 426 ad
220 357 409 429 dochinus
423 346 754 444 conservationem,
779 346 1056 455 denique'etiam
1109 359 1360 428 incontinenti
1374 342 1595 429 ulciscuntur
1611 356 1761 428 iniurias
1776 358 1947 428 notorias.
1999 358 2097 426 Sient

70 466 112 530 de
140 460 302 551 ignavis,
335 461 400 554 qui
428 480 507 530 non¹
534 464 707 534 adiuvant
732 462 868 547 studia,
899 466 1058 559 quinon
1109 462 1296 555 llarpagus
1307 462 1446 556 Cyrum
1466 460 1647 530 accersivit
1669 474 1794 530 contra
1808 461 2006 557 Astyagen,
2033 461 2095 554 qni

70 563 298 656 prospicicmt
311 564 523 655 posteritati.
1048 592 1052 601 ·
1110 565 1142 633 ei
1159 565 1272 634 filium
1289 567 1464 634 edendum
1481 564 1704 656 praebuerat.
1762 563 1809 633 Et
1825 589 1905 634 cum
1921 572 2096 656 tyrannus

169 665 239 734 Hic
255 692 389 760 quaeso
408 679 443 735 et
459 663 634 735 adhortor
651 691 775 738 omnes
792 668 853 762 qui
875 681 1057 759 praesunt,
1108 667 1317 736 b'incentiac
1331 666 1401 737 cim'
1417 668 1556 736 cuidam
1575 664 1791 756 imperasset,
1815 681 1855 735 ut
1871 669 1915 734 ad
1932 690 1969 736 se
1984 665 2095 737 liliam

69 782 106 838 et
124 764 314 839 Christum
336 770 552 840 esurientem
577 790 618 837 ac
643 770 820 839 sitientem
852 783 1056 861 agnoscant,
1108 771 1284 853 mitteret,
1319 784 1507 864 postquam
1531 769 1569 838 id
1589 768 1674 839 civis
1694 770 1887 854 remiserit,
1921 782 2094 862 tyrannus

69 870 260 962 excipiant,
285 872 391 965 eique
407 896 490 943 suos
504 871 700 955 ministros,
727 873 764 942 id
781 872 827 965 ⁷²)
849 887 913 957 est,
938 885 1056 965 pasto·
1108 873 1217 942 mittit
1239 874 1426 956 satellites,
1458 872 1521 966 qui
1550 885 1689 963 raptam
1718 896 1782 963 per
1808 872 1880 940 vim
1903 873 2092 953 abducant,

70 999 120 1044 res
133 987 172 1042 et
186 969 420 1044 scholasticos
435 988 574 1045 curent.
616 970 783 1044 adhunc
799 1000 903 1045 usum
920 987 1054 1044 certum
1107 1000 1214 1045 mane
1228 989 1425 1067 stupratam
1445 974 1593 1044 dimittit
1617 987 1652 1043 et
1669 974 1868 1045 dissectam.
1918 974 2037 1057 Pater,
2053 998 2092 1042 re

70 1089 116 1144 est
135 1076 233 1146 iuste
257 1089 293 1145 et
314 1077 372 1168 pie
393 1079 548 1147 conferri
568 1101 654 1168 opes
678 1079 909 1168 collegiorum
926 1092 962 1146 et
979 1103 1056 1145 rno-

70 1179 328 1262 nasteriorrnn,
360 1178 450 1249 sicut
479 1181 573 1249 clare
603 1181 774 1271 scriptum
803 1193 859 1249 est
892 1179 945 1276 (1.
972 1180 1054 1250 Cor.

69 1280 105 1364 9,
126 1280 228 1376 14.);
259 1283 316 1351 sic
331 1281 510 1353 Dominus
527 1282 726 1366 ordinavit,
750 1296 809 1365 ut,
837 1284 899 1376 qni
915 1306 1055 1353 annun-

69 1383 427 1475 tiantEvaugelium‚
454 1386 577 1454 vivant
599 1385 859 1476 chvangelio.
911 1387 985 1462 lice,
1005 1387 1055 1453 al-

68 1488 216 1576 leganda
251 1499 304 1556 est
333 1483 391 1554 hic
417 1510 542 1576 regum
569 1489 760 1571 autoritas,
794 1489 856 1581 qui
878 1491 1056 1558 dederunt

67 1587 122 1658 has
139 1614 234 1680 opes
250 1590 424 1679 collegiis,
449 1593 627 1659 dederunt
644 1591 739 1658 enim
755 1590 953 1675 Ecclesiae,
979 1615 1054 1659 non

68 1691 261 1762 voluerunt
283 1694 376 1761 fante
398 1693 520 1761 necari
542 1706 720 1782 pistores,
748 1693 904 1784 extingui
925 1694 1053 1776 studia,

65 1808 97 1863 et
109 1795 262 1862 interim
279 1795 446 1862 devorari
463 1791 527 1865 hos
544 1796 677 1866 reditus
696 1798 741 1864 ah
759 1796 839 1866 aliis.
854 1797 976 1867 otiosis
993 1808 1054 1864 aut

67 1896 193 1988 impiis.
227 1892 313 1965 ldeo
327 1896 482 1987 pertinet
497 1901 543 1965 ad
558 1900 762 1989 principum
777 1900 945 1983 officium,
971 1900 1053 1967 inde

66 1999 270 2090 prospicere
287 1996 452 2068 Ecclesiis
468 1998 527 2093 ⁷⁸).

124 2174 293 2244 Licetne
306 2175 473 2264 privetis
486 2168 703 2268 interficere
718 2171 922 2266 tyrannos?
941 2173 987 2268 ⁷⁴)

161 2306 401 2399 Respondeo:
437 2309 601 2378 Primum
626 2308 656 2377 si
680 2322 853 2402 tyrannus
875 2305 1052 2379 esthemo

63 2413 245 2503 privatus,
269 2435 333 2502 per
348 2411 560 2480 seditionem
577 2410 748 2481 invadens
764 2413 967 2504 imperium,
988 2437 1053 2482 nec

62 2515 198 2606 potitus
220 2514 396 2606 imperio,
422 2510 480 2597 hi,
507 2516 568 2608 qui
590 2539 669 2583 cum
686 2515 854 2605 legitimis
868 2515 1053 2605 magistra-

62 2620 155 2687 tibus
179 2618 358 2700 sentiunt,
382 2617 551 2707 privatim
576 2615 773 2685 interlicere
792 2643 874 2687 eum
891 2630 1053 2710 possunt,

60 2721 151 2790 siccat
177 2720 377 2800 latronem,
403 2720 613 2811 praesertim
642 2721 680 2786 in
707 2720 784 2811 ipso
808 2723 901 2790 facto
927 2722 1052 2811 depre-

60 2820 229 2905 hensum,
253 2818 321 2890 hoc
336 2832 400 2904 est,
414 2823 621 2892 molientem
640 2823 789 2915 aliquid,
810 2824 1051 2892 concitantem

60 2925 259 3017 populum,
284 2936 346 2993 aut
360 2924 548 2992 facientem
567 2926 740 3016 impetum
758 2926 796 2994 in
809 2927 961 3020 aliquos.
999 2923 1052 2993 lta

59 3026 256 3097 Catilinam
287 3026 460 3096 seditione
480 3040 577 3096 mota
604 3027 801 3096 interficere
828 3028 958 3122 aliquis
979 3028 1052 3119 pri-

58 3144 166 3201 vatus
195 3130 273 3199 iure
299 3129 436 3220 potuit,
463 3130 554 3201 sicut
576 3142 611 3198 et
626 3130 772 3200 Fulvius
787 3131 898 3200 lilium
913 3156 955 3200 er
969 3133 1050 3220 fuga

56 3245 257 3303 revectum
288 3232 481 3301 interfecit:
527 3246 562 3302 et
592 3233 687 3323 leges
716 3236 916 3303 concedunt
942 3235 1052 3301 inter-

55 3340 166 3406 licere
207 3347 372 3426 patrem,
413 3335 476 3428 qui
515 3349 641 3405 contra
675 3337 934 3426 rempublicam
969 3360 1052 3404 con-

56 3438 209 3508 iuravit.

161 3541 347 3610 Secundo:
374 3539 412 3608 si
435 3552 608 3632 tyrannus
628 3553 679 3610 est
703 3540 741 3610 in
763 3541 992 3632 magistratu,
1018 3552 1053 3608 et

58 3645 177 3712 auoci
191 3643 326 3712 iniuria
340 3666 380 3710 ac
395 3642 539 3711 notoria
555 3643 714 3712 subditos
729 3643 862 3727 affecit,
890 3644 1072 3712 concedi--

60 3761 122 3814 tur
140 3745 313 3829 subditis,
338 3746 550 3837 praesertim
570 3745 608 3812 in
631 3746 847 3829 continenti,
881 3746 1051 3828 defensio,

59 3874 140 3919 cum
157 3849 196 3918 in
209 3849 353 3941 privato
367 3849 540 3939 periculo,
556 3859 631 3917 tum
646 3849 684 3917 in
697 3848 840 3938 negotio
853 3848 1052 3939 pertinente

58 3954 105 4021 ad
123 3951 404 4044 rempublicam:
437 3963 478 4020 nt
494 3952 531 4019 in
547 3948 793 4019 Helvetiorum
810 3946 959 4020 historia
976 3976 1051 4018 ma-

59 4055 230 4145 gistratus
251 4055 354 4124 iussit
375 4053 487 4123 civem
509 4056 705 4144 producere
731 4053 862 4137 lilium,
888 4067 922 4123 et
940 4055 1050 4124 telum

61 4162 103 4227 ad
121 4182 209 4227 eum
226 4157 333 4248 dirigi
349 4181 369 4225 a
384 4157 560 4226 iaculante
575 4168 688 4248 patre.
740 4156 786 4226 Et
801 4157 966 4226 tribunus
984 4156 1051 4224 mi-

62 4262 164 4331 litum
181 4261 223 4329 in
237 4259 396 4331 exercitu
411 4260 449 4330 C.
464 4259 573 4327 Marii
586 4260 663 4328 inre
679 4260 883 4329 interfectus
900 4257 944 4327 ab
968 4260 1052 4327 ado-

62 4366 227 4447 lescente,
241 4365 300 4434 cui
315 4363 480 4432 tribunus
495 4375 573 4430 erat
587 4363 660 4430 vim
678 4363 859 4432 allaturus.
909 4361 956 4430 Et
972 4360 1050 4430 iura

65 4467 301 4538 inPandectis
316 4468 528 4549 concedunt,
546 4465 727 4535 consulem
744 4465 781 4533 in
799 4464 974 4533 adulterio
992 4466 1052 4532 ele-

66 4566 278 4659 prehensum
303 4570 512 4639 interlicere.
564 4567 611 4637 Et
631 4568 670 4636 in
699 4567 874 4637 similibus
904 4567 1051 4649 casibus,

67 4672 168 4766 siqui
186 4674 297 4756 liunt,
324 4667 443 4742 hostes
457 4682 552 4740 recte
569 4684 797 4753 excusantur,
823 4669 1052 4739 etiamsinon

10 4924 13 4975 ς
97 4911 144 4970 71)
168 4910 210 4971 td]
233 4909 275 4958 ste
299 4906 350 4957 tid.
370 4902 462 4965 1518.;
487 4901 571 4951 tiditt.
599 4900 686 4961 pecul.
713 4900 785 4951 15³9.
813 4905 840 4949 et
861 4902 935 4950 tato.
954 4906 982 4950 et
1000 4903 1049 4951 tid.

133 4980 205 5042 nptt.
224 4976 301 5028 1610.
318 4976 378 5024 boe.

1107 1103 1187 1149 cnm
1205 1078 1328 1148 amicis
1347 1079 1553 1160 deliberata,
1571 1078 1732 1162 cadaver,
1747 1089 1788 1147 ut
1801 1090 1877 1145 erat
1893 1077 2092 1158 dissectum,

1106 1181 1217 1250 mittit
1229 1183 1367 1253 senatui
1382 1182 1532 1263 Veneto,
1554 1180 1657 1274 eique
1671 1181 1858 1272 pollicetur
1873 1179 2092 1248 deditionem

1106 1285 1216 1354 urbis.
1267 1282 1317 1353 lta
1334 1298 1508 1377 tyrannus
1530 1307 1718 1376 oppressus
1736 1296 1798 1355 est.
1851 1281 1942 1350 lluic
1963 1281 2030 1350 civi
2053 1280 2092 1349 in

1105 1388 1248 1455 notoria
1264 1388 1417 1471 iniuria,
1445 1398 1480 1455 et
1493 1400 1567 1456 tam
1584 1387 1708 1471 atroci,
1737 1385 1886 1455 omnino
1901 1385 1998 1454 licuit
2014 1386 2091 1452 iure

1106 1490 1264 1581 gentium
1282 1491 1359 1558 lieri
1374 1485 1512 1581 hostem
1531 1500 1699 1583 tyranno.

1207 1592 1350 1662 Tertio:
1378 1593 1415 1662 Si
1433 1591 1564 1660 iniuria
1580 1605 1722 1660 nonest
1739 1591 1900 1672 notoria,
1928 1599 2022 1658 recte
2039 1588 2091 1654 di-

1107 1707 1191 1764 cunt
1215 1696 1446 1765 iureconsulti
1472 1694 1744 1784 magistratuum
1773 1694 1995 1761 tolerandam
2018 1715 2091 1759 esse

1105 1796 1289 1882 iustitiam,
1303 1811 1343 1867 ut
1357 1811 1502 1867 maneat
1516 1822 1637 1866 remim
1652 1796 1888 1866 iudicatorum
1906 1793 2090 1864 autoritas.

1105 1902 1188 1971 Non
1212 1903 1309 1969 enim
1334 1903 1464 1969 debent
1484 1899 1615 1992 privati
1635 1898 1826 1970 dissolvere
1861 1910 1991 1967 statum
2022 1895 2091 1962 rei-

1104 2004 1279 2094 publicae,
1303 2029 1368 2072 nec
1383 2005 1552 2071 invadere
1569 2002 1732 2093 imperia,
1751 2003 1846 2071 iuxta
1863 2001 1949 2071 illud
1966 1998 2089 2092 (Rom

1108 2108 1173 2190 13,
1199 2105 1269 2201 2.);
1297 2107 1370 2198 Qui
1382 2106 1605 2197 magistratui
1618 2104 1762 2188 resistit,
1790 2102 2008 2172 ordinationi
2022 2098 2090 2166 Dei

1104 2209 1246 2279 resistit.
1285 2210 1404 2302 Quare
1421 2210 1460 2278 C.
1477 2210 1608 2279 Caesar
1621 2232 1696 2276 non
1713 2220 1765 2278 est
1779 2207 1857 2276 iure
1874 2207 2090 2282 interfectus,

1106 2312 1185 2406 qui,
1219 2325 1259 2381 ut
1286 2337 1362 2381 non
1385 2312 1500 2381 dicam
1537 2313 1580 2379 de
1603 2311 1688 2380 belli
1712 2334 1834 2393 causa,
1868 2323 1987 2379 tamen
2018 2309 2089 2374 iam

1105 2415 1248 2482 tenebat
1262 2416 1529 2506 magistratum,
1556 2414 1757 2507 etquidem
1785 2413 1920 2503 legibus
1946 2425 1979 2480 et
2007 2432 2090 2477 con-

1104 2539 1208 2586 sensu
1224 2519 1348 2609 populi
1363 2519 1505 2597 datum,
1532 2540 1597 2585 nec
1613 2517 1785 2586 sustulite
1801 2516 1980 2608 republica
1997 2513 2091 2602 leges

1104 2631 1139 2688 et
1152 2619 1294 2702 iudicia,
1308 2620 1368 2689 sed
1384 2644 1522 2688 summa
1540 2620 1716 2712 aequitate
1731 2619 1929 2688 constitutis
1942 2616 2090 2691 iudiciis,
2196 2700 2203 2716 ι

1103 2722 1396 2814 tranquillitatem
1412 2720 1553 2813 imperii
1568 2718 1716 2803 muniit,
1738 2744 1803 2788 nec
1818 2723 1942 2788 caedes
1954 2718 2035 2788 fecit
2052 2716 2089 2783 in

1104 2826 1211 2907 urbe,
1237 2837 1277 2893 ut
1293 2825 1423 2893 caeteri
1437 2826 1588 2893 uictores
1605 2824 1781 2892 bellonam
1797 2822 1964 2891 civilium.
2016 2820 2091 2889 Nee

1104 2927 1255 2996 notoriis
1275 2940 1309 2996 et
1327 2928 1507 2997 atrocibus
1530 2925 1671 2996 iniuriis
1693 2927 1851 3017 publice,
1878 2939 1939 2994 atet
1959 2923 2089 3016 passim

1105 3030 1196 3100 cives
1211 3029 1345 3113 affecit,
1372 3031 1446 3099 imo
1470 3025 1588 3100 hostes
1611 3030 1717 3098 etiam
1738 3042 1924 3098 reccicatos
1950 3028 1989 3094 in
2019 3025 2091 3117 pri-

1104 3134 1233 3202 stinam
1251 3134 1461 3224 dignitatem
1476 3130 1642 3203 restituit.
1703 3131 1824 3223 Quare
1841 3132 2011 3201 iniustum
2025 3129 2090 3199 fuit

1105 3260 1186 3304 cum
1207 3235 1368 3306 interfici.
1419 3237 1512 3306 Nam
1536 3247 1576 3305 ut
1599 3245 1680 3302 ante
1704 3235 1796 3316 dixi,
1827 3231 2091 3323 magistratibus

1104 3339 1361 3407 condonandae
1385 3351 1469 3408 sunt
1491 3336 1644 3407 iniuriae
1667 3360 1742 3404 non
1761 3338 1936 3405 notoriae.
1995 3335 2091 3401 Sicut

1103 3438 1207 3510 lason
1222 3436 1380 3511 Phorcus
1395 3441 1530 3534 iuquit,
1556 3465 1656 3523 euni,
1678 3439 1740 3531 eqni
1754 3438 1791 3506 in
1806 3464 1944 3509 stenima
1960 3449 2090 3528 spectet

1104 3545 1150 3610 ad
1167 3543 1357 3625 iustitiam,
1382 3545 1494 3611 ntttlta
1517 3541 1660 3611 interim
1684 3541 1812 3610 iniusta
1838 3543 1875 3610 in
1897 3540 2091 3608 levioribus

1102 3648 1209 3716 rebus
1226 3646 1433 3728 admittere,
1460 3670 1551 3738 quae
1567 3646 1805 3712 condonanda
1823 3646 1891 3714 sint
1913 3666 2090 3713 sununam
2140 3676 2163 3694 s

1103 3748 1244 3839 imperii
1270 3749 1403 3830 tuenti,
1430 3761 1466 3818 et
1485 3750 1640 3817 formam
1661 3747 1877 3838 reipublicae
1901 3746 2030 3816 iudicia
2052 3768 2091 3811 ae

1104 3852 1197 3941 leges
1220 3851 1457 3921 conservanti.
1519 3851 1567 3919 Et
1586 3849 1776 3941 Euripides
1799 3851 1915 3944 inquit
1939 3850 1976 3916 in
1999 3844 2091 3915 hane

1102 3953 1331 4076 sententiam:
1348 3950 1415 4034 τὰς
1427 3957 1505 4026 τῶν
1519 3947 1762 4050 κρατούντων
1778 3949 1949 4046 ἀμαθίας
1966 3947 2090 4045 (pipere

1099 4081 1223 4150 χρεων
1233 4055 1293 4148 ⁷⁶).

1102 4250 1238 4316 Iurene
1262 4244 1531 4314 Constantinus
1555 4242 1694 4314 teitu-m
1715 4236 1828 4336 affini
1857 4246 1895 4308 et
1926 4239 2091 4333 collegae

1103 4359 1373 4458 confoederato
1396 4365 1544 4434 Licinio
1566 4362 1716 4450 intulit,
1750 4363 1944 4433 exercenti
1969 4362 2093 4428 saevi·

1384 4488 1480 4555 tium
1497 4487 1539 4552 in
1554 4477 1813 4553 Christianos?

1204 4634 1302 4703 Sicut
1319 4632 1355 4700 in
1370 4632 1448 4701 aliis
1465 4631 1602 4701 casibus
1618 4633 1748 4703 dehent
1764 4629 2092 4723 regesetpriucipes

1105 4750 1229 4806 contra
1261 4760 1366 4827 pares
1399 4734 1509 4804 armis
1532 4748 1567 4805 et
1595 4736 1754 4827 legitimo
1784 4736 1878 4803 hello
1904 4733 2092 4803 defendere

1103 4839 1263 4910 subditos
1294 4839 1520 4908 innocentes:
1549 4837 1596 4906 ita
1623 4840 1751 4908 dehent
1774 4838 1880 4906 etiam
1906 4834 2093 4905 defendere

1105 4942 1264 5013 subditos
1285 4939 1381 5031 pios,
1408 4942 1469 5034 qui
1487 4953 1660 5009 vocantur
1677 4942 1713 5009 in
1732 4942 1928 5032 periculum
1945 4949 2093 5030 propter

100 5066 146 5127 n)
162 5065 215 5116 tiis
227 5061 323 5114 vernis
336 5061 470 5110 crannus
489 5058 523 5108 oe
539 5056 703 5107 autoritate
715 5056 880 5120 principum
897 5055 1006 5117 ernian,
1025 5056 1053 5104 to
1105 5069 1225 5113 veram
1240 5043 1453 5114 doctrinam.
1499 5040 1654 5137 Ideoque
1670 5040 1849 5135 Propheta
1866 5041 1989 5112 Esaias
2004 5063 2093 5110 utin-

137 5147 189 5199 quo
207 5133 313 5182 dendo
330 5129 410 5177 huius
422 5127 561 5184 liuttomes
579 5125 712 5174 editiones
725 5137 784 5173 curn
797 5124 961 5173 editionibus
975 5122 1053 5173 buius

131 5204 267 5254 mm·
282 5197 472 5262 pceuttcrttius
490 5196 518 5243 tn
530 5194 659 5257 Protcgg.
679 5207 705 5255 p.
726 5194 757 5242 te
774 5205 814 5254 scr.
832 5194 1052 5243 connumeretis
1243 5209 1309 5216 —---

131 5269 304 5323 catulinus.

104 5358 147 5418 11)
162 5358 193 5408 tn
216 5355 269 5407 ld.
297 5353 374 5404 tm
401 5353 467 5403 tneo
495 5349 623 5412 qurcstto
647 5347 771 5409 proximo
804 5347 930 5409 sequitur
961 5348 1052 5398 ittam:

134 5430 209 5492 oue
224 5425 367 5478 &eninr
384 5421 556 5473 retentoria
573 5410 704 5470 dettctei
722 5414 797 5481 (pag.
816 5413 885 5484 81).

1140 5278 1304 5398 7δὲφίρειν
1320 5275 1438 5347 speeie]
1462 5279 1502 5328 sic
1520 5293 1636 5362 omnes..
1658 5282 1728 5344 qiiod
1753 5281 1871 5335 selinus.
1898 5278 1981 5329 tidltt.
2001 5274 2091 5336 Ertrlp.

1176 5349 1378 5482 *xxxma
1389 5350 1473 5400 notit.
1493 5350 1573 5399 butus
1587 5350 1657 5411 Eptt.
1673 5348 1761 5409 lm,
1783 5350 1856 5402 tito.
1872 5354 1899 5399 et
1912 5346 1986 5397 1546.
2006 5345 2091 5394 itinn:
