4544 5766
131 190 215 273 ert,
691 193 751 289 l'l
772 260 775 265 .
800 192 1004 281 §molta
1029 190 1092 281 lh}
1115 187 1364 289 uuonan
1386 175 1584 271 ‘rol’lctss
2057 210 2136 285 aa.

223 366 378 459 Quando
410 363 495 435 civis
523 365 708 439 Romanus
738 392 781 437 ex
811 366 981 451 muliere,
1014 390 1104 461 quoe
1155 363 1272 460 botl‘.)
1295 364 1388 437 inter
1410 388 1448 434 se
1468 363 1710 438 directionem.
1771 368 1912 447 solidus
1932 376 2049 469 paries
2072 395 2135 467 est,

120 492 200 539 non
212 465 366 539 habeon
380 468 434 541 ios
443 468 650 560 Qnirititnn,
671 469 802 541 liberos
814 470 979 563 suscepit,
1002 467 1105 537 liberi
1155 463 1288 561 inquo
1314 468 1431 539 nullus
1452 489 1554 537 arcos
1578 482 1645 537 est:
1678 471 1892 560 fornicatus,
1931 482 1993 576 qui
2013 508 2135 555 arcum

119 584 276 643 matrem
296 573 560 668 sequebantur,¹
578 597 643 643 nec
666 586 768 643 erant
789 571 828 641 in
850 585 1023 664 potestate
1033 571 1105 665 ⁴¹⁸)
1155 565 1275 639 habet.
1323 569 1362 639 si
1382 582 1501 639 autern
1516 571 1760 643 aedificaturus
1774 583 1972 654 communis
1989 588 2135 676 parietis

122 675 247 767 patris.
297 674 432 743 Rursus
454 674 559 743 etiam
581 677 725 769 quando
746 674 896 758 mulier,
928 699 1019 768 quae
1042 670 1105 744 ha·
1155 685 1293 765 partem
1322 669 1554 754 demoliatur,
1595 685 1631 741 et
1652 687 1734 743 ruat
1754 679 1909 773 reliquus
1932 688 2049 777 paries
2070 714 2134 763 sen

121 778 230 847 hebet
249 777 303 849 ins
320 776 534 869 Quiritium,
566 789 678 871 nupta
702 791 778 847 erat
800 777 1009 869 peregrino,
1043 788 1105 846 airt
1155 775 1292 858 loruix,
1316 775 1391 845 sine
1407 773 1621 844 aedificantis
1637 777 1757 868 culpa,
1783 785 1843 850 sed
1863 786 1945 878 quia
1967 791 2134 863 sustineri

123 878 249 962 alicui,
273 903 353 949 cum
367 906 439 972 qno
455 905 528 948 mm
545 879 690 950 oratius
706 879 886 962 connubii,
911 879 1014 950 liberi
1032 891 1104 948 ma*
1155 901 1229 945 non
1254 889 1416 968 poterat,
1447 900 1523 946 non
1551 878 1654 947 debet
1680 895 1859 970 praestare
1888 891 2059 965 damnum
2090 896 2132 979 is,

124 994 214 1053 trem
230 982 537 1078 sequebanturtt).
585 982 668 1053 Non
682 982 777 1052 enirn
794 995 870 1051 erat
894 981 948 1053 ius
971 1005 1104 1051 couno
1155 979 1215 1073 qui
1237 980 1401 1070 promisit
1422 980 1544 1048 damni
1568 980 1705 1064 inlecti,
1741 982 1824 1075 quia
1845 987 1920 1060 sine
1944 1019 2005 1064 sua
2029 999 2130 1090 culpa

123 1083 172 1153 bii
186 1082 322 1155 civibus
332 1084 521 1167 Romanis,
547 1083 617 1156 nisi
633 1110 712 1155 eum
730 1080 941 1155 habentibus
953 1085 1104 1176 iusQui-
1155 1082 1351 1152 communis
1365 1082 1482 1174 paries
1505 1081 1594 1161 ruit;
1628 1082 1855 1174 Digestorum
1870 1094 1914 1162 de
1929 1097 2060 1169 damno
2077 1101 2131 1170 in-

124 1186 246 1257 ritium
256 1185 316 1280 ⁴³).
384 1186 537 1279 Quando
562 1187 670 1279 igitur
694 1187 823 1257 mulier
853 1186 1102 1257 discedebata
1153 1186 1263 1268 fecto,
1288 1186 1363 1275 lege
1377 1183 1603 1266 Fluminum,
1624 1199 1658 1254 et
1672 1187 1747 1275 lege
1760 1186 1858 1261 inter
1871 1198 2029 1294 quos⁴⁶).

126 1289 221 1370 viro,
248 1313 323 1357 non
341 1289 499 1380 oportuit
520 1293 597 1358 ea'm
618 1302 755 1383 partem
777 1289 870 1360 dotis
892 1314 958 1381 pro
983 1288 1104 1359 liberis
1255 1284 1286 1377 ξ.
1300 1288 1362 1361 23.
1386 1289 1440 1358 At
1454 1287 1579 1378 effertis
1592 1284 1722 1385 renue]
1737 1287 1806 1361 lsta
1824 1299 1973 1386 pecunia
1988 1315 2040 1373 est
2055 1329 2129 1375 ma.

125 1393 218 1484 apud
234 1405 370 1482 patrem
394 1391 607 1485 relinquere.
664 1391 789 1486 Neque
810 1391 904 1479 enim
927 1392 1030 1462 liberi
1050 1415 1103 1461 se·
1153 1389 1381 1473 tristamilias,
1402 1412 1485 1479 ergo
1502 1401 1553 1459 est
1568 1389 1672 1458 etiam
1689 1391 1769 1462 viri.
1809 1396 1929 1470 Probo
1944 1404 1989 1472 ab
2003 1407 2130 1479 ellectu

125 1494 327 1588 quebantur
347 1506 498 1585 patrem.
1154 1495 1200 1561 ad
1215 1491 1385 1575 efficiens,
1408 1490 1491 1586 quia
1506 1492 1572 1561 ista
1589 1494 1738 1581 pecunia
1755 1497 1951 1574 dotalis-est
1971 1506 2039 1576 viri
2064 1524 2129 1583 etc.

227 1593 260 1686 ξ.
275 1599 337 1668 21.
361 1601 395 1666 Δ
417 1591 697 1693 repromittitur]
723 1592 969 1688 Repugnautia
987 1607 1103 1676 vocat,
1154 1600 1212 1665 Er
1234 1589 1510 1691 comparatione]
1538 1593 1823 1686 Comparationis
1847 1603 1917 1672 loci
1939 1610 1984 1676 ad
2006 1610 2131 1681 simili-

125 1721 216 1792 quae
232 1723 307 1767 non
329 1697 378 1767 ita
402 1698 562 1790 proxime
582 1698 676 1767 inter
699 1723 753 1783 se,
787 1699 843 1768 vel
864 1724 906 1769 ex
928 1697 1102 1767 diametro
1155 1696 1293 1767 tudines
1310 1695 1500 1789 pertinent.
1557 1696 1595 1765 si
1622 1696 1705 1767 iusti
1729 1701 1961 1793 adfliguntur,
1993 1729 2127 1805 quanto

110 1799 311 1870 dissident:
346 1812 406 1883 ut,
437 1800 519 1871 Non
544 1813 596 1869 est
619 1800 759 1884 album,
790 1824 874 1891 ergo
892 1825 965 1871 non
984 1798 1103 1869 estni·
1154 1799 1265 1890 magis
1289 1797 1416 1890 impii?
1454 1797 1492 1866 Si
1516 1797 1711 1889 imperator
1733 1827 1807 1873 non
1825 1821 1960 1897 potest,
1992 1830 2127 1907 quanto

124 1927 247 1992 grrrm,
278 1903 440 1973 rubrum.
495 1901 605 1993 Finge
626 1903 710 1999 faeti
731 1902 897 1996 speciem.
947 1902 1104 1995 Quidam
1153 1901 1270 1970 minus
1283 1898 1413 1994 eques?
1460 1899 1597 1991 Regula
1610 1901 1826 1977 Aristotelis:
1860 1911 1897 1980 si
1921 1914 1958 1983 id
1977 1939 2053 1987 non
2075 1919 2128 1989 in-

123 2017 334 2075 testamento
356 2007 450 2075 facto
474 2005 585 2075 hlium
606 2001 796 2076 haeredem
814 2004 983 2076 instituit:
1023 2005 1103 2074 sub-
1154 2015 1225 2087 est,
1252 2004 1349 2097 quod
1361 2000 1473 2092 magis
1487 2002 1600 2075 inesse
1614 2005 1770 2076 videtur:
1804 2013 1916 2083 multo
1940 2018 2057 2091 minus
2079 2021 2128 2108 id,

124 2107 238 2178 stituit
251 2120 285 2176 et
297 2105 427 2189 alium,
453 2107 516 2200 qui
530 2107 602 2177 filio
620 2108 801 2178 decedenti
824 2108 918 2177 intra
938 2108 1103 2200 puberta·
1153 2108 1250 2200 quod
1270 2104 1388 2177 minus
1408 2104 1520 2175 inesse
1543 2107 1694 2180 videtur.
1768 2114 1812 2182 In
1831 2140 1870 2188 re
1888 2119 2047 2220 maiore]
2077 2138 2129 2210 ut,

126 2222 196 2279 tem
210 2211 432 2294 succederet,
457 2209 487 2281 is
501 2213 674 2281 secundus
690 2206 813 2281 haeres
830 2209 971 2281 dicitur.
1010 2209 1102 2278 Con·
1152 2206 1291 2298 Religio
1317 2220 1369 2278 est
1391 2207 1560 2292 colenda,
1595 2233 1681 2302 ergo
1698 2210 1838 2286 litterae
1867 2221 2053 2309 colendae,
2092 2242 2128 2298 et

124 2311 240 2383 stituit
253 2325 370 2382 autem
387 2313 457 2397 ille,
478 2325 518 2383 ut
533 2311 623 2382 filius
636 2313 856 2404 permitteret
868 2310 972 2382 uxori
984 2336 1103 2383 usum·
1153 2307 1334 2380 charitatis
1371 2309 1486 2380 officia
1517 2310 1689 2383 facienda.
1784 2322 1885 2390 dines
1918 2348 2034 2416 repere
2076 2344 2128 2401 ost

125 2414 278 2485 fructum
295 2416 515 2485 ancillarum.
555 2414 666 2486 Filius
681 2414 773 2485 intra
788 2415 1011 2508 pubertatem
1025 2437 1102 2483 mo-
1153 2412 1399 2483 disterminare
1422 2435 1538 2502 agros.
1594 2412 1698 2485 Actio
1721 2416 1840 2514 itaque
1862 2423 1985 2496 finium
2005 2452 2128 2523 regen·

125 2517 229 2590 titur.
278 2514 351 2586 lam
366 2519 539 2589 secundus
555 2512 678 2588 haeres
701 2520 778 2589 vult
800 2519 936 2610 eripere
960 2517 1102 2585 aneilla·
1153 2518 1281 2585 dorum
1302 2516 1348 2584 ad
1369 2538 1472 2605 agros
1493 2514 1665 2605 pertinet,
1703 2543 1777 2589 non
1808 2525 1854 2592 ad
1882 2529 2039 2602 aedificia
2067 2560 2127 2604 ur-

126 2644 205 2691 rum
226 2622 484 2691 usumfructum
499 2619 660 2704 mulieri,
685 2620 767 2714 quia
784 2644 858 2689 non
873 2620 919 2690 sit
935 2617 1102 2689 constitu·
1151 2619 1264 2701 bana,
1288 2616 1379 2687 sicut
1399 2615 1665 2689 iurisconsultus
1687 2621 1737 2690 ait
1755 2622 1793 2691 in
1807 2621 1960 2715 Digestis
1982 2630 2127 2709 Finium

127 2735 201 2795 turn
230 2746 411 2814 expresse,
446 2725 543 2817 quod
572 2723 745 2794 secundus
772 2717 897 2794 haeres
920 2723 1046 2793 debeat
1070 2718 1103 2789 ei
1151 2722 1405 2813 regundorum.
1461 2717 1539 2788 lloc
1555 2718 1723 2791 indicium
1736 2724 1853 2798 locum
1867 2723 1974 2804 babet
1989 2732 2026 2805 in
2044 2763 2128 2809 con·

127 2823 331 2919 permittere
354 2828 609 2897 usumfructum
633 2825 861 2909 ancillarum,
885 2825 1102 2918 sedprimus
1152 2825 1236 2895 finio
1251 2821 1478 2916 praediorum
1493 2824 1724 2910 rusticorum,
1754 2827 1792 2898 in
1817 2831 2035 2908 urbanorum
2057 2841 2128 2914 dis-

128 2926 262 2999 haeres.
315 2927 438 2997 Cicero
458 2940 564 3020 negat
582 2953 685 3020 posse
709 2927 799 3020 eripi
818 2926 979 3013 mulieri,
1005 2928 1103 3022 quod
1152 2923 1343 3020 plicuit⁴⁷).
1392 2922 1495 2992 Actio
1512 2947 1626 3019 aquae
1641 2927 1783 3018 pluviae
1805 2939 1977 3007 arcendae
2000 2945 2126 3017 adver·

129 3041 338 3102 testamento
353 3033 475 3101 datum
493 3031 549 3101 sit.
601 3030 666 3100 Hic
689 3042 890 3124 repugnant
909 3028 1044 3122 eripere
1068 3040 1103 3097 et
1153 3055 1211 3102 sus
1233 3053 1313 3098 eum
1339 3027 1527 3118 competit,
1554 3030 1671 3121 quiin
1696 3055 1781 3124 agro
1803 3036 1931 3111 fossam
1953 3043 2056 3131 facit,
2088 3048 2126 3118 in

129 3133 331 3204 concedere.
409 3138 442 3205 A
458 3128 564 3230 filio]
590 3131 697 3225 Quod
718 3133 809 3223 lilius
833 3134 936 3203 debet
957 3131 1102 3224 permit·
1154 3157 1262 3228 quam
1292 3130 1433 3220 colligat
1466 3152 1615 3223 aquam,
1661 3146 1720 3204 ant
1758 3139 1925 3226 deducat,
1974 3170 2016 3216 ex
2055 3176 2125 3245 qua

130 3248 210 3308 tere.
308 3239 424 3331 Neque
444 3261 466 3306 a
486 3240 630 3307 secundo
649 3230 821 3334 haerede]
855 3233 895 3303 ld
920 3248 990 3320 est,
1027 3258 1102 3303 non
1154 3238 1323 3303 damnum
1353 3231 1456 3302 alteri
1484 3231 1622 3304 accidit.
1685 3234 1737 3305 Ea
1760 3264 1901 3337 quoque
1920 3258 2057 3321 tantum
2081 3256 2126 3322 ad

129 3338 206 3409 lecit
236 3337 476 3421 mentionem,
522 3339 618 3432 quod
646 3340 818 3408 secundus
846 3333 971 3408 haeres
1000 3338 1104 3406 dehet
1153 3337 1282 3408 rustica
1303 3334 1448 3425 praedia
1472 3335 1646 3425 pertinet,
1677 3338 1766 3409 sicut
1787 3342 2043 3424 iureconsultus
2066 3355 2126 3427 ait.
2207 3419 2211 3426 .

129 3439 343 3535 permittere.
427 3443 519 3526 Quod
539 3435 662 3537 enim]
693 3439 822 3522 Ratio,
854 3465 938 3509 nam
964 3452 1103 3509 contra·
1152 3438 1241 3510 ltem
1258 3437 1439 3508 sciendum
1463 3449 1534 3519 est,
1559 3432 1652 3507 hanc
1672 3442 1847 3515 actionem
1867 3473 1942 3519 non
1965 3452 2052 3526 alias
2075 3457 2127 3526 lo-

129 3545 178 3613 tia
199 3567 277 3612 non
300 3543 430 3612 cadunt
451 3542 490 3610 in
511 3541 626 3620 idem;
669 3555 704 3611 et
725 3543 784 3611 illa
808 3554 892 3612 sunt
913 3540 1103 3624 contraria,
1155 3567 1235 3611 eum
1255 3536 1404 3623 habere,
1441 3540 1601 3632 quamsi
1623 3546 1853 3636 aquapluvia
1883 3576 1969 3644 agro
1989 3572 2128 3632 noceat.

130 3649 262 3717 donare
280 3656 315 3713 et
333 3646 482 3714 aulerre.
1155 3644 1341 3714 Caeterum
1364 3642 1395 3712 si
1419 3639 1579 3710 aedilicio
1602 3643 1658 3712 vel
1680 3648 1811 3739 oppido
1834 3668 1979 3741 noceat,
2018 3675 2129 3732 cessat

102 3733 104 3736 ⁵
230 3744 261 3839 ᾗ.
276 3751 336 3821 22.
363 3749 416 3818 Ab
430 3746 648 3837 efficientibus
661 3738 802 3843 cousin]
826 3743 880 3815 Ex
896 3743 1009 3815 camis
1029 3766 1105 3813 ma·
1154 3745 1246 3816 actio
1262 3740 1361 3815 haec.
1408 3742 1477 3835 Agi
1497 3757 1616 3815 autem
1633 3746 1683 3816 ita
1705 3753 1855 3841 poterit,
1881 3756 1935 3830 ius
1957 3785 2033 3832 non
2055 3789 2127 3836 esse

128 3852 220 3920 xima
235 3847 481 3919 definitionum
495 3873 578 3941 pars
595 3847 796 3926 conticitum
822 3871 905 3916 nam
927 3846 1002 3919 sine
1024 3869 1104 3915 cau·
1154 3847 1328 3921 stillicidia
1351 3846 1404 3915 vel
1424 3846 1571 3917 flumina
1594 3848 1795 3928 immittere.
1844 3857 1909 3932 Est
1924 3877 2040 3933 autern
2053 3888 2129 3936 ma.

127 3952 170 4025 sis
195 3977 254 4023 res
274 3951 424 4043 intelligi
446 3951 581 4046 nequit
642 3947 826 4023 Damnum
849 3950 1017 4021 iniectum
1041 3960 1104 4033 est,
1155 3952 1208 4024 ius
1231 3952 1319 4021 fines
1341 3973 1483 4040 regere,
1515 3975 1622 4045 quam
1649 3977 1780 4050 aquam
1806 3961 1965 4052 pluviam
1996 3989 2127 4052 arcere,

129 4056 226 4149 quod
238 4057 400 4125 nondum
416 4056 633 4137 factumest,
659 4054 720 4123 sed
736 4052 881 4122 timetur
895 4054 1066 4123 futurum.
1155 4054 1240 4150 quia
1252 4052 1352 4144 prius
1366 4066 1419 4124 est
1432 4055 1518 4124 fines
1533 4054 1789 4130 disterminare.
1838 4061 1979 4135 Etenim
1995 4067 2025 4136 si
2038 4071 2126 4141 fines

237 4161 360 4229 Parios
392 4160 574 4228 eommunis
607 4167 682 4239 est,
730 4180 834 4248 quem
870 4153 1104 4226 communiter
1155 4180 1324 4249 agrorum
1336 4180 1411 4225 non
1428 4170 1542 4228 essent
1556 4156 1808 4245 disterminati,
1834 4188 1909 4236 non
1929 4184 2048 4258 posset
2068 4173 2126 4264 agi

128 4256 315 4331 aedificant
328 4257 451 4328 vicini:
479 4258 622 4328 adeum
645 4255 739 4326 enim
762 4256 816 4328 ius
839 4252 947 4327 habet
969 4256 1104 4327 vicinus
1155 4261 1198 4330 de
1214 4282 1306 4353 aqua
1323 4259 1444 4351 pluvia
1456 4263 1625 4331 arcenda:
1660 4274 1700 4331 ut
1712 4263 1743 4333 si
1759 4264 1916 4339 aedificia
1938 4271 2037 4342 nulla
2058 4274 2127 4345 dis·

129 4361 321 4454 adiungere
343 4361 552 4432 aedilicium.
601 4356 764 4433 Directus
786 4359 903 4452 paries
923 4373 974 4431 est
994 4358 1105 4429 conti·
1155 4364 1274 4434 iuncta
1292 4375 1427 4446 essent,
1457 4385 1532 4432 non
1548 4374 1637 4433 esset
1650 4363 1693 4433 de
1708 4364 1892 4443 stillicidiis
1914 4373 2034 4470 aliqua
2057 4377 2128 4451 dio-

129 4489 218 4557 gons
232 4463 448 4561 paries⁴³⁸),
475 4462 538 4559 qui
558 4462 654 4533 iuxta
678 4462 828 4555 alterum
851 4462 1045 4546 attollitur,
1072 4473 1104 4530 et
1156 4464 1284 4539 sensio.

130 4567 463 4659 eicoagmentatur,
484 4567 574 4637 sicut
589 4563 814 4635 etVitruvius
828 4564 878 4633 ait
893 4562 986 4635 libro
999 4564 1106 4656 septi·
1258 4559 1483 4661 Convenere]
1508 4563 1544 4634 Si
1560 4563 1597 4633 in
1616 4567 1704 4637 urbe
1726 4592 1818 4665 aqua
1841 4590 1998 4663 arcetur,
2021 4579 2129 4673 igitur

131 4670 267 4767 mo“):
309 4669 608 4761 coagmentorum
636 4665 847 4759 compositio
877 4668 1021 4758 planam
1044 4662 1106 4736 ha·
1156 4673 1242 4741 fines
1257 4678 1438 4758 reguntur.
1487 4667 1723 4762 Praescriptio
1748 4674 1857 4746 estin
1880 4702 1919 4749 re
1942 4679 2129 4770 immobili,

1156 4768 1323 4862 usucapio
1356 4766 1393 4836 in
1421 4790 1459 4836 re
1488 4770 1632 4857 mobili,
1676 4775 1740 4845 sed
1768 4789 1901 4855 veteres
1928 4784 2129 4876 promiscue

161 4938 400 5009 srttporernto]
418 4941 629 5007 nenr.1aao.;
652 4940 681 4993 in
698 4936 891 5005 nuttam,
912 4938 1089 5037 ¹⁶⁴¹LM‘
1190 4970 1240 5030 ὣ)
1257 4969 1352 5027 um]
1369 4964 1510 5017 'mm
1527 4967 1618 5034 m,
1638 4970 1729 5035 Μ’
1750 4973 1841 5041 ,Q
1872 4980 1944 5040 W
1962 4981 2129 5035 mua

161 5044 212 5107 aa)
228 5045 380 5108 scamno
395 5042 415 5094 ι.
431 5044 450 5094 c
469 5039 497 5110 ς.
509 5043 569 5096 aon
588 5057 612 5106 o.
626 5042 673 5093 en
692 5055 735 5105 sq.
1223 5040 1262 5089 n.
1286 5038 1374 5091 eottn
1397 5037 1546 5089 sonore
1567 5038 1657 5106 (ιιμ.
1682 5040 1757 5096 reor.
1779 5044 1822 5104 a)
1845 5046 1875 5099 r.
1892 5047 1911 5099 ι
1935 5047 1955 5100 1.
1970 5049 1990 5100 c
2004 5052 2129 5118 ‚nrm

162 5145 214 5212 42)
230 5147 319 5196 ΔΜ
335 5142 387 5194 Η·
403 5142 435 5194 ἲ·
451 5141 471 5194 ¹·
490 5156 516 5204 Ρ·
529 5141 572 5191 ⁸⁶·
1191 5107 1508 5255 “huminem
1525 5191 1567 5246 ut
1578 5191 1605 5246 2.
1626 5193 1891 5249 nonannoeane·
1908 5200 1960 5255 stc.
1976 5201 1996 5255 l.
2006 5201 2050 5255 24.
2062 5203 2130 5255 Ulu-

162 5250 232 5307 σν)
248 5246 280 5298 ln
303 5242 664 5311 saracenatorum.
688 5244 782 5295 vertis
806 5244 946 5310 portem
968 5244 1109 5301 directim
1225 5259 1327 5313 ,ιω
1341 5260 1509 5325 „annnorum
1525 5264 1576 5319 σω,
1592 5264 1621 5312 et
1637 5261 1713 5316 mo,
1729 5264 1806 5313 lm,-
1823 5277 1891 5327 quo.
1910 5269 2001 5333 mg„
2018 5273 2070 5325 ,η

197 5316 339 5381 adscripta
355 5317 433 5365 sont:
457 5314 487 5364 ld
505 5316 565 5378 est,
583 5312 747 5366 contlnoon.
1191 5346 1242 5409 a)
1257 5346 1317 5397 m
1332 5345 1458 5410 ¹¹⁴¹&ss
1472 5370 1509 5383 -
1524 5346 1688 5413 mmmm
1707 5348 1775 5399 m
1792 5352 1856 5399 'm
1872 5355 1959 5405 mu
1974 5356 2080 5421 mm
2095 5360 2129 5412 x·

165 5423 217 5481 u)
233 5415 358 5469 Vltmvll
375 5415 409 5465 do
426 5415 608 5466 architectura
624 5412 643 5465 l.
657 5412 718 5469 vn.
734 5426 758 5471 c.
774 5414 800 5480 t,
815 5416 841 5471 4,
1227 5414 1270 5468 tlt
1284 5414 1308 5466 l.
1325 5414 1431 5466 tunm
1448 5415 1647 5482 remotorum,
1667 5414 1739 5481 lqlr
1752 5418 1779 5469 ι
1795 5412 1823 5484 5,
1840 5419 1881 5477 to,
2035 5454 2040 5465 .

134 5507 316 5571 qumo.
332 5500 436 5566 orco.
467 5499 551 5564 Vol..
568 5497 656 5562 xv1.
1137 5482 1142 5493 '
1479 5482 1529 5557 52
