4544 5766
91 218 187 296 nm
409 209 485 288 xu.
534 208 820 289 nummus
856 208 1117 286 omuoms
1152 185 1403 285 nonanus
1444 210 1544 288 rao
1583 215 1767 294 canuc.
2006 214 2104 310 nto

186 389 275 481 Cap.
293 384 351 459 lll.
378 381 411 478 ἓ.
428 385 464 460 6.
499 391 543 458 Ut
557 391 603 458 act
618 411 670 458 me
684 384 855 479 emetur]
879 382 996 477 Auget
1012 410 1069 455 ex·
1118 385 1223 456 riem.
1305 387 1459 480 Stimuli]
1493 386 1624 473 idest,
1656 405 1732 462 erat
1755 396 1892 472 deditus
1914 403 2100 497 voluptati,

91 495 204 586 emplo
229 515 315 576 suo,
349 490 418 560 luit
441 488 537 559 enim
551 490 717 580 Arpinas
743 484 880 560 Cicero.
955 492 1072 560 Fonti-
1118 487 1335 571 laboriosus,
1367 500 1403 558 et
1423 490 1599 563 studiosus
1621 492 1674 561 rei
1697 496 1872 575 militaris.
1955 510 2098 601 myra.

91 597 158 690 ius]
184 592 318 666 scilicet
337 615 501 663 meorum
515 592 710 664 maiorum.
784 593 876 662 Nam
890 591 990 687 quod]
1013 588 1070 658 Ad
1117 591 1213 682 iant]
1241 587 1275 657 A
1295 590 1494 676 contrario,
1534 617 1615 665 war
1636 595 1694 665 ein
1717 598 1973 698 muthvvilliger
1993 611 2098 686 buhe.

91 699 229 770 :ertium
246 697 383 766 crimen
398 697 441 764 de
454 693 625 787 pudicitia
643 695 835 785 respondet
856 715 922 783 per
939 692 1070 761 infitia-
1117 693 1249 788 Neque]
1277 687 1516 789 iniquisque,
1543 698 1637 768 diese
1656 701 1844 796 descriptio
1861 708 1907 778 ist
1926 712 1991 780 der
2009 715 2098 783 fein-

91 804 232 873 tionem.
302 797 492 888 Paeniteat]
509 796 764 868 VideGellium
779 795 841 866 lib.
856 796 915 868 17.
931 819 1008 886 cap.
1023 797 1068 879 1.,
1116 794 1384 894 stebosse¹)'in
1406 808 1480 867 tota
1504 799 1679 873 oratione.
1734 805 1861 880 Dicere
1883 835 2024 884 causam
2047 832 2099 890 est

91 904 147 1000 qui
165 901 317 995 explicat
337 897 434 971 bunc
454 901 585 974 locum.
691 903 782 971 Sunt
799 900 938 991 etenim]
969 895 1067 967 Loco
1117 921 1191 969 csse
1210 920 1325 970 reum.

91 1004 269 1078 :ommuni
288 997 445 1074 detrabit
466 1003 572 1074 fidem
594 999 882 1083 maledicentiae,
914 1011 1068 1071 constat·
1218 995 1516 1093 cap.v1.§.·13.
1552 1006 1777 1104 clarioribus]
1801 1012 1917 1087 Ware
1938 1018 2005 1088 mit
2028 1022 2098 1091 den

91 1135 153 1206 que
182 1101 528 1202 dursumufloiqiffl).
614 1106 685 1176 Sed
709 1103 818 1195 aliud]
850 1101 1066 1176 Translatio.
1117 1095 1331 1174 ehrlichsten
1345 1126 1520 1173 mennern
1535 1102 1619 1176 sehr
1638 1112 1714 1180 vvol
1736 1114 1823 1186 eins.
1900 1123 2097 1217 iucundior]

91 1212 272 1284 l'ranslert
296 1207 393 1278 enim
420 1206 681 1278 accusationem
703 1204 743 1274 in
767 1203 1065 1277 maledictionem.
1115 1205 1247 1276 scilicet
1276 1204 1344 1277 fuit
1373 1203 1478 1276 simul
1499 1208 1707 1284 coniunctus
1727 1216 1831 1290 claris
1854 1233 1890 1292 et
1911 1221 2096 1316 improbis.

91 1313 214 1394 ῖλλως.
263 1307 381 1381 Locus
395 1309 593 1380 communis
606 1309 650 1377 de
665 1306 855 1391 conviciis,
880 1333 971 1401 quae
988 1307 1065 1380 sine
1114 1309 1291 1401 Partium]
1315 1306 1364 1378 lst
1377 1308 1547 1401 allewege
1561 1312 1630 1404 bey
1652 1314 1721 1385 den
1744 1316 1956 1394 ebrlichsten
1977 1328 2097 1398 leuten

91 1413 288 1488 estimonio
304 1412 482 1484 dicuntur.
542 1414 722 1484 Accusatio
736 1413 864 1482 crimen
878 1411 1065 1502 deciderat]
1115 1411 1320 1501 gestanden,
1339 1423 1462 1481 contra
1479 1413 1615 1503 vulgus.
1656 1416 1841 1494 Meliorem
1851 1425 1883 1521 ⁹)
1901 1452 1974 1500 esse
1990 1431 2097 1522 signi.

91 1518 210 1593 Wenu
224 1517 323 1586 einer
336 1508 545 1605 liirgericht
558 1514 696 1605 kimpt,
711 1511 819 1584 soler
832 1509 1065 1604 nichtsagen,
1114 1513 1197 1582 licat
1228 1536 1302 1583 esse
1326 1515 1421 1606 apud
1443 1515 1641 1607 principem
1663 1535 1788 1594 contra
1810 1528 1954 1618 vulgus,
1995 1534 2097 1629 quasi

91 1625 147 1692 ler
175 1620 223 1690 ist
250 1616 309 1688 ein
337 1618 442 1688 biiser
461 1612 622 1700 schalck,
661 1615 818 1688 sondern
842 1637 883 1684 er
905 1615 961 1686 sol
981 1618 1065 1686 dem
1115 1615 1224 1685 dicat:
1256 1614 1460 1710 Aliquando
1486 1617 1555 1688 fuit
1577 1621 1761 1710 defensor,
1792 1640 1914 1718 postea
1936 1634 2098 1707 adiunxit

91 1718 230 1796 hichter
257 1720 446 1811 anzeigen,
485 1742 565 1792 was
583 1741 623 1789 er
644 1712 775 1810 gethan
797 1711 882 1801 hat,
918 1741 998 1788 wer
1026 1741 1065 1788 er
1114 1717 1184 1788 sibi
1210 1718 1361 1809 vulgus,
1407 1733 1442 1790 et
1474 1719 1588 1790 voluit
1619 1725 1756 1815 patriae
1788 1730 1921 1802 bellum
1953 1735 2095 1810 inferre.

91 1851 163 1922 my,
194 1824 271 1895 und
292 1824 348 1895 sol
369 1844 545 1913 gezeugen
567 1821 762 1893 fiirstellen.
865 1821 1063 1912 Urianitus]
1114 1822 1330 1913 Rapacitate]
1355 1821 1498 1894 Profusi
1518 1819 1680 1897 homines
1700 1831 1910 1931 plerumque
1934 1850 2018 1908 sunt
2038 1863 2096 1909 ra-

91 1930 262 2001 ldccoro
277 1947 464 2020 personae.
1114 1945 1230 2014 paces.
1308 1926 1468 2020 Obsequio
1489 1924 1646 2025 tueri⁸)]
1672 1953 1712 2001 er
1732 1933 1866 2009 kindte
1890 1934 2000 2010 ihnen
2021 1943 2094 2013 die-

186 2026 219 2121 §.
236 2029 272 2104 7.
297 2020 511 2125 raretum]
528 2019 883 2096 scilicethtratinum.
943 2025 1064 2118 tuere]
1114 2048 1198 2099 nen.
1274 2029 1542 2120 Carmaniam]
1567 2024 1724 2118 erhalff,
1751 2062 1813 2107 wo
1834 2064 1870 2113 es
1889 2066 1962 2112 von
1986 2048 2096 2115 niiten

91 2129 139 2206 ch
154 2157 235 2204 mus
252 2126 379 2215 seben,
405 2132 469 2200 das
484 2127 556 2198 wir
569 2128 717 2197 lreunde
729 2125 882 2199 bleiben.
1115 2151 1207 2200 war.
1280 2131 1421 2200 Servire
1433 2134 1649 2227 tenporibus]
1669 2159 1707 2205 er
1722 2136 1856 2214 kondtc
1872 2143 1943 2214 den
1961 2149 2095 2217 mantel

185 2232 218 2326 ξ.
236 2233 272 2331 8.
297 2234 434 2325 Pateat]
460 2232 555 2302 denn
570 2253 606 2302 es
623 2229 695 2298 han
712 2227 770 2299 ein
785 2227 885 2321 jeder
897 2221 1064 2300 schelten.
1114 2223 1266 2320 hengen,
1280 2252 1342 2298 wo
1357 2230 1421 2300 der
1431 2230 1564 2304 Windt
1579 2228 1644 2305 her
1657 2233 1788 2314 wehet.
1843 2250 1987 2320 Versare
2000 2274 2095 2322 mam

188 2339 276 2430 Cap.
290 2332 350 2406 IV.
377 2332 409 2428 ξ.
424 2333 460 2406 9.
484 2339 575 2406 Nam
589 2330 710 2429 quoad]
733 2328 833 2402 Alius
848 2331 946 2423 locus
968 2354 1065 2400 com·
1115 2332 1289 2423 naturam]
1304 2331 1342 2401 id
1358 2345 1421 2416 cst,
1440 2328 1594 2405 babebat
1610 2342 1773 2413 versatile
1788 2343 1984 2438 ingenium.
2022 2350 2095 2420 Ob-

91 2435 202 2512 nunis
232 2442 276 2509 de
304 2440 441 2530 pudore
474 2433 718 2508 adolescentis.
794 2439 872 2506 Fuit
901 2431 1064 2525 menum]
1115 2434 1288 2506 servanda
1304 2433 1429 2505 estilla
1446 2436 1657 2529 descriptio,
1679 2443 1717 2510 in
1739 2469 1809 2540 qua
1832 2475 1951 2523 mores
1974 2451 2097 2522 Catili.

91 2544 194 2636 iigno
223 2540 357 2632 colligit
384 2539 646 2623 coniecturam,
687 2535 848 2607 Caelium
872 2559 894 2605 a
915 2535 1064 2606 crimine
1114 2559 1183 2606 nae
1213 2546 1385 2631 tanquam
1406 2538 1573 2630 penicillo
1596 2545 1854 2634 exprimuntur.
1955 2555 2097 2647 Severe]

91 2648 240 2718 ilienum
258 2668 343 2716 esse.
1116 2633 1294 2709 ernstlicb.
1359 2644 1523 2735 iucunde]
1547 2640 1712 2720 friiblich.
1770 2654 1947 2746 Graviter]
1970 2657 2096 2747 tapfer.

184 2745 216 2840 §.
234 2748 294 2820 10.
319 2750 412 2818 Nam
425 2749 510 2838 quod
526 2742 708 2835 Catilinae]
733 2741 910 2835 Quartum
931 2739 1065 2811 crimen
1117 2741 1279 2832 comiter]
1304 2739 1515 2817 freundlicb.

91 2855 123 2922 le
141 2848 390 2942 familiaritate
414 2845 587 2916 Catilinae
610 2847 770 2916 confutat
793 2866 813 2913 a
835 2842 955 2934 signo:
980 2841 1064 2914 Non
1219 2837 1251 2933 ἓ.
1264 2840 1323 2915 14.
1345 2846 1543 2940 Goileqerat]
1560 2840 1624 2915 hat
1637 2842 1712 2917 ihm
1725 2848 1910 2939 jederman
1924 2881 1968 2928 zu
1977 2854 2098 2929 11111-

91 2954 151 3027 'nit
177 2950 365 3024 familiaris
391 2948 584 3034 Catilinae,
620 2973 701 3018 curn
729 2958 819 3017 esset
850 2946 1065 3028 adolescens,
1115 2944 1160 3013 de
1182 2941 1357 3034 gemacht.
1436 2951 1554 3044 Neque
1571 2953 1732 3044 unquam]
1763 2952 1826 3025 Est
1848 2952 1996 3049 pulchra
2019 2983 2097 3030 am·

91 3056 169 3153 quia
203 3056 271 3128 luit
299 3051 485 3125 familiaris
515 3051 661 3122 inimico
694 3049 887 3132 Catilinae,
933 3047 1066 3119 scilicet
1114 3045 1304 3139 plilicatio,
1329 3060 1365 3118 et
1380 3050 1538 3142 egregius
1558 3049 1668 3125 locus.
1744 3059 1940 3152 Batitisset]
1969 3062 2095 3147 idest,

91 3155 186 3230 nihi.
261 3162 310 3230 As
329 3156 436 3247 enim]
460 3156 638 3246 Pernegat
653 3152 806 3223 collectis
820 3151 928 3242 signis
946 3174 967 3220 a
984 3150 1063 3220 loco
1115 3161 1258 3222 exortus
1278 3161 1369 3224 esset
1388 3164 1423 3220 et
1441 3153 1622 3226 excitatus.
1691 3155 1799 3250 Quod
1819 3160 1947 3231 Graeci
1975 3164 2098 3235 dicunt

91 3276 115 3333 tt
131 3275 309 3353 tempore.
382 3261 548 3331 Causam.
564 3308 573 3329 .
590 3256 750 3349 ..diritJ
775 3250 844 3325 hoc
860 3266 928 3338 est,
953 3277 991 3324 se
1007 3278 1065 3323 ex·
1114 3249 1355 3350 Existere⁸⁸),
1380 3251 1501 3324 Latini
1515 3255 1806 3345 dicuntExoriri,
1830 3275 1882 3348 ut,
1907 3264 1960 3335 Ex
1973 3263 2094 3337 schola

91 3362 240 3448 assavit,
267 3375 302 3431 et
317 3361 485 3433 defendit.
543 3359 695 3431 Catilina
711 3356 805 3427 enim
823 3356 1064 3440 accusabatur,
1115 3365 1191 3424 tota
1206 3354 1273 3426 ista
1291 3354 1406 3426 extitit
1420 3356 1487 3428 ista
1505 3357 1647 3451 opinio,
1672 3354 1742 3431 hoc
1758 3374 1829 3448 est,
1855 3379 1976 3437 exorta
1994 3382 2096 3440 estet

91 3469 182 3566 [uod
198 3465 381 3558 spoliasset
394 3463 608 3557 provincias.
639 3458 859 3555 Sallust¹⁰⁸).
1116 3456 1276 3528 excitata.
1332 3456 1391 3528 Sic
1412 3459 1500 3528 alibi
1517 3484 1600 3532 usus
1623 3461 1733 3531 estin
1753 3463 1887 3552 Bruto,
1919 3492 1999 3540 cum
2024 3471 2091 3541 ait:

185 3568 272 3660 Cap.
285 3566 329 3638 V.
357 3562 388 3656 ἓ.
399 3566 459 3642 12.
483 3566 639 3657 studuit]
660 3563 831 3634 Concedit
842 3559 949 3631 luisse
962 3558 1065 3629 lami·
1113 3557 1161 3628 Et
1176 3558 1329 3658 lateor⁴)
1345 3584 1403 3630 me
1419 3574 1612 3646 oratorem,
1635 3563 1787 3634 simodo
1804 3568 1883 3654 sim,
1909 3575 2095 3642 autetiam

90 3676 210 3744 iarem
227 3670 412 3742 Catilinae.
463 3668 592 3750 ἄλλως.
619 3664 824 3737 Concessio:
859 3662 944 3733 Fuit
962 3663 1065 3732 fami·
1115 3662 1318 3756 quicunque
1337 3662 1423 3746 sim,
1461 3688 1538 3735 non
1557 3690 1600 3736 ex
1621 3661 1806 3740 rhetorum
1830 3673 1997 3760 officinis,
2035 3680 2095 3748 sed

91 3776 184 3848 iaris
207 3773 402 3856 Catilinae,
433 3775 496 3844 sed
527 3771 601 3840 iam
635 3766 806 3862 grandior
832 3768 965 3850 factm,
1002 3765 1066 3837 ubi
1115 3788 1158 3833 er
1177 3764 1388 3835 Academiae
1412 3768 1536 3857 spatiis
1557 3766 1730 3858 extitisse,
1762 3767 1829 3842 boc
1851 3788 1921 3860 est,
1954 3792 2096 3849 exortus

91 3879 246 3951 notibus
259 3900 335 3945 non
352 3887 429 3944 erat
443 3874 653 3969 periculum.
709 3870 877 3942 Defendit
889 3872 934 3938 ab
948 3891 1064 3939 exem·
1115 3868 1173 3936 vel
1201 3867 1371 3938 excitatus
1402 3892 1492 3942 sum.
1549 3872 1607 3942 Sic
1629 3873 1735 3943 etiam
1758 3875 1925 3949 dicimus:
1963 3881 2095 3949 Omnia

91 3983 173 4076 olis,
205 3991 241 4049 et
263 3978 406 4048 additur
427 4000 531 4048 causa
555 4000 577 4046 a
601 3974 775 4047 Catilinae
796 3972 990 4057 industria,
1029 3984 1065 4041 et
1115 3969 1209 4040 mala
1231 3971 1369 4042 existis
1391 3972 1550 4045 fontibus
1573 3975 1773 4047 extiterunt.
1857 3982 1986 4073 Quare]
2011 3982 2096 4074 Epi·

91 4083 333 4157 lescribuntur
356 4080 555 4150 contrariae
578 4077 696 4149 resin
721 4077 886 4148 Catilina.
935 4076 1062 4146 Postea
1114 4073 1227 4164 lngus.
1300 4077 1507 4170 Respuutur]
1531 4078 1586 4148 sol
1600 4080 1817 4148 verworffen
1832 4083 1919 4152 sein.
2001 4089 2092 4154 Hae-

91 4210 199 4259 ›auca
215 4185 390 4280 quaedam
411 4183 577 4253 dicuntur
597 4181 644 4251 ad
669 4181 904 4252 excusandam
918 4178 1065 4249 societa-
1117 4174 1209 4267 reat]
1243 4174 1373 4260 idest,
1402 4200 1478 4247 non
1498 4192 1616 4270 potest
1637 4183 1763 4264 celari,
1799 4182 1888 4273 tegi,
1923 4185 2094 4270 excusari,

91 4317 157 4363 :ern
182 4287 451 4359 coniurationis.
508 4283 631 4356 Utitur
651 4283 874 4366 coniectura,
899 4282 983 4377 quia
1009 4304 1065 4348 ac·
1117 4278 1357 4364 dissimulari,
1381 4277 1432 4348 Er
1453 4281 1526 4348 kan
1551 4305 1587 4352 es
1608 4278 1708 4352 nicht
1728 4282 2014 4377 entschiildigen,
2046 4287 2095 4357 Es

91 4392 225 4465 :usavit
238 4389 441 4461 coniuratos
456 4401 491 4458 et
506 4413 588 4459 reos
604 4385 768 4457 ambitus.
850 4388 926 4455 lam
941 4385 1066 4479 aliquot
1116 4383 1171 4452 sol
1183 4376 1259 4450 ihm
1272 4378 1372 4452 nicht
1386 4377 1603 4474 nachtheilig
1616 4384 1703 4457 sein.
1766 4391 1827 4459 Me
1840 4389 1965 4480 ipsum]
1981 4387 2013 4456 A
2029 4414 2093 4460 suo

91 4495 210 4587 raum]
233 4486 432 4586 Descripiio
447 4490 581 4585 ingenii
595 4488 779 4559 Catilinae.
835 4484 989 4556 Excusat
1012 4510 1066 4555 er·
1117 4484 1289 4578 exemplo.
1365 4489 1427 4555 list
1441 4487 1546 4580 euim]
1572 4487 1668 4557 llaec
1680 4488 1846 4560 dicuntur
1863 4494 1909 4560 ad
1929 4516 2095 4563 excusan-

91 4624 205 4672 :orem
234 4597 457 4689 purgatione.
557 4593 664 4666 Multi
690 4592 751 4662 ios
771 4591 874 4682 idem]
912 4587 1066 4658 Excusat

91 4727 180 4774 1³11ss
205 4699 485 4770 familiaritatem
516 4695 677 4787 exe¹¹¹Pl⁰
706 4691 880 4776 alimum‘
912 4686 981 4760 h⁰c
1003 4702 1065 4775 θεῖ’
1153 4737 1449 4802 immiscuerunt
1472 4736 1626 4802 scriptores
1649 4739 1982 4804 superioristiermantee
2008 4743 2094 4795 secuti

91 4803 328 4878 similitudine.
421 4800 603 4892 Wnutam]
637 4794 826 4867 Contentio
852 4818 917 4886 per
940 4817 1066 4883 conge·
1185 4808 1262 4890 rivi.
1278 4807 1417 4888 seminat
1433 4807 1594 4890 crunam,
1607 4808 1718 4890 Ι11111,
1740 4811 1868 4864 cauam
1884 4813 2038 4865 usonem
2065 4816 2094 4861 ut

1187 4889 1216 4926 m
1232 4879 1344 4927 vocibus
1362 4881 1544 4958 1111111111εῆ
1562 4879 1747 4962 ltnegsboss3
1770 4881 1850 4932 dolus
1870 4883 1998 4945 11111111,
2014 4881 2094 4931 Jnri-

120 5009 175 5066 οε)
193 4999 415 5075 innuerunt-1
433 5003 482 5055 m.
498 5001 573 5053 ¹⁶⁶⁸·
589 5011 687 5052 erroro
703 5001 816 5064 tuna·
833 4989 896 5048 sa
906 4992 1053 5065 utatur·
1187 4946 1453 5065 bituiti?
1468 4948 2094 5072 “libitis':l..⁸tt'.'¹¹ii²..l.⁶'‘⁰‘''·

120 5093 173 5161 99)
192 5095 322 5155 Patrem]
340 5093 382 5143 sic
397 5092 447 5142 111.
464 5090 557 5154 totus
579 5087 630 5140 111.
648 5086 908 5151 (transeuntem.
1152 5099 1186 5159 ι)
1202 5099 1361 5161 Meliorem]
1380 5099 1430 5149 Ed.
1444 5098 1520 5148 mss,
1536 5099 1644 5151 nenos,

123 5181 326 5239 ¹0⁰)sa11use.
345 5175 520 5230 (latitate.
539 5173 641 5238 lnquit:
660 5170 749 5237 „Post
765 5171 846 5234 penio
865 5167 1001 5233 01111111,
1018 5180 1069 5232 ps·
1153 5187 1185 5247 g)
1202 5185 1340 5251 opum„
1356 5187 1452 5245 tum]
1475 5185 1516 5235 ,ιο
1540 5185 1589 5236 ῃ,
1609 5185 1700 5251 qam
1734 5185 1784 5236 aa,
1803 5185 1889 5240 omn,
1912 5187 1992 5242 tum
2014 5187 2095 5238 om.

157 5249 299 5303 cunarum
318 5248 529 5311 repetundarum
545 5256 628 5307 reus,
651 5239 804 5304 prohibitus
823 5241 883 5290 eret
900 5239 1069 5290 consulatum
1188 5257 1264 5321 qm

156 5313 287 5386 petere.''
306 5344 341 5356 -
390 5319 420 5367 b.
438 5314 552 5379 sergius
569 5311 689 5364 catilius
706 5309 777 5360 enin
793 5321 828 5359 sx
844 5311 979 5372 prestare
992 5307 1069 5356 Airi-

156 5399 224 5513 l’lhh
236 5383 622 5511 hrlliuiilitllooiihlillisnli.
633 5391 669 5432 ω
683 5378 829 5432 mmm
844 5379 889 5492 lu
904 5375 1070 5442 mmmm·
1153 5345 1470 5498 lihiteerylitlilbblS.
1487 5429 1631 5491 corrupte:
1661 5426 1760 5478 irater.

1404 5494 1493 5573 70·
