4544 5766
202 187 275 266 119
469 185 670 259 SCRIPTA
695 181 771 257 PH.
796 182 910 258 MEL.
936 186 1003 257 AD
1028 182 1237 261 E'l'lllCEN
1263 182 1330 258 ΕΤ
1354 182 1611 261 POLl'l’lCllll
1638 180 1948 258 SPECTANTIA.
2144 178 2222 251 iffi

201 368 366 458 gistratus
391 374 443 431 est
470 359 681 452 praecipuus
708 372 824 429 custos
854 360 1046 430 societatis:
1099 384 1183 450 ergo
1235 360 1318 455 quia
1348 385 1423 430 non
1449 383 1591 453 semper
1619 370 1775 444 constat,
1814 379 1906 451 quae
1937 350 2124 445 opiniones
2148 350 2225 419 sint

202 471 306 539 debet
334 464 441 534 etiam
462 475 578 532 custos
601 485 674 530 esse
695 461 795 532 istius
817 463 916 546 linis,
955 464 1105 548 scilicet,
1145 475 1186 532 ut
1233 460 1461 554 blasphemae
1487 488 1549 533 seu
1578 463 1727 553 impiae,
1768 462 1849 529 ideo
1880 459 1985 527 debet
2007 454 2228 547 praecedere·

200 570 329 642 notitia
345 567 412 636 Ilei
427 578 520 634 recte
534 577 762 656 propagetur.
812 566 1073 659 Consequentia
1090 567 1186 635 valet
1236 567 1333 636 aliud
1362 566 1552 649 iudicium,
1593 565 1757 633 videlicet
1784 562 1939 654 cognitio
1969 560 2012 627 de
2042 555 2222 626 doctrina.

206 700 249 745 ex
266 672 404 763 regula:
431 669 585 758 Propter
610 668 707 759 quod
730 672 1012 763 unumquodque
1038 670 1127 752 tale,
1151 681 1186 737 et
1236 668 1331 737 Haec
1355 682 1474 738 autem
1496 669 1650 761 pertinet
1671 691 1745 736 non
1767 667 1883 737 solum
1906 666 1952 732 ad
1964 660 2011 756 ⁰⁸)
2032 659 2225 750 magistra-

204 778 291 846 illud
306 770 419 863 magis
436 771 518 840 tale.
568 768 796 860 Magistratus
813 772 966 840 custodit
980 773 1185 842 societatem
1237 774 1418 854 tum,'sed
1435 773 1480 840 ad
1492 770 1706 853 Ecclesiam,
1731 765 1799 838 hoc
1817 781 1886 850 est,
1911 790 1987 836 non
2008 776 2150 832 tantum
2174 762 2221 829 ad
2261 817 2263 822 ,

202 890 351 971 propter
365 873 531 943 notitiam
547 871 632 940 Dei:
660 896 743 961 ergo
757 874 869 964 tnagis
886 875 991 944 debet
1007 874 1185 945 custodire
1237 875 1480 968 presbyteros,
1506 876 1568 944 scd
1592 874 1699 942 etiam
1721 875 1765 940 ad
1782 872 1891 941 laicos
1904 870 2053 938 idoneos
2069 866 2115 933 ad
2129 863 2223 934 iudi-

203 980 368 1051 notitiam
392 975 481 1058 Dei,
508 987 681 1068 quantum
705 978 751 1043 ad
773 1001 875 1046 suum
900 979 1053 1048 officium
1078 977 1187 1069 perti·
1238 979 1410 1061 candum,
1442 976 1536 1047 sicut
1560 976 1694 1046 Paulus
1725 975 1843 1069 inquit
1873 972 1925 1068 (1.
1944 971 2027 1041 Cor.
2047 966 2106 1051 14,
2122 965 2222 1061 30.):

203 1096 276 1154 net.
340 1081 436 1148 llaec
458 1078 551 1146 ratio
576 1077 680 1168 plena
704 1091 757 1147 est
781 1080 1002 1151 eruditionis.
1062 1080 1188 1148 Monet
1238 1080 1275 1149 si
1288 1081 1396 1149 fuerit
1409 1080 1545 1150 sedenti
1560 1079 1776 1162 revelatum,
1802 1090 1916 1146 taceat
1930 1075 2049 1166 prior,
2076 1065 2225 1140 etChri·

206 1187 301 1256 enim
321 1186 365 1253 de
389 1182 525 1251 duabus
547 1180 651 1250 rebus
674 1181 828 1251 maxime
849 1183 964 1274 dignis
985 1183 1187 1254 considera·
1237 1196 1311 1253 stus
1332 1183 1409 1252 vult
1431 1207 1610 1252 summum
1635 1206 1708 1251 esse
1732 1180 1901 1250 iudicium
1918 1175 2112 1257 Ecclesiae,
2141 1196 2225 1242 cum

206 1290 322 1370 tione,
346 1283 509 1353 videlicet
531 1282 689 1377 quaesit
711 1287 1048 1379 causapraecipua,
1075 1310 1186 1379 quare
1239 1286 1289 1354 ait
1312 1280 1649 1380 (Matth.18,17.):
1684 1283 1751 1351 Dic
1771 1282 1961 1352 Ecclesiae.
2012 1278 2091 1347 Huc
2112 1274 2225 1368 perti-

206 1394 252 1461 ad
268 1389 473 1461 societatem
491 1386 626 1455 conditi
646 1386 718 1455 sint
739 1382 916 1459 homines.
966 1388 1055 1459 Item
1075 1388 1187 1480 magi·
1238 1401 1300 1458 net
1314 1387 1540 1457 Constantini
1556 1387 1774 1478 exemplum,
1802 1385 1961 1480 quicum
1982 1383 2160 1476 synodum
2174 1376 2224 1470 ⁹¹)

206 1506 356 1565 stratum
374 1491 501 1559 debere
515 1489 691 1558 intentum
709 1513 782 1560 esse
797 1490 836 1559 in
848 1493 949 1561 illum
964 1495 1070 1562 linem
1085 1517 1188 1583 prae·
1238 1478 1406 1573 haberet,
1446 1490 1607 1559 interfuit
1635 1490 1710 1580 ipse
1741 1485 1993 1581 disputationi,
2034 1497 2070 1553 et
2098 1494 2222 1574 postea

207 1597 369 1689 cipuum,
413 1607 456 1662 ut
486 1591 651 1660 notitiam
684 1592 752 1660 Dei
784 1609 970 1665 conservet
1002 1596 1041 1662 in
1072 1596 1187 1663 terris.
1239 1594 1434 1664 sententiae
1449 1592 1674 1685 subscripsit,
1700 1604 1735 1659 et
1751 1591 1789 1658 in
1803 1590 1953 1682 publicis
1965 1587 2077 1657 literis
2094 1583 2225 1678 inquit,

206 1695 313 1792 Quod
335 1698 365 1766 si
392 1697 439 1764 ad
458 1691 551 1763 hanc
567 1695 759 1785 imaginem
786 1700 1008 1767 conseramus
1028 1722 1128 1788 reges
1154 1709 1189 1764 et
1239 1722 1275 1766 se
1298 1697 1432 1788 pariter
1450 1697 1557 1765 fuisse
1578 1695 1800 1777 ministrum,
1826 1695 1940 1762 donec
1961 1691 2227 1759 examinaretur

205 1801 403 1894 principes,
451 1797 674 1867 inveniemus
707 1799 959 1889 paucissimos,
999 1800 1061 1894 qui
1093 1795 1188 1870 hunc
1241 1813 1314 1868 tota
1341 1798 1600 1868 controversia:
1635 1811 1670 1865 et
1684 1796 1888 1866 Marcianus
1914 1795 2129 1886 imperator,
2162 1787 2225 1882 qui

206 1909 313 1974 linem
327 1899 593 1994 prospexerint,
619 1914 655 1968 et
669 1903 715 1969 ad
731 1926 811 1970 eum
828 1904 1087 1972 contenderint.
1239 1899 1366 1971 habuit
1380 1902 1557 1994 synodum
1574 1897 1967 1992 Chalcedonensemtt),
1993 1896 2043 1964 ait
2058 1920 2095 1965 se
2107 1917 2225 1963 exem·

308 2002 461 2074 Plurimi
477 2025 616 2072 summa
634 2004 669 2070 vi
687 2006 906 2075 contrarium
924 2007 1102 2089 lecenmt,
1128 2006 1188 2099 qui
1240 2007 1301 2097 plo
1314 2004 1542 2074 Constantini
1555 2005 1749 2075 affuturum
1764 2003 1800 2071 in
1815 2003 1971 2095 synodo,
1993 2013 2035 2068 ut
2048 1999 2224 2091 patefacta

208 2107 308 2178 omni
330 2107 460 2175 scelere
482 2105 835 2192 contaminaverunt,
873 2121 908 2176 et
931 2109 1047 2177 delere
1071 2109 1191 2177 conati
1242 2109 1389 2176 veritate
1417 2118 1515 2176 curet
1535 2108 1699 2197 deinceps
1721 2106 1855 2196 populo
1870 2128 1981 2174 unam
1997 2114 2129 2171 certam
2147 2121 2225 2169 sen-

207 2222 289 2282 sunt
302 2209 530 2299 religionem,
556 2209 658 2300 quasi
674 2211 718 2277 ad
739 2204 807 2278 hoc
830 2212 945 2300 ipsum
969 2224 1084 2280 essent
1107 2235 1190 2279 con·
1242 2211 1389 2280 tentiam
1405 2211 1579 2301 proponi,
1603 2222 1637 2277 et
1650 2204 1839 2299 prohibeat
1855 2230 1984 2298 pravas
2001 2203 2201 2295 opiniones.

207 2312 318 2384 secuti
331 2334 461 2402 regna,
487 2322 527 2379 ut
539 2310 631 2379 bella
653 2336 733 2380 cum
748 2312 826 2381 Deo
842 2326 1021 2403 gererent,
1046 2314 1135 2384 sicut
1152 2314 1190 2381 in
1343 2311 1390 2381 Et
1424 2313 1593 2382 Nicolaus
1633 2335 1725 2403 papa
1741 2309 1788 2405 90)
1824 2309 1942 2404 inquit
1976 2308 2142 2376 Distinet.
2163 2302 2226 2374 96.Ι

208 2415 337 2485 labulis
357 2415 550 2506 Gygantes.
1006 2478 1009 2482 ,
1241 2415 1342 2484 Fidei
1365 2439 1486 2484 causas
1509 2438 1715 2483 commrmes
1739 2438 1829 2496 esse,
1857 2425 1892 2481 ct
1916 2435 1992 2481 non
2015 2423 2156 2479 tantum
2180 2408 2226 2476 sd

310 2516 432 2586 Tertia
449 2515 542 2584 ratio
559 2527 699 2606 sumpta
714 2528 767 2584 est
781 2517 826 2584 ab
846 2517 1027 2608 exemplis.
1071 2517 1192 2597 Sancti
1243 2518 1407 2602 clericos,
1433 2520 1494 2587 sed
1511 2518 1617 2586 etiam
1635 2518 1680 2585 ad
1696 2517 1806 2585 laicos
1820 2516 2012 2607 pertinere.

207 2645 306 2711 reges
320 2618 407 2690 luda
429 2619 662 2687 aboleverunt
683 2617 814 2708 impios
830 2620 962 2703 cultus,
988 2644 1028 2688 ac
1044 2634 1191 2713 propte·
1343 2621 1391 2689 Et
1402 2621 1601 2689 Alexander
1610 2617 1651 2690 ll.
1659 2619 1708 2715 ⁰⁷)
1724 2614 1887 2689 adhibuit
1899 2616 2127 2708 magistratus
2143 2636 2226 2704 pro-

207 2748 267 2793 rea
288 2724 480 2792 laudantur
507 2734 542 2789 et
566 2733 740 2790 ornantur
762 2723 900 2813 magnis
930 2724 1116 2815 praemiis,
1157 2735 1192 2792 et
1244 2724 1411 2794 vinciales
1428 2726 1474 2792 ad
1496 2722 1789 2792 deliberationem
1814 2722 1852 2790 in
1878 2722 2016 2815 synodo
2039 2720 2082 2787 de
2109 2715 2228 2807 gradi-

204 2826 305 2896 -Deus
333 2825 452 2917 iuquit
478 2822 531 2917 (1.
545 2822 641 2892 Sam.
657 2827 693 2904 2,
717 2823 813 2917 30.):
861 2826 1108 2895 Glorificantcs
1135 2851 1191 2894 me
1242 2828 1309 2896 bus
1333 2827 1598 2916 cognationum.
1661 2825 1849 2895 Postremo
1879 2821 2049 2894 historiae
2070 2841 2228 2889 comme·

209 2928 426 3020 glorificabo.
476 2924 524 2992 Et
535 2924 592 2992 lex
614 2924 653 2990 in
671 2924 866 2996 Deuteron.
889 2926 1066 3023 (17,19.)
1089 2952 1192 3019 prae·
1244 2943 1387 2997 morant
1416 2930 1604 3022 plerosque
1635 2928 1814 3020 principes
1842 2939 1876 2995 et
1904 2952 2004 3018 reges
2027 2921 2228 2993 interfuisse

207 3031 313 3123 cipit,
338 3041 379 3098 ut
392 3049 493 3115 reges
508 3038 655 3095 teneant
677 3027 715 3094 in
738 3052 850 3097 manu
870 3028 1002 3098 librum
1026 3030 1131 3120 legis,
1158 3043 1192 3098 et
1243 3031 1399 3124 synodis.
1450 3031 1523 3101 Nec
1540 3032 1829 3124 veroquisquam
1845 3042 1953 3120 negat
1964 3026 2143 3121 principes
2165 3026 2227 3093 ad-

209 3126 419 3202 conservent
432 3128 640 3219 religionem
657 3152 677 3195 a
695 3129 773 3197 Deo
790 3130 969 3203 traditam.
1243 3130 1416 3204 hibcndos
1435 3158 1507 3203 esse
1525 3136 1570 3202 ad
1586 3133 1878 3202 deliberationem
1896 3134 1934 3201 in
1948 3129 2105 3226 synodis.
2158 3128 2230 3197 Sed

309 3233 405 3301 Haec
420 3233 597 3323 exempla,
619 3231 701 3324 quia
717 3233 897 3323 pertinent
912 3237 957 3302 ad
972 3236 1192 3324 decalogum,
1244 3238 1330 3307 illud
1345 3249 1475 3305 vocant
1488 3237 1527 3304 in
1542 3237 1786 3330 quaestionem
1801 3236 1924 3330 aliqui,
1940 3260 1987 3305 an
2003 3258 2101 3325 reges
2118 3230 2227 3302 etiam

210 3336 316 3405 etiam
336 3334 452 3404 nostri
472 3334 699 3424 magistratus
726 3359 793 3426 pro
814 3360 876 3405 sua
901 3339 1090 3407 vocatione
1113 3337 1193 3403 imi·
1243 3336 1399 3410 habeant
1418 3340 1726 3431 suffragationem,
1753 3364 1833 3422 seu,
1859 3353 1901 3408 ut
1925 3340 1992 3431 ipsi
2016 3339 2229 3430 loquuntur,

208 3439 432 3508 taridcbent.
483 3435 571 3505 ltem
587 3434 920 3508 Nabuchodonosor
937 3437 1047 3534 (Dan.
1061 3441 1097 3524 5,
1113 3438 1192 3532 29.)
1244 3468 1367 3513 vocem
1388 3443 1589 3513 decisivam.
1640 3444 1709 3512 Sed
1730 3466 1805 3511 non
1825 3443 1930 3511 debet
1952 3443 2001 3511 eis
2024 3440 2136 3509 adimi
2158 3440 2230 3508 suf-

209 3541 380 3610 etDarins
393 3538 502 3634 (Dan.
517 3540 553 3623 6,
567 3538 647 3634 26.)
663 3557 871 3633 proponunt
886 3543 1017 3612 edicta:
1043 3543 1097 3614 Ne
1113 3542 1192 3636 quis
1242 3548 1414 3639 fragatio,
1440 3546 1469 3617 si
1487 3548 1632 3641 quidem
1655 3545 1784 3638 synodi
1796 3556 1879 3616 sunt
1893 3545 2021 3615 iudicia
2036 3542 2229 3621 Ecclesiae,

209 3644 304 3712 dicat
324 3639 583 3733 blasphemiam
607 3644 775 3714 adversus
799 3644 914 3715 Deum
939 3643 1191 3716 Israelitarum.
1242 3664 1402 3743 utsupra
1421 3650 1553 3720 dictum
1572 3662 1634 3721 est.
1686 3649 1777 3719 Sunt
1799 3649 1894 3717 enim
1920 3661 1954 3718 et
1974 3648 2042 3740 ipsi
2064 3646 2229 3716 membra

209 3748 277 3816 Sed
291 3741 349 3814 hic
363 3745 527 3814 nonnulli
541 3746 651 3814 multa
669 3747 851 3818 obiiciunt.
881 3747 1060 3818 Primum:
1087 3748 1191 3818 Fides
1242 3753 1438 3836 Ecclesiae,
1479 3766 1513 3822 et
1535 3777 1614 3824 cnm
1636 3766 1758 3823 errant
1780 3753 1954 3844 episcopi,
1988 3751 2069 3820 laici
2094 3746 2230 3819 habent

209 3849 313 3919 estin
327 3861 467 3932 mente,
492 3848 719 3938 magistratus
734 3873 810 3918 non
828 3864 945 3941 potest
960 3864 1097 3921 mentes
1114 3878 1192 3920 mu·
1243 3859 1472 3940 mandatum,
1514 3870 1555 3926 ut
1588 3857 1632 3925 ab
1664 3857 1714 3924 eis
1747 3854 1977 3936 dissentiant,
2014 3854 2111 3923 iuxta
2140 3853 2230 3922 illud

209 3966 302 4021 tare:
339 3974 423 4042 ergo
438 3951 666 4041 magistratus
690 3976 765 4021 non
788 3955 892 4022 debet
910 3978 1048 4024 errores
1063 3954 1192 4024 mentis

1278 4042 1326 4100 9³)
1345 4042 1434 4092 solum
1451 4042 1501 4100 ad]
1520 4039 1562 4091 sio
1579 4042 1629 4092 Ed.
1651 4041 1744 4105 seseq
1766 4040 1834 4090 Eud.
1853 4038 1928 4093 1588.
1939 4043 1967 4091 et
1983 4039 2057 4091 1640.
2074 4038 2110 4091 ad
2127 4037 2229 4093 solun.

208 4054 348 4148 punire.
397 4053 612 4144 Respondeo
630 4054 675 4121 ad
697 4055 972 4127 conclusionem.
1023 4058 1107 4127 Non
1128 4082 1192 4149 pu·
1560 4127 1566 4138 ,
1780 4125 1786 4140 ,
1872 4127 1876 4138 ,

208 4163 262 4227 nit
279 4180 417 4227 errores
432 4156 541 4227 solius
557 4157 705 4239 mentis,
731 4160 792 4228 sed
809 4173 990 4228 externam
1004 4161 1192 4252 professio·
1277 4126 1673 4249 ⁹⁴i2¹5³fhiffiiociissifiaffif
1675 4125 1831 4244 31))ξὲἘο
1838 4125 2230 4247 ffiiiaifhffiffilffi

208 4285 289 4328 nem
317 4274 352 4329 et
374 4255 645 4351 blasphemiam.
721 4260 815 4354 Quia
839 4262 1066 4352 magistratus
1089 4264 1193 4333 debet
1314 4267 1439 4329 piissima
1456 4265 1581 4315 collectio
1600 4266 1675 4316 T0m·
1689 4264 1721 4312 ¹¹·
1741 4264 1904 4326 umere·

211 4375 391 4431 externam
406 4363 630 4452 disciplinam
653 4374 688 4430 et
703 4358 967 4461 naaduywyiar
979 4365 1092 4449 tueri,
1118 4390 1192 4435 non
1277 4349 2231 4484 ffifflffffiznffiffio,fflfflffiffflzd⁰223&aessAE

210 4466 315 4534 debet
328 4465 554 4554 permittere,
579 4478 621 4535 ut
638 4463 812 4556 imperitis
828 4480 1078 4556 proponantur
1093 4493 1192 4537 scan-
1313 4493 1454 4555 quartum,
1484 4486 1660 4538 inveniuntur
1683 4488 1711 4536 ln
1735 4488 1784 4538 nn
1800 4487 1890 4538 nansi
1907 4488 2069 4541 collecemus
2086 4492 2161 4542 ron.
2179 4491 2230 4542 vt.

209 4569 312 4649 dala,
338 4568 467 4659 quibus
482 4567 619 4658 decepti
636 4580 745 4636 ruant
765 4567 803 4637 in
824 4592 974 4639 errores.
1312 4576 1337 4625 Ρ·
1354 4561 1407 4611 ⁶²⁹
1418 4572 1479 4623 “1‘1·
1498 4560 1526 4607 et
1544 4559 1617 4608 TW·
1631 4557 1690 4610 ΥΠ·
1710 4570 1735 4620 Ρ·
1753 4559 1766 4608 ¹
1781 4570 1841 4620 trt-

313 4668 476 4739 Secundo
504 4668 686 4737 obiicitur:
727 4670 956 4763 Magistratus
979 4697 1053 4741 non
1076 4685 1193 4763 potest
1277 4645 1409 4778 ⁹⁶&ss
1426 4642 1826 4774 οῧζξῗζῃᾞζζῑῖζξῗᾞξ),θῗζ
1845 4644 2230 4781 ssfss'ffissyssfflfi'fgss

210 4773 387 4856 iudicare,
413 4771 481 4841 nisi
496 4771 539 4839 de
556 4771 599 4840 iis
612 4771 735 4855 rebus,
757 4776 801 4842 de
820 4775 949 4868 quibus
967 4771 1075 4846 habet
1086 4776 1192 4865 leges,
1310 4786 1378 4834 naec
1394 4784 1538 4846 leguntur:
1556 4780 1699 4834 Nicotaus
1713 4782 1795 4846 Papa
1812 4784 1844 4832 m
1860 4781 1985 4847 epotata
2000 4783 2041 4834 aa
2054 4783 2232 4841 natatu

208 4876 434 4966 magistratus
449 4870 556 4944 habet
570 4887 708 4943 tantum
723 4875 816 4967 leges
837 4880 879 4947 de
903 4879 1053 4968 negotiis
1073 4880 1191 4970 profa-
1311 4847 2230 4985 ffiigaaliurdhiiiihieiliiidiiihiiiu'disiiiipsiyhddilloss

208 4980 280 5049 nis:
308 5002 392 5069 ergo
410 5003 484 5050 non
499 4989 617 5068 potest
631 4977 788 5049 iudicare
804 4982 849 5048 de
866 4981 1117 5054 controversiis
1138 5005 1192 5050 re·
1311 4989 1491 5041 conventlhus
1513 4989 1697 5104 interfuisse}
1722 4988 1915 5107 nlttllfursltnn
1940 4989 1968 5038 ln
1993 4990 2089 5052 qulbus
2112 4991 2148 5044 ll·
2173 4990 2231 5048 w

207 5081 362 5174 llglfflllss·
1311 5061 1459 5177 hidhlinidl
1468 5061 1642 5192 ,esddaeqhbh
1651 5059 2230 5191 qqpqusqpscpgpigopyaveeppplqglngz

311 5182 473 5253 Primum
489 5185 650 5275 neganda
669 5197 721 5254 est
736 5183 872 5252 minor:
900 5207 984 5252 nam
1007 5186 1191 5277 magistra·
1311 5197 1398 5245 luteos
1434 5199 1463 5246 et
1493 5197 1529 5248 ad
1557 5209 1650 5247 omnes
1680 5195 1789 5244 omnino
1819 5196 1941 5258 pertinet
1969 5191 2169 5250 ctrtrttsnosl
2188 5220 2230 5237 -·

208 5302 265 5359 tus
292 5284 401 5357 habet
427 5286 561 5377 legem,
602 5301 642 5357 ut
664 5288 791 5379 puniat
812 5282 1070 5378 blasphemias,
1102 5287 1193 5358 sicut
1309 5265 1440 5397 fem?
1462 5265 1483 5315 ¹·
1514 5263 1598 5330 (ΡΨ
1620 5261 1804 5330 858—867.)
1835 5265 1905 5316 ¹¹⁰¹¹⁰
1936 5265 2080 5328 ⁰⁹⁵⁸l⁰¹⁰¹¹¹
2114 5277 2140 5317 ἃ·
2164 5267 2227 5318 ⁸⁸⁶·

208 5392 371 5462 omnium
401 5388 558 5482 gentium
588 5389 682 5481 leges
715 5389 869 5482 puniunt
891 5389 1061 5481 periuria.
1122 5390 1191 5460 Sed
1276 5420 1325 5485 97)
1344 5421 1501 5474 alexanter
1517 5421 1550 5474 ῃ,
1570 5429 1640 5484 μμ.
1660 5419 1848 5473 rost-ton.
