4544 5766
130 181 227 253 1088

699 163 822 236 run.
855 161 969 235 uer..
1001 111 1202 235 scurra
1229 161 1564 240 afflaonoetoa

2046 170 2136 242 1084

132 376 238 448 quam
263 361 377 419 testes.
462 339 687 430 Declamatio]
722 337 852 418 idest,
884 332 1110 426 praeparatio
1161 336 1321 409 Antonii.
1378 338 1529 410 Catilina
1551 334 1676 409 babuit
1700 341 1989 431 suffragationem
2013 341 2138 410 milita-

131 452 375 525 accusationis.
453 445 589 534 Omnes]
616 443 747 511 scilicet
761 438 901 530 plebeii.

1162 466 1251 524 rem,
1276 443 1337 511 sed
1352 466 1425 511 non
1440 442 1586 513 alicuius
1601 438 1742 513 honesti
1757 445 1939 515 exercitus.
2005 449 2139 516 Diuin-

235 554 266 646 ξ.
291 550 351 624 45.
396 549 552 639 Videsne]
593 545 651 614 SIC
682 544 824 623 dicunt,
864 539 1022 608 Milnesis
1049 549 1111 606 esi·
1159 540 1317 642 pectant]
1344 545 1474 614 scilicet
1491 545 1635 638 quidam
1651 560 1751 615 erant
1767 546 1908 630 inillis,
1941 547 2071 640 quibus
2093 548 2140 615 la·

124 658 199 730 ¹Hic
214 671 265 727 est
281 655 396 724 oratio
411 651 544 720 comica
562 661 595 716 et
613 647 781 738 simplex,
813 644 888 712 sine
902 640 1039 731 magnis
1055 665 1111 706 or-

132 759 319 833 namentis.
409 753 603 847 luquirere]
638 749 769 819 scilicet
789 746 928 838 quaerit
950 743 1111 822 crimina,

133 888 223 958 quae
247 862 296 931 eis
319 856 480 937 obiiciat,
508 868 543 923 et
566 852 706 944 quaerit
727 860 840 919 testes.
922 845 1112 934 Abiiciunt]

133 969 262 1047 idest,
301 961 420 1053 palam
441 959 654 1049 profitentur
675 955 770 1044 apud
794 949 944 1030 amicos,
977 970 1112 1016 senon

131 1069 220 1138 velle
237 1091 339 1137 suum
359 1063 512 1131 officium
531 1060 701 1150 prodere,
722 1056 782 1124 sed
798 1053 907 1142 magis
926 1051 1016 1118 inire
1034 1073 1113 1140 gra-

133 1174 231 1242 tiam.
473 1212 474 1215 =

235 1269 321 1359 Cap.
337 1262 441 1334 XXII.
476 1259 507 1352 ἓ.
527 1258 585 1332 45.
624 1263 761 1332 Accedit
779 1258 903 1347 eodem]
928 1253 1007 1322 Alia
1030 1276 1113 1344 pro·

133 1374 249 1444 batia:
291 1370 363 1461 Qui
385 1370 536 1436 adornat
558 1363 837 1441 accusationem,
878 1360 1041 1448 desperat
1070 1357 1113 1423 de

136 1476 340 1554 consulatu,
375 1470 553 1563 quianon
578 1479 694 1558 potest
718 1465 802 1531 dare
829 1485 974 1551 operam
997 1457 1113 1527 conci-

132 1578 260 1649 liandis
277 1572 499 1654 bominibus,
525 1570 652 1639 deinde
669 1555 751 1661 quia
768 1576 862 1633 totus
877 1576 928 1632 est
952 1563 989 1630 in
1010 1563 1114 1629 ador-

133 1684 250 1752 nanda
276 1675 509 1746 accusatione.
892 1732 896 1741 ,

235 1779 266 1872 ᾗ.
276 1779 336 1850 46.
362 1783 472 1862 Quare
486 1777 558 1866 ego]
574 1769 777 1842 Conclusio:
805 1767 925 1860 Quare
943 1789 1016 1835 non
1033 1789 1114 1856 pos-

132 1888 179 1959 sit
192 1883 298 1956 simul
312 1878 477 1951 sustineri
492 1876 658 1966 cogitatio
677 1871 908 1943 accusationis
924 1883 958 1938 ct
973 1867 1114 1958 petitio-

135 1990 210 2071 nis,
237 1983 462 2080 quasidicat:
495 1980 595 2060 Scio,
623 1989 795 2070 quantum
816 1970 945 2041 habeat
968 1970 1113 2061 negotii,

133 2093 206 2163 sive
233 2086 379 2181 petitio,
414 2084 486 2153 sive
510 2081 688 2161 defensio,
713 2077 787 2146 sive
802 2073 990 2144 accusatio.
1051 2077 1114 2163 Tu,
1161 2146 1164 2157 ‚

127 2185 250 2290 quum]
271 2186 416 2279 Expolit
430 2180 596 2254 nonnihil
611 2184 689 2251 illas
705 2178 929 2260 offensiones,
951 2189 986 2245 et
999 2188 1113 2244 trans-

132 2300 201 2365 fert
215 2295 260 2361 ad
277 2291 375 2359 alias.
424 2288 603 2379 Apparet,
630 2285 727 2378 quod
749 2283 826 2373 ipso
844 2280 985 2350 consule
1008 2301 1114 2346 reno·

135 2411 215 2466 vata
229 2394 275 2463 sit
290 2395 345 2480 lex
363 2394 405 2459 dc
422 2389 568 2457 ambitu.
863 2423 864 2429 κ

237 2497 322 2587 Cap.
337 2491 457 2562 XXIII.
484 2489 514 2581 §ss
534 2491 593 2561 47.
628 2483 849 2585 Tencterum]
873 2483 1004 2554 scilicet
1024 2505 1114 2573 pau·

134 2625 271 2694 perum.
349 2588 537 2689 Communi]
562 2591 694 2662 scilicet
716 2588 955 2669 tenuioribus,
980 2608 1114 2676 paupe·

133 2705 242 2774 ribus.
324 2691 459 2792 Morbi]
485 2694 674 2766 scilicetne
691 2692 771 2786 quis
787 2690 879 2763 absit
894 2716 935 2759 ex
949 2686 1112 2757 comitiis.

134 2797 330 2898 Quideryo]
357 2798 570 2890 Occupatio:
599 2797 683 2867 Tuli
699 2797 803 2867 istam
818 2794 949 2884 legem,
975 2792 1036 2861 sed
1059 2789 1113 2856 in-

134 2910 238 2977 vitus.
322 2900 464 3002 Paruit]
499 2899 702 2970 Translatio
731 2899 870 2988 culpae:
911 2893 996 2964 Tuli
1021 2891 1112 2960 invi-

125 3025 201 3093 dus,
226 3007 291 3077 tibi
308 3032 385 3075 mos
402 3019 453 3075 est
469 3017 595 3096 gestus.
661 3008 697 3073 Is
712 2997 805 3090 tulit]
831 2997 963 3070 scilicet
976 2995 1112 3066 Cicero.

131 3115 322 3184 Praeterea
350 3109 450 3176 addit
480 3108 549 3175 alia
580 3105 765 3196 graviora,
804 3124 895 3195 quae
927 3099 1114 3168 offendunt

134 3218 234 3285 alios.
325 3216 427 3300 aequ
450 3205 636 3307 Maniliae]
670 3206 853 3298 Quantum
878 3227 920 3271 ex
945 3196 1111 3281 hocloco

135 3317 251 3406 colligi
276 3327 409 3405 potest,
437 3325 584 3403 apparet
602 3310 708 3380 luisse
732 3309 845 3397 legem
872 3307 916 3373 de
938 3329 1033 3373 novo
1056 3326 1112 3372 or-

20 3501 22 3507 ,
134 3423 215 3490 dine
231 3415 556 3509 strtlragationis⁷³).
625 3402 844 3503 Municipiie]
870 3407 953 3481 Fuit
968 3429 1132 3475 consue·⁴

133 3526 236 3604 tudo,
262 3535 301 3590 ut
315 3519 544 3610 municipales
561 3527 772 3606 rogarentur
790 3509 979 3581 candidati.
1041 3513 1112 3578 Tu-

132 3618 259 3719 ieruut]
285 3624 408 3704 idest,
435 3621 499 3688 tibi
514 3644 590 3689 non
613 3617 766 3688 concedi
780 3615 945 3685 usitatam
967 3635 1112 3704 praero-

131 3727 285 3820 gativam
300 3726 561 3811 suffragiorum.
637 3710 816 3812 Editicios]
839 3719 960 3800 idest,
987 3728 1112 3797 certos,

124 3828 355 3909 nominatos,
383 3837 417 3892 et
436 3825 563 3893 electos
586 3823 630 3890 ab
651 3833 865 3890 accusatore.
966 3810 1112 3913 Iudices]

132 3934 263 4005 scilicet
279 3933 322 3998 de
341 3927 486 3996 ambitu.
875 3939 877 3942 ⁴

235 4033 264 4124 ξ.
283 4031 343 4102 48.
382 4036 492 4123 Atque
512 4053 559 4097 ee
580 4018 746 4120 omnibus]
785 4022 865 4123 Alia
892 4022 1039 4092 offensio
1070 4022 1112 4090 de

131 4139 295 4211 Catilina.
413 4123 592 4225 Muniam]
633 4128 764 4199 scilicet
799 4152 906 4220 quam
940 4125 1111 4218 praedixi.

132 4235 295 4337 decumo]
318 4233 448 4306 scilicet
473 4259 539 4304 nos
566 4245 704 4302 tantum
731 4233 919 4300 admoneo.

233 4359 318 4447 Cap.
337 4351 459 4424 XXIV.
485 4351 515 4444 §.
531 4351 591 4423 48.
617 4356 686 4423 Sed
698 4346 826 4446 tamea]
854 4346 1044 4439 Repetitio.

234 4456 265 4548 ἓ.
287 4458 347 4528 49.
387 4452 742 4553 1nquirere],idest‚
769 4453 917 4521 crimina
940 4463 976 4518 et
998 4461 1112 4519 testes.

129 4564 187 4634 sic
213 4573 393 4629 construe:
426 4558 568 4628 Etenim
591 4558 758 4625 videbant
781 4568 814 4624 te
838 4555 952 4646 ipsum
977 4552 1111 4621 tristem

130 4663 324 4759 inquirere,
351 4674 414 4732 etc.
481 4660 770 4750 Subscriptarum]
784 4657 916 4729 scilicet
933 4655 995 4753 qui
1008 4654 1113 4724 simul

124 4767 399 4844 accusaverunt,
438 4775 494 4833 ut:
537 4763 681 4833 Servius
696 4761 883 4832 accusavit
905 4756 1113 4842 Murenam,

124 4873 189 4941 cui
204 4864 524 4956 subscripsitCato,
550 4879 585 4934 ct
600 4865 672 4935 alii.
746 4862 930 4954 ludichuc]
957 4859 1112 4952 Philipp.

129 4968 384 5044 blclanchthon
415 4966 499 5056 legit
524 4967 697 5037 indicibus
712 4967 771 5062 ⁷⁴).
872 4961 959 5063 Spe]
981 4965 1113 5033 scilicet

127 5144 333 5164 β..-

163 5243 212 5301 78)
231 5239 311 5290 coni.
325 5234 423 5289 Orellit
437 5230 576 5286 etBaileri
586 5232 728 5282 onomast.
741 5232 856 5281 tullian.
876 5231 955 5283 talu.
976 5247 1001 5295 p.
1011 5231 1111 5293 218sq.

164 5312 233 5372 v‚de
250 5312 312 5373 lege
330 5306 443 5355 Manilia
460 5304 494 5354 cte
512 5301 706 5366 suffragiorum
723 5301 893 5351 eorrsrtsiaue.

166 5415 217 5473 74)
236 5414 284 5461 tu.
305 5407 391 5462 orell.
410 5407 438 5456 u
457 5408 533 5457 textu
549 5407 630 5458 hebet
648 5406 801 5457 mulctam.
918 5432 922 5447 .
959 5434 963 5447 .

1163 648 1268 715 vebat
1291 649 1454 739 populus.

1163 750 1237 841 spei
1254 749 1438 819 Catilinae.
1599 809 1604 816 .

1265 851 1351 943 Cap.
1372 851 1479 923 XXV.
1505 848 1536 942 ξ.
1551 846 1612 921 50.
1648 851 1792 954 Quibus]
1817 852 2058 944 Amplilicatio
2084 879 2139 945 pe·

1163 953 1281 1024 riculi':
1310 955 1492 1047 Quantum
1507 953 1654 1046 periculi
1668 957 1801 1039 luisset,
1826 957 1856 1027 si
1865 956 2017 1026 Catilina
2033 959 2139 1028 factus

1163 1056 1286 1126 fuisset
1301 1059 1435 1127 consul.

1265 1155 1296 1248 ξ.
1314 1156 1374 1230 51.
1398 1155 1532 1257 Itaque]
1549 1157 1680 1227 scilicet
1697 1158 1778 1250 quia
1796 1172 1937 1231 senatus
1951 1161 2140 1243 metuebat,

1163 1284 1208 1327 ne
1233 1261 1405 1330 Catilinae
1425 1261 1677 1350 suffragaretur
1700 1262 1871 1351 populus,
1903 1263 2030 1332 sinon
2057 1276 2141 1333 esset
2182 1262 2184 1270 ⁴

1164 1362 1262 1454 prius
1284 1389 1304 1432 a
1325 1377 1450 1434 senatu
1467 1375 1620 1433 notatus.
1723 1361 1987 1463 apertissimus]
2015 1365 2140 1436 scilicet

1165 1466 1427 1536 audacissimus.
1502 1460 1702 1560 Innuit⁷³)]
1730 1465 1850 1549 idest,
1875 1470 1995 1559 palam
2011 1470 2140 1561 profes

1165 1594 1222 1638 sus
1245 1582 1313 1652 est,
1351 1594 1387 1640 se
1409 1566 1541 1636 minari
1562 1568 1776 1658 reipublicae
1801 1582 1835 1638 et
1857 1595 2005 1661 magnos
2027 1585 2140 1642 motus

1165 1671 1395 1742 excitaturum
1413 1695 1498 1741 esse.
1558 1665 1693 1766 Debile]
1719 1671 1988 1744 seilicetbonos.
2060 1679 2139 1746 Siue

1164 1767 1286 1868 capite]
1311 1775 1436 1854 idest,
1461 1773 1665 1864 improbos,
1690 1774 1952 1845 multitudinem
1969 1776 2139 1847 videlicet.

1166 1872 1373 1974 Cenqemuit]
1413 1875 1450 1943 id
1485 1888 1555 1958 est,
1599 1875 1660 1943 illa
1692 1901 1762 1945 vox
1790 1877 1967 1969 displicuit
1995 1880 2139 1951 senatui.

1163 1971 1294 2073 diuina]
1318 1979 1449 2049 scilicet
1462 2002 1536 2046 non
1550 1976 1624 2047 sinc
1638 1977 1865 2049 incommodo
1881 1981 2003 2051 vicini.

1266 2081 1351 2173 Cap.
1365 2078 1488 2151 XXVI.
1511 2077 1542 2171 ξ.
1559 2077 1619 2153 52.
1643 2079 1842 2180 Commotus]
1869 2084 2060 2154 scilicetne
2075 2085 2138 2153 sul·

1163 2183 1387 2273 [ragarentur
1415 2183 1608 2268 Catilinae,
1648 2186 1710 2252 scd
1743 2186 1863 2276 potius
1896 2199 2022 2255 contra
2051 2185 2139 2256 Cati·

1163 2285 1286 2355 linam.

1265 2384 1296 2478 ἓ.
1313 2383 1374 2457 58.
1398 2392 1532 2478 Meque
1546 2382 1611 2484 eet]
1639 2386 1848 2475 Conclusio,
1873 2391 1911 2459 in
1926 2417 1997 2486 qua
2011 2390 2137 2461 brevis·

1162 2488 1250 2560 sime
1264 2489 1448 2581 superiora
1467 2488 1607 2581 repetit.

1265 2589 1296 2683 ξ.
1310 2589 1371 2662 54.
1397 2597 1497 2664 Nune
1509 2595 1593 2664 mibi
1604 2597 1726 2664 tertius
1741 2597 1797 2666 ille
1810 2592 1914 2693 loeus]
1933 2597 2088 2689 Quintus
2096 2594 2136 2688 ἵ8)

1162 2695 1260 2765 locus
1275 2697 1317 2764 de
1336 2695 1491 2779 ambitu,
1507 2695 1555 2776 ‚in
1570 2718 1639 2790 qua
1654 2695 1811 2786 primum
1834 2701 1947 2768 elevat
1971 2699 2136 2769 autorita-

1163 2811 1232 2866 tem
1249 2822 1502 2890 pcrsonarum‚
1528 2823 1618 2892 quae
1638 2814 1820 2884 accusant,
1847 2826 1887 2871 ac
1907 2803 2063 2871 maxime
2079 2800 2137 2868 Ca-

1163 2901 1277 2984 tonis,
1303 2925 1404 2996 quae*
1417 2901 1604 2970 videbatur
1624 2925 1858 2992 praegravare
1874 2904 2084 2986 Murenam,
2108 2916 2137 2970 et

1163 3004 1314 3095 opponit
1328 3004 1451 3075 Cicero
1473 3005 1592 3073 locum
1617 3029 1861 3090 communem,
1895 3011 1993 3101 quod
2014 3033 2071 3076 res
2092 3007 2138 3074 iu·

1163 3107 1333 3176 dicandae
1349 3107 1420 3176 sint
1434 3131 1476 3174 ex
1491 3130 1634 3176 reorum
1651 3108 1806 3192 meritis,
1831 3136 1906 3178 non
1921 3135 1962 3179 ex
1981 3109 2137 3201 personis

1163 3223 1418 3299 accusatorum,
1446 3221 1481 3276 et
1495 3209 1618 3277 recitat
1631 3213 1800 3301 exempla.
1837 3213 1913 3282 Hoc
1926 3214 2006 3281 loco
2024 3213 2138 3303 dispu-

1568 645 1701 747 Vultus]
1730 649 1968 741 Amplificatio
1992 673 2016 718 a
2036 649 2139 740 signis

1163 3313 1251 3381 tatio
1275 3325 1326 3382 est
1348 3314 1390 3381 de
1408 3312 1555 3381 ambitu.
1609 3309 1700 3380 Illud
1722 3314 1817 3382 enim
1838 3317 1983 3385 unicum
2007 3315 2137 3384 crimen

1161 3415 1247 3496 fuit,
1273 3417 1316 3483 de
1339 3440 1409 3509 quo
1432 3426 1611 3485 accusatus
1626 3415 1777 3484 blureua
1791 3419 1873 3500 suit,
1900 3420 1997 3513 quod
2014 3419 2140 3488 scilicet

1163 3517 1303 3589 emisset
1323 3517 1501 3608 suffragia.
1565 3517 1776 3612 Priusquam
1807 3534 1925 3590 autem
1953 3523 2140 3612 respondet

1163 3623 1206 3691 de
1225 3620 1392 3705 crimine,
1418 3621 1531 3689 elevat
1545 3621 1773 3690 autoritatem
1790 3649 2038 3714 personarum.
2080 3623 2139 3692 Di·

1163 3725 1297 3795 visores
1325 3723 1411 3793 dicti
1433 3735 1534 3806 sunt,
1577 3722 1639 3815 qui
1669 3725 1926 3795 distribuebant
1954 3726 2139 3817 pecuniam

1152 3828 1433 3911 ¹candidatorum
1459 3825 1497 3892 in
1520 3824 1665 3914 singulis
1686 3829 1865 3912 tribubus,
1892 3853 1961 3922 qna
1979 3831 2140 3898 emeban-

1164 3943 1221 4000 tur
1250 3929 1417 4018 suffragia
1443 3928 1690 4003 multitudinis.
1755 3932 1901 4000 Plautus
1931 3932 1969 3998 in
1997 3932 2139 4001 Aulula·

1163 4033 1215 4102 ria
1227 4032 1272 4128 Π)
1290 4035 1413 4101 eodem
1430 4030 1576 4099 nomine
1592 4057 1673 4101 usus
1689 4045 1750 4102 est.
1826 4026 1985 4128 Iudiciis]
2012 4034 2139 4104 scilicet

1148 4137 1260 4230 'quod
1281 4135 1451 4204 divisores
1473 4158 1509 4203 se
1530 4132 1624 4225 ipsos
1647 4136 1890 4224 prodiderint,
1930 4150 1993 4205 aut
2012 4133 2139 4227 perditi

1163 4242 1243 4308 sint.
1319 4230 1485 4331 Sulpicio]
1522 4237 1652 4305 scilicet
1675 4236 1815 4333 fflio⁷⁸).
1893 4234 2080 4336 Centuriie]
2106 4238 2138 4305 id

1164 4353 1235 4424 est,
1261 4343 1357 4434 quod
1372 4340 1430 4409 ille
1446 4338 1645 4430 corruperit
1660 4339 1804 4434 equites.

1265 4460 1351 4551 Cap.
1376 4457 1514 4530 XXVII.
1545 4457 1576 4550 ἓ.
1598 4455 1657 4529 55.
1700 4463 1770 4531 Sed
1793 4454 1917 4555 petico]
1958 4457 2138 4529 Generalis

1164 4565 1338 4656 quaedam
1371 4562 1531 4656 querela:
1569 4563 1632 4631 Est
1651 4564 1808 4652 profecto
1831 4563 1960 4631 misera
1984 4560 2136 4630 conditio

1163 4691 1306 4749 eorum,
1333 4667 1394 4759 qui
1410 4667 1580 4733 accedunt
1603 4667 1647 4732 ad
1668 4665 1941 4756 rempublicam,
1975 4664 2061 4757 quia
2086 4662 2136 4730 ille

1163 4769 1315 4839 Murena
1331 4769 1403 4837 iam
1421 4768 1575 4858 primum
1603 4779 1748 4835 conatus
1772 4769 1957 4836 ascendere
1981 4767 2135 4858 gradum,

1197 5001 1245 5057 aa)
1265 5001 1385 5059 annua]
1404 4996 1446 5046 nc
1462 4996 1511 5046 ra.
1525 4972 1596 5044 isos.
1616 4999 1643 5042 a
1660 4995 1713 5053 ua
1738 4993 1788 5043 na.
1810 4994 1895 5044 oren.
1914 4995 2021 5046 sareu.

1198 5087 1246 5145 76)
1267 5086 1398 5148 Quintus]
1417 5085 1445 5133 in
1463 5084 1511 5132 Ed.
1530 5081 1602 5130 taos.
1623 5079 1682 5128 bule
1699 5079 1759 5129 voct
1784 5081 1904 5128 cantoris
1929 5092 2029 5130 nornen
2047 5077 2131 5144 „rau

1230 5151 1386 5204 aletaucb.''
1409 5152 1558 5216 praefixum
1576 5152 1627 5198 est.

1197 5243 1246 5302 77)
1265 5243 1352 5292 Plaut.
1371 5240 1460 5290 aulul.
1480 5239 1504 5302 ¹,
1522 5237 1549 5301 8,
1567 5234 1611 5285 80.

1198 5331 1245 5388 78)
1266 5329 1324 5376 Ser.
1343 5324 1479 5387 Sulpicius
1498 5323 1603 5381 nictus,
1622 5322 1682 5368 Ser.
1701 5317 1811 5378 Sutplcil
1829 5318 2047 5370 Lemonieeltufl
2059 5317 2129 5376 lilius,

1233 5396 1405 5458 subscriptor
1422 5390 1608 5456 reclinationis
1626 5389 1813 5448 Iuttturenae.

2088 5567 2129 5600 h·
