4544 5766
119 173 219 247 >1059
687 167 814 244 rau.
847 158 1553 245 MEL.SCRIPTAP111LOLOG10A.
1842 142 1846 151 “
2032 164 2128 240 toto

124 343 418 440 reprehensione3
449 367 565 437 neque
597 341 693 412 enirn
722 343 824 414 vobis
848 354 1008 427 tantum,
1045 344 1107 414 sed
1128 398 1135 427 ,
1157 341 1294 412 ambitu
1307 342 1467 437 impedit.
1516 342 1608 414 Nam
1624 336 1874 412 sihuncreum
1893 334 1966 435 ess'e
1981 339 2131 410 ambitus

125 451 194 543 ipsi
226 450 333 518 etiam
363 445 510 528 Catoni,
553 445 783 536 integerrimo
816 449 914 531 viro,
959 445 1108 540 probari
1156 446 1362 530 confiterer,
1388 460 1423 516 et
1443 445 1577 544 crimus
1600 447 1846 528 defenderem,
1871 468 1947 514 non
1966 456 2064 514 recte
2084 445 2131 512 fa

125 579 246 623 meum
263 549 416 621 officium
431 547 549 634 velim.
599 547 664 618 Est
681 549 776 618 enim
791 550 879 619 boni
895 549 977 634 viri,
1003 574 1106 642 prae·
1156 571 1289 629 cerem;
1318 552 1380 620 sed
1400 574 1481 619 cum
1503 547 1729 640 largitionem
1749 550 1878 618 factam
1900 571 1975 618 esse
1995 569 2130 638 negem,

125 670 219 727 stare
234 667 274 724 ut
289 651 432 745 optimis
447 650 643 746 quibusque
657 652 806 743 placeat.
856 651 908 722 Ac
918 652 1107 746 principio,
1154 646 1246 719 nihil
1269 651 1393 736 video,
1417 676 1481 722 cur
1497 651 1588 720 latio¹
1605 651 1691 742 legis
1712 663 1807 721 vetet
1823 647 1918 720 hunc
1935 650 2130 721 defendere.

127 759 237 840 Cato,
264 779 284 824 a
308 779 379 850 quo
397 766 449 824 est
464 778 619 849 aequum
635 756 837 840 consulem,
862 781 971 852 quam
987 780 1008 824 a
1025 780 1108 825 con·
1154 753 1341 824 Postremo
1374 753 1578 852 dissimilem
1608 754 1680 823 mei
1701 756 1840 824 tfactum
1862 778 1920 825 me
1946 777 2022 824 esse
2047 751 2129 822 Cato

126 862 201 932 sule
222 856 389 929 defendi?
414 880 499 926 nam
521 869 563 925 ut
584 852 700 928 honos
722 858 941 943 communis,
968 872 1003 928 et
1025 883 1109 927 con·
1151 854 1262 940 dicit,
1295 857 1358 952 qui
1378 881 1473 927 nunc
1494 882 1560 949 pro
1584 857 1735 927 Murena
1758 856 1894 941 dicam,
1910 886 1912 891 ·
1927 868 2036 925 antea
2063 867 2130 924 tatu

126 963 205 1034 silia
227 961 348 1031 omnia
367 957 572 1029 communia
593 973 695 1045 suut,
720 961 770 1031 sic
785 961 892 1030 etiam
909 961 1108 1032 existimare
1156 982 1276 1029 severe
1298 959 1337 1028 in
1358 959 1514 1030 nefarios
1538 983 1579 1028 ac
1592 959 1760 1050 'perditos
1789 958 1881 1028 cives
1911 957 2129 1028 animadver-

126 1067 252 1148 debeo,
277 1063 435 1157 pericula
451 1061 655 1132 communia
672 1088 745 1134 esse
761 1065 899 1136 debere.
949 1064 1108 1135 Proinde
1157 1073 1246 1132 tens.
1295 1061 1372 1155 Ego
1386 1087 1472 1133 vero
1489 1063 1542 1132 fui
1555 1059 1745 1132 vehemens
1761 1062 1929 1132 adversus
1951 1060 2128 1153 improbos

127 1181 252 1239 contra
279 1166 434 1236 officinm
455 1165 628 1249 facerem,
648 1165 678 1235 si
698 1166 751 1234 illi
773 1168 815 1236 de
839 1165 1031 1258 dignitate,
1063 1168 1108 1236 de
1157 1163 1268 1246 cives,
1309 1189 1528 1260 quamquam
1560 1178 1690 1234 natura
1720 1167 1767 1234 ad
1797 1164 1981 1234 lenitatem
2012 1165 2128 1245 factus,

128 1273 260 1353 salute,
285 1269 438 1363 denique
463 1266 639 1359 decapite
663 1268 864 1353 dimicanti,
889 1294 976 1360 ego,
1002 1295 1109 1365 quem
1157 1265 1299 1362 eum¹⁵)
1328 1261 1418 1337 mihi
1445 1263 1503 1338 hle
1529 1269 1758 1359 magistratus
1792 1278 1828 1336 et
1857 1290 2041 1337 summam
2068 1265 2128 1334 rei·

130 1373 291 1444 omnium
313 1370 555 1464 periculorum
576 1371 713 1441 socium
734 1397 807 1445 esse
834 1372 1012 1465 oportuit,
1049 1374 1109 1442 de·
1157 1368 1318 1461 publicae
1331 1371 1527 1463 perieulum
1544 1395 1622 1440 eam
1637 1369 1880 1440 necessitatem
1894 1366 2127 1461 imposuisset

130 1502 254 1547 essem.
329 1473 466 1542 Deinde
496 1485 536 1542 ut
562 1475 728 1543 venditor
758 1476 956 1568 periculum
987 1475 1110 1545 iudicii
1157 1494 1253 1541 nunc
1279 1472 1349 1542 alia
1378 1497 1434 1543 res
1457 1485 1519 1544 est.
1570 1473 1654 1545 Non
1677 1473 1774 1542 enim
1796 1472 2002 1564 improbum
2026 1470 2127 1540 civem

128 1590 308 1672 praestare
327 1574 481 1669 emptori
502 1576 626 1659 debet,
658 1576 689 1647 si
719 1579 780 1671 qui
812 1579 902 1650 alius
926 1579 1109 1648 vindicare
1157 1575 1322 1647 defendo.
1371 1574 1550 1660 Proinde,
1582 1600 1663 1647 cum
1694 1599 1752 1644 me
1780 1577 1913 1645 multae
1945 1575 2127 1646 causae'ad

128 1707 205 1751 rern
229 1678 411 1749 venditam
430 1677 531 1747 velit:
566 1679 614 1746 ita
650 1703 728 1749 cum
759 1707 838 1750 mea
859 1707 945 1752 voce
965 1680 1006 1750 L.
1029 1681 1111 1752 Mu·
1156 1677 1339 1746 miseriam
1370 1690 1477 1773 atque
1508 1675 1768 1785 immanitatem
1798 1690 1946 1763 vocent,
1987 1677 2127 1746 libenter

128 1808 215 1853 rena
242 1782 366 1852 consul
393 1780 619 1851 renuntiatus
648 1781 712 1867 sit,
747 1808 900 1878 aequum
933 1795 1006 1868 est,
1040 1808 1111 1867 me,
1158 1779 1255 1848 illam
1270 1782 1465 1852 severitatis
1479 1805 1681 1873 personam,
1695 1805 1804 1875 quam
1820 1793 1904 1850 tunc
1919 1781 2127 1872 imposuerat

128 1913 174 1956 ne
200 1885 234 1954 ei
258 1881 317 1954 hic
339 1880 456 1953 honos
481 1881 672 1975 eripiatur,
703 1899 897 1977 praestare.
948 1885 1046 1970 Etsi,
1071 1899 1113 1957 ut
1158 1883 1373 1973 respublica,
1408 1885 1570 1975 depono,
1605 1897 1641 1954 et
1661 1885 1707 1953 ad
1727 1895 1895 1954 naturam
1913 1907 2036 1953 meam
2057 1907 2126 1951 con

128 1990 167 2058 in
190 1988 268 2057 aliis
291 1986 512 2069 civitatibus,
538 1986 577 2054 in
595 1980 663 2054 hac
682 1988 772 2056 urbe
784 1989 924 2080 publice
940 1990 1112 2059 darentur
1159 1985 1452 2080 suetudinemque
1468 1989 1589 2058 redeo.
1640 1987 1710 2057 Sed
1734 2010 1813 2056 cum
1832 1989 1880 2056 de
1903 2010 1986 2055 meo
2009 1974 2125 2068 officii,

128 2090 274 2185 patroni
296 2089 335 2158 in
357 2086 514 2170 iudiciis,
546 2112 653 2157 nemo
674 2091 804 2162 rectius
828 2091 965 2162 consuli
977 2089 1022 2188 19)
1049 2116 1112 2184 pa·
1159 2098 1234 2156 tum
1251 2089 1373 2159 de·tuo
1391 2089 1579 2181 disputabo
1594 2091 1743 2161 fortasse
1759 2101 1882 2181 postea
1898 2089 2020 2159 etiam.
2070 2087 2126 2158 Sed

129 2206 278 2275 tronus,
308 2215 415 2287 quam
446 2189 569 2260 consul
595 2190 753 2263 daretur.
802 2193 867 2264 Est
887 2197 983 2263 enim
1008 2208 1110 2287 turpe
1159 2213 1238 2274 me,
1268 2190 1421 2277 iudices,
1455 2216 1530 2261 non
1558 2192 1677 2263 minus
1699 2191 1893 2261 commovit
1918 2190 2037 2261 Servii
2055 2215 2126 2286 que·

129 2295 327 2391 principem
358 2291 585 2382 magistratus
615 2295 659 2362 ab
684 2294 863 2366 inferioris
886 2296 1023 2368 ordinis
1046 2294 1111 2367 ho·
1159 2292 1255 2376 rela,
1289 2318 1398 2387 quam
1431 2294 1575 2366 Catonis
1594 2292 1803 2378 accusatio,
1835 2291 1898 2388 qui
1929 2317 1966 2364 se
1992 2295 2127 2363 moleste

129 2398 246 2481 mine,
279 2395 401 2468 salutis
431 2408 465 2462 et
488 2394 672 2488 dignitatis
696 2400 1019 2491 propugnationem
1047 2425 1112 2493 po·
1157 2396 1251 2463 ferre
1284 2397 1386 2482 dicit,
1423 2423 1481 2467 me
1511 2399 1660 2468 oblitum
1691 2409 1833 2467 nostrae
1859 2395 2128 2478 necessitudinis,

130 2502 275 2574 stulare.
331 2498 518 2568 Postremo
545 2512 675 2568 natura
703 2503 761 2584 fit,
793 2515 834 2572 ut
861 2527 985 2572 eorum
1017 2504 1112 2574 salus
1159 2496 1344 2570 inimicum
1366 2525 1469 2571 suurn
1490 2502 1689 2582 defendere,
1710 2495 1793 2570 huic
1809 2499 2011 2575 satisfacere
2025 2500 2127 2591 cupio.

129 2603 233 2673 nobis
259 2625 362 2672 curae
388 2600 455 2685 sit,
493 2601 555 2695 qui
582 2601 621 2668 in
651 2603 777 2673 eadem
806 2604 963 2697 pericula
994 2605 1112 2696 ingre·
1158 2599 1252 2672 Nam
1277 2627 1356 2672 cum
1384 2605 1489 2672 fidem
1505 2603 1669 2674 'accusari
1684 2627 1790 2692 grave
1806 2602 2039 2686 esttametsi
2051 2602 2127 2671 falso

130 2707 297 2788 diuntur,
331 2703 458 2797 quibus
479 2702 547 2796 ipsi
562 2705 740 2797 perfuncti
758 2732 891 2780 sumus.
940 2706 1112 2778 Videmus
1160 2718 1354 2789 accusetur,
1365 2707 1466 2776 nullo
1478 2708 1587 2775 modo
1604 2705 1977 2777 dissimulandum‘est.
2016 2704 2129 2774 Tantis

130 2809 247 2891 enim,
284 2830 393 2901 quam
414 2805 601 2896 diligenter
623 2809 810 2879 consulant
829 2811 1049 2902 navigaturis
1064 2809 1111 2908 ¹⁸)
1154 2829 1225 2898 per
1260 2809 1381 2878 omnia
1412 2809 1534 2880 officiis
1564 2809 1629 2879 tibi
1659 2832 1718 2877 me
1738 2807 1918 2900 praestiti,
1951 2830 2034 2877 cum
2066 2808 2129 2878 sine

129 2907 189 2994 hi,
224 2910 286 3005 qui
313 2909 385 2978 iam
416 2909 455 2976 in
479 2922 622 3000 portum
652 2935 693 2979 ex
715 2912 820 3004 longa
846 2913 1035 2982 iactatione
1058 2913 1113 2981 in·
1162 2907 1388 3004 cuiusquam,
1419 2913 1628 3003 praesertim
1650 2911 1773 2995 amici,
1807 2908 1938 2979 iniuria
1957 2910 2075 2981 facere
2100 2910 2130 2978 id

129 3010 322 3084 vehuntur.
374 3011 481 3103 Quod
503 3037 583 3081 cum
610 3012 659 3081 ita
680 3013 744 3097 sit,
779 3038 932 3109 aequum
956 3029 1029 3100 est,
1054 3038 1112 3084 me
1160 3034 1313 3104 possem.
1363 3013 1521 3084 Proinde
1530 3013 1577 3111 ¹⁰)
1602 3026 1636 3084 te
1660 3013 1699 3082 in
1720 3013 1892 3104 petitione
1915 3007 2069 3083 honoris
2080 3014 2130 3082 ad·

130 3117 355 3209 perfunctum
376 3137 490 3206 paene
514 3109 582 3183 boc
600 3115 831 3206 magistratu,
856 3131 891 3188 et
903 3118 1113 3210 praeviden-
1161 3114 1248 3186 iuvi.
1313 3113 1427 3187 -Nune
1458 3129 1596 3201 autem,
1629 3140 1709 3186 cum
1730 3138 1805 3185 non
1827 3112 2007 3185 honorem
2031 3129 2130 3207 petas,

131 3232 224 3302 tem,
251 3228 405 3311 quantae
426 3228 652 3308 tempestates
673 3219 794 3289 futuro
809 3221 945 3291 consuli
960 3222 1112 3292 subeun-
1161 3218 1223 3287 sed
1250 3212 1356 3290 huius
1380 3232 1505 3310 caput,
1541 3244 1617 3288 non
1648 3243 1792 3310 possum
1813 3217 1878 3287 tibi
1904 3242 1987 3288 cum
2011 3217 2130 3288 iniuria

131 3322 197 3390 dae
221 3319 311 3402 sint,
337 3320 370 3389 ei
384 3342 458 3403 non
474 3321 611 3402 deesse,
637 3323 699 3391 sed
716 3346 797 3392 eum
815 3325 1005 3396 autoritate
1019 3348 1113 3408 mea,
1161 3315 1267 3389 huius
1299 3321 1501 3412 gratificari.
1553 3323 1610 3392 Sic
1639 3321 1734 3390 enim
1751 3320 1940 3389 *amicitiae
1974 3322 2129 3390 colendae

133 3435 306 3519 quantum
335 3447 500 3514 possum,
536 3423 744 3510 defendere,
783 3427 993 3517 praesertim
1032 3452 1113 3497 cum
1162 3433 1266 3507 sunt,
1290 3436 1332 3493 ut
1352 3423 1427 3495 sine
1448 3424 1579 3495 iniuria
1602 3423 1754 3494 aliorum
1775 3422 1896 3492 amicis
1917 3424 2130 3515 nostrisgra·

132 3527 239 3597 etiam
265 3524 479 3616 reipublicae
495 3524 541 3620 14)
567 3525 715 3610 intersit.
765 3527 859 3600 Nam
883 3555 963 3601 cum
983 3529 1114 3600 intelli·
1162 3524 1348 3600 tificemur.
1409 3528 1494 3598 Non
1523 3541 1575 3596 est
1602 3528 1750 3596 obscura
1784 3526 1839 3596 lex
1874 3526 1935 3594 illa
1964 3526 2128 3595 amicitiae

132 3653 235 3720 gam,
261 3652 369 3722 quam
393 3628 631 3719 periculosum
653 3633 719 3715 sit,
744 3631 921 3703 civitatem
937 3633 1012 3705 sine
1030 3658 1114 3716 con·
1163 3628 1319 3714 Graeca,
1353 3628 1486 3700 Amicis
1513 3654 1625 3722 usque
1650 3631 1696 3696 ad
1720 3653 1799 3699 artis
1828 3629 2128 3700 obsecundandum

132 3730 244 3803 sulari
264 3729 441 3821 praesidio
464 3755 557 3815 esse,
589 3732 676 3801 boni
703 3734 856 3806 consulis
886 3750 957 3821 est,
994 3736 1115 3829 provi·
1164 3755 1237 3801 esse
1255 3731 1313 3829 ¹⁷).
1364 3730 1501 3801 Deinde
1521 3726 1752 3801 humanitatis
1775 3743 1843 3816 est,
1870 3733 2043 3803 adversus
2056 3730 2128 3802 arni-

132 3836 238 3915 dere,
270 3856 314 3900 ne
343 3833 468 3900 orbata
492 3834 693 3904 consulibus
720 3839 917 3928 respublica
941 3839 1114 3931 improbis
1165 3860 1224 3904 cos
1245 3835 1352 3904 etiam
1377 3832 1610 3904 alienissimos
1631 3833 1830 3903 defendere.
1888 3834 1935 3902 Ac
1960 3859 2042 3904 cum
2066 3835 2128 3904 blu-

134 3950 170 4007 et
188 3933 395 4029 perniciosis
421 3935 623 4005 consulibus
653 3935 852 4011 obiiciatur.
905 3941 1014 4033 Quod
1034 3967 1115 4012 cum
1164 3942 1374 4006 renavetus
1396 3932 1487 4006 mihi
1506 3937 1614 4005 etiam
1641 3936 1795 4005 amicitia
1828 3948 1897 4019 est,
1928 3960 2041 4030 quam
2069 3960 2127 4006 non

133 4041 183 4108 ita
206 4039 263 4123 sit,
286 4062 360 4106 non
382 4039 493 4107 modo
515 4038 656 4130 privato
680 4041 795 4109 offrcio
810 4045 865 4110 ad
892 4045 998 4113 amici
1022 4045 1115 4114 salu-
1164 4039 1246 4108 ideo
1269 4033 1338 4107 hoc
1358 4050 1539 4131 tempore,
1574 4063 1653 4109 cum
1684 4063 1750 4131 per
1778 4038 1948 4107 iniuriam
1978 4041 2074 4111 salus
2097 4062 2127 4106 ac

132 4155 203 4212 tem
220 4141 517 4235 propugnandam
533 4141 716 4227 adductus,
731 4146 792 4215 sed
801 4146 908 4215 etiam
916 4148 1115 4238 respublica
1165 4139 1317 4232 dignitas
1351 4141 1425 4212 eius
1453 4141 1493 4211 in
1522 4166 1699 4213 summum
1736 4140 1926 4211 discrimen
1960 4136 2129 4220 vocentur,

132 4270 191 4314 me
215 4247 383 4315 adversus
405 4244 647 4336 impendentia
672 4246 829 4339 pericula
854 4249 957 4318 firma
981 4249 1116 4341 praesi-
1165 4243 1386 4330 dissimulare
1406 4246 1537 4327 debeo,
1564 4245 1647 4340 qnia
1662 4243 1728 4312 tibi
1742 4244 1780 4311 in
1797 4239 1946 4314 honoris
1961 4245 2130 4337 petitione,

134 4348 194 4417 dia
216 4371 424 4440 comparare
447 4349 550 4439 cogit.
602 4347 672 4418 Sed
683 4349 799 4442 legem
814 4350 964 4447 (inquit)
979 4353 1024 4421 de
1041 4376 1116 4421 am·
1166 4373 1245 4417 cum
1262 4347 1338 4418 sine
1354 4346 1484 4418 iniuria
1500 4342 1605 4418 huius
1619 4372 1771 4438 possem,
1797 4345 1927 4418 studui.
1978 4344 2129 4443 Aequum

134 4449 213 4518 bitu
232 4475 311 4519 cum
341 4450 484 4533 tuleris,
518 4463 622 4544 turpe
653 4465 706 4521 est
735 4453 801 4522 tibi
832 4479 935 4525 reum
961 4454 1116 4526 ambitus
1166 4461 1218 4519 est
1238 4450 1356 4535 enim,
1392 4449 1561 4520 iniuriam
1590 4473 1611 4519 a
1642 4450 1756 4540 capite
1786 4449 1891 4517 amici
1920 4453 2130 4544 propulsare,

135 4550 335 4623 defendere.
384 4550 460 4642 Ego
483 4577 568 4622 vero
593 4557 728 4638 fateor,
751 4581 808 4626 me
832 4558 951 4648 legem.
973 4560 1017 4628 de
1041 4583 1116 4626 am·
1165 4576 1241 4621 non
1278 4551 1410 4624 iniusto
1443 4552 1561 4626 dolori
1601 4551 1810 4646 cuiusquam
1842 4575 1982 4622 morem
2012 4558 2131 4644 gerere.

133 4655 213 4725 bitu
233 4653 371 4742 tulisse;
398 4656 460 4728 sed
475 4655 542 4745 illa
563 4659 678 4731 veteri
695 4660 770 4750 lege
795 4655 1028 4732 humanitatis
1042 4686 1117 4731 non
1165 4655 1244 4724 Huc
1262 4656 1397 4725 accedit
1426 4651 1575 4724 honoris
1606 4653 1823 4746 amplitudo,
1856 4675 1964 4749 quem
1996 4658 2132 4751 adeptus

135 4759 217 4826 ideo
232 4756 380 4847 ¹solutus
405 4783 502 4842 sum,
545 4784 653 4853 quam
691 4758 782 4835 mihi
812 4764 877 4833 tuli
900 4765 951 4833 ·de
984 4765 1116 4834 civium
1158 4759 1230 4833 est.
1279 4758 1404 4854 Neque
1426 4758 1521 4828 enim
1537 4757 1612 4829 sinc
1627 4755 1812 4847 superbiae
1827 4749 2031 4848 suspicione
2045 4756 2133 4852 potui

135 4859 301 4952 periculis
323 4860 586 4950 propulsandis.
636 4861 775 4934 Deinde
799 4863 891 4936 nihil
917 4892 974 4937 me
996 4868 1051 4936 lex
1073 4869 1116 4937 de
1165 4861 1353 4953 repudiare
1362 4885 1504 4932 causam
1514 4858 1679 4945 consulis,
1691 4881 1764 4927 non
1779 4859 1889 4928 modo
1904 4859 1948 4929 de
1963 4859 2134 4953 dignitate,

144 5018 349 5033 *na—t·-
1168 5016 1373 5034 m

172 5096 218 5153 12)
240 5089 429 5153 consultura.
449 5086 524 5141 11118Ὶ
542 5093 656 5158 typogr.
674 5107 785 5149 errore:
803 5099 917 5153 cereali.
1201 5098 1250 5156 11)
1268 5097 1343 5158 oum]
1362 5092 1402 5146 alo
1417 5094 1504 5148 Edttt.
1522 5093 1613 5159 1111,
1631 5093 1722 5159 lm,
1739 5091 1833 5156 15118.;
1850 5090 1879 5142 tu
1895 5090 1946 5142 Ed
1966 5090 2044 5145 tm
2061 5093 2134 5145 deest

170 5182 219 5239 1⁸)
235 5179 427 5244 mulgeturle]
445 5178 589 5234 etc-urus
610 5182 695 5248 tm,
717 5184 803 5250 lm,
822 5187 914 5251 16ης
932 5187 961 5239 tn
978 5189 1027 5240 Ed.
1041 5189 1117 5242 two.
1204 5185 1251 5245 te)
1269 5182 1403 5241 Proinde]
1421 5181 1461 5231 sic
1472 5179 1556 5231 Editt.
1571 5175 1659 5240 1539.“,
1678 5177 1762 5243 1113.,
1782 5177 1874 5242 15644
1891 5178 2035 5232 1111568.
2052 5182 2134 5234 rom.

203 5250 294 5316 deme
1203 5269 1251 5329 17)
1267 5270 1308 5330 De
1326 5267 1413 5328 dicto;
1431 5263 1526 5330 Μέχρι
1542 5262 1592 5314 τοῦ
1608 5262 1705 5332 βωμοῦ
1721 5261 1812 5330 φίλος,
1831 5265 1924 5326 Usque
1940 5264 1979 5314 etl
1994 5277 2063 5318 aru
2079 5264 2135 5317 eui-

172 5339 219 5396 u)
237 5335 320 5386 etiem
337 5334 518 5399 reipublicae]
536 5335 578 5389 afa
594 5337 678 5391 notu.
698 5335 784 5406 lm,
803 5340 891 5407 tm,
909 5344 1003 5408 rme
1020 5343 1048 5396 tn
1066 5346 1117 5399 uu,
1237 5351 1297 5401 cus,
1314 5336 1369 5386 vtd.
1385 5334 1494 5385 Erasini
1512 5333 1593 5398 areg.
1611 5333 1673 5384 chit.
1689 5332 1732 5384 llL
1751 5335 1822 5382 cent.
1839 5332 1871 5382 ll.
1891 5343 1971 5394 prov.
1990 5337 2034 5389 1⁰.
2053 5341 2080 5387 et
2095 5347 2134 5385 eu·

202 5404 280 5455 1118.
297 5404 463 5468 reipublicae
483 5406 575 5461 edan.
1236 5417 1286 5469 pra
1302 5418 1328 5467 p.
1345 5403 1405 5457 611.
1424 5405 1492 5454 nott
1509 5403 1551 5455 tr.
