4544 5766
121 218 195 292 419
384 213 586 286 SCRIPTA
611 210 688 284 PH.
715 210 828 286 MEL.
854 211 920 283 ΑΙ)
946 209 1155 284 ETHICEN
1182 210 1249 282 ΕΤ
1275 208 1533 314 POLlTlCEN
1559 210 1873 288 SPECTANTIA.
2068 213 2144 290 420

224 388 374 459 Politica
389 413 473 458 vero
491 400 544 456 est
560 387 723 455 doctrina
739 389 783 457 de
806 399 950 456 externa
968 386 1107 455 actione
1161 384 1398 478 publicarum,
1416 387 1526 454 modo
1541 385 1613 456 sint
1628 401 1886 458 consentaneae
1900 384 2046 470 rationi,
2060 386 2155 456 sicut

123 496 160 564 in
175 493 269 576 vita,
296 494 338 560 de
356 516 474 560 rerum
493 489 733 580 possessione,
759 492 803 559 de
821 489 1110 572 successionibus,
1162 488 1340 580 approbat
1356 484 1684 573 architectonicam,
1711 503 1773 560 aut
1787 489 2001 560 medicinam
2017 488 2155 558 rationi

122 602 166 668 de
185 594 422 665 contractibus
437 606 471 662 et
485 593 657 663 similibus
672 594 795 677 rebus,
822 588 909 662 haec
930 617 1005 661 non
1029 604 1111 662 sunt
1162 603 1451 662 consentaneam.

124 699 252 772 similia
268 698 363 789 apud
379 720 502 765 omnes
518 708 649 786 gentes.
696 695 798 763 Aliae
812 696 906 787 leges
920 707 1003 766 snut
1015 696 1110 785 apud
1260 691 1373 762 Pauci
1389 693 1426 760 in
1443 692 1598 764 Ecclesia
1620 696 1765 764 fuerunt
1779 694 1988 787 scriptores,
2015 694 2078 786 qui
2096 719 2153 765 sa-

122 805 267 883 Persas,
301 800 390 867 aliae
412 795 580 882 Athenis,
616 798 872 868 aliaellomae.
930 798 1029 868 Sicut
1050 822 1112 866 au·
1162 795 1206 865 tis
1221 809 1476 887 perspexerunt
1491 791 1559 865 hoc
1576 798 1775 867 discrimen.
1828 795 1951 890 ltaque
1966 798 2154 889 pontifices

124 919 196 974 tem
223 899 446 972 Christianus
469 899 555 970 alias
578 902 648 969 alio
671 901 800 971 vestitu
821 901 951 985 utitur,
985 926 1047 971 seu
1071 912 1111 969 ut
1163 898 1372 969 invaserunt
1388 898 1557 991 imperia,
1584 913 1845 991 arrogaverunt
1867 900 1935 970 sibi
1959 901 2013 971 ius
2037 914 2154 971 trans·

124 1006 210 1076 alibi
225 1006 303 1075 aliis
318 1004 456 1074 dicrum
474 1003 596 1094 spatiis
612 1003 742 1072 utitur:
761 1005 819 1072 'ita
838 1005 920 1072 licet
935 1004 969 1071 ei
985 1002 1037 1072 uti
1054 1027 1112 1070 cu·
1161 1000 1299 1070 ferendi
1312 1025 1434 1091 regua.
1485 1001 1560 1072 Nos
1582 1001 1690 1093 igitur
1712 1003 1899 1094 diligenter
1924 1004 2155 1073 observemus

125 1111 320 1202 iuscunque
342 1108 412 1177 loci
436 1106 581 1198 politia,
607 1106 713 1176 Esras
728 1108 823 1197 apud
838 1107 964 1175 Persas
980 1105 1113 1174 iudicat
1162 1104 1358 1173 maximum
1376 1104 1603 1173 intervallum
1619 1105 1713 1173 inter
1726 1103 1960 1195 Evangelium
1982 1119 2018 1174 et
2032 1104 2156 1198 politi-

126 1236 181 1282 res
204 1237 246 1280 ex
259 1210 409 1279 Persicis
428 1210 575 1301 legibus.
633 1209 891 1302 Hierosolymis
914 1208 1049 1277 iudicat
1072 1232 1113 1276 ex
1164 1229 1240 1273 cam
1257 1230 1342 1277 esse.
1391 1206 1734 1298 Etpolitiasomnes
1754 1208 1947 1300 approbari
1973 1209 2018 1277 ab
2033 1209 2156 1278 Evan-

89 1312 276 1384 -ludaicis
290 1314 437 1404 legibus.
489 1311 658 1381 Centurio
675 1312 712 1380 in
723 1308 851 1381 Iudaea
862 1309 1013 1382 Iudaicis
1027 1310 1113 1401 legi·
1163 1308 1275 1399 gello,
1306 1308 1336 1379 si
1360 1333 1440 1378 cnm
1462 1304 1648 1405 ratione*)
1673 1311 1909 1381 consentiant.
1960 1309 2012 1380 Ac
2034 1313 2154 1381 videte

125 1419 192 1486 bus
209 1418 343 1498 utitur,
364 1415 502 1483 Romae
518 1414 704 1486 Romanis.
755 1415 830 1484 Nec
844 1414 957 1506 magis
979 1414 1045 1484 ista
1069 1414 1112 1481 ad
1164 1435 1254 1504 quae
1271 1410 1316 1480 sit
1330 1411 1491 1482 stultitia.
1541 1412 1675 1506 Siquis
1694 1409 1882 1505 theologus
1901 1413 1987 1482 velit
2008 1415 2157 1484 medici·

125 1518 361 1609 Evangelium
385 1516 566 1609 pertinent
584 1542 692 1611 quam
716 1519 880 1602 vestitus,
906 1542 1013 1611 quam
1037 1515 1113 1607 ipsa
1164 1538 1248 1581 nam
1265 1538 1439 1599 exercere,
1455 1539 1576 1584 nonne
1590 1510 1685 1584 hunc
1702 1541 1824 1587 omnes
1842 1515 2044 1601 irriderent,
2069 1517 2156 1612 quia

126 1623 266 1691 dierum
289 1619 414 1712 spatia.
473 1619 520 1688 Et
550 1615 619 1688 hoc
649 1619 839 1692 discrimen
861 1617 1049 1711 Evangelii
1081 1631 1115 1687 et
1165 1629 1298 1700 artem,
1332 1642 1440 1710 quam
1460 1641 1535 1687 non
1557 1617 1755 1703 didicisset,
1786 1619 2038 1711 profiteretur?
2100 1617 2155 1690 lta

127 1723 287 1816 politices
299 1747 403 1793 nosse
418 1724 521 1791 valde
538 1723 705 1792 conducit
718 1724 764 1791 ad
778 1723 1002 1793 retinendam
1017 1735 1115 1791 tran·
1164 1719 1241 1786 iure
1257 1718 1453 1789 irridentur
1475 1720 1762 1805 concionatores,
1796 1723 1860 1818 qui
1882 1723 2009 1792 volunt
2030 1721 2157 1793 civita·

128 1827 360 1921 quillitatcm,
394 1838 430 1893 et
452 1823 649 1915 augendam
672 1827 908 1894 reverentiam
933 1849 1015 1913 erga
1038 1847 1114 1890 ma·
1165 1834 1216 1890 tes
1232 1823 1449 1912 gubernare,
1475 1848 1586 1916 quum
1608 1825 1853 1917 nunquam'in
1873 1825 2055 1917 republica
2071 1851 2154 1895 ver-

127 1931 304 2022 gistratus.
354 1925 447 1995 Vere
463 1928 558 1996 enim
573 1927 732 1998 seditiosi
745 1926 927 1999 iudicandi
941 1939 1024 1999 sunt
1044 1925 1114 2008 isti,
1164 1923 1232 1993 sati
1247 1924 1329 1996 sint.
1380 1924 1526 1996 Veteres
1548 1926 1641 2017 leges
1663 1928 1824 2012 abolent,
1851 1952 1930 1998 cum
1950 1953 2025 1998 non
2049 1928 2156 1998 intel·

127 2032 190 2125 qui
205 2057 284 2100 cum
300 2031 452 2098 doceant
465 2030 720 2121 Evangelium,
752 2032 959 2122 irrumpunt
975 2031 1013 2097 in
1031 2028 1113 2096 alie·
1163 2027 1277 2117 ligant
1292 2051 1413 2098 causas
1429 2052 1490 2096 cur
1505 2029 1597 2097 latae
1612 2029 1704 2112 sint,
1730 2043 1765 2098 et
1786 2056 1857 2101 uua
1879 2031 1956 2122 lege
1979 2032 2153 2123 abrogata

127 2157 210 2202 nam
228 2131 467 2216 functionem,
492 2134 611 2202 lerunt
626 2134 719 2224 leges
735 2135 778 2203 de
794 2133 969 2204 divisione
989 2127 1113 2220 haere·
1166 2128 1322 2198 infinitas
1344 2131 1571 2201 substituunt.
1623 2131 1757 2201 Verum
1779 2148 1831 2209 est
1852 2135 1947 2203 enim
1969 2133 2058 2203 illud
2072 2134 2157 2204 Pla·

128 2237 299 2318 ditatum,
327 2235 370 2303 de
394 2235 554 2319 tributis,
579 2236 623 2305 de
643 2237 901 2320 contractibus,
924 2238 967 2305 de
989 2233 1114 2327 poenis
1165 2231 1330 2326 conisi),
1360 2245 1497 2302 veteres
1520 2233 1615 2323 leges
1646 2247 1804 2321 mutare,
1842 2235 1991 2328 perinde
2013 2262 2088 2308 esse
2112 2263 2155 2307 ac

127 2338 396 2407 maleficiorum.
458 2338 557 2408 Sicut
584 2339 705 2410 multis
732 2339 820 2409 locis
846 2340 1115 2409 concionatores
1165 2330 1299 2427 hydrae
1318 2335 1432 2426 capita
1450 2336 1667 2427 praecidere.
1717 2336 1767 2406 Et
1788 2341 2093 2434 quemadmodum
2115 2341 2156 2409 in

128 2453 250 2509 vetant
278 2438 446 2532 suspendi
469 2443 584 2525 fures,
623 2444 743 2513 serunt
769 2443 862 2533 leges
886 2445 929 2512 de
956 2438 1115 2521 decimis,
1160 2436 1325 2506 aedificio
1341 2450 1452 2508 ruunt
1468 2438 1590 2507 omnia
1603 2464 1678 2508 uno
1701 2440 1821 2535 aliquo
1844 2442 1943 2533 tigno
1968 2457 2154 2536 exempto:

127 2545 300 2612 damnant
320 2544 458 2634 publice
482 2558 643 2635 receptos
666 2558 867 2616 contractus
890 2558 955 2615 etc.
1011 2542 1115 2616 Wic-
1165 2540 1214 2609 sic
1243 2541 1350 2610 unius
1381 2541 1466 2632 legis
1495 2541 1647 2611 mutatio
1673 2543 1816 2612 ruinam
1839 2541 1950 2614 trahit
1977 2546 2155 2620 omnium.

126 2647 191 2716 leff
195 2646 225 2741 ¹)
245 2646 346 2715 valde
362 2648 599 2718 tumultuatur
614 2662 649 2719 et
664 2649 848 2718 contendit
863 2647 1017 2718 decimas
1040 2669 1115 2715 non
1166 2643 1247 2735 Qua
1279 2668 1321 2712 ex
1337 2667 1389 2728 gre
1418 2668 1556 2714 necesse
1583 2657 1636 2715 est
1664 2646 1821 2717 infinitos
1841 2660 1959 2718 motus
1985 2649 2155 2720 existere:

127 2774 201 2820 esse
236 2749 423 2818 solvendas
456 2750 579 2820 otiosis
611 2751 864 2822 sacerdotibus.
939 2749 1065 2841 Capito
1076 2745 1114 2843 18)
1167 2769 1277 2839 quare
1294 2770 1417 2817 omnes
1440 2747 1563 2839 magni
1585 2746 1655 2817 viri
1676 2761 1712 2818 et
1731 2749 1837 2842 periti
1859 2751 2075 2843 reipublicae
2098 2779 2155 2823 re-

128 2852 312 2921 contendit
324 2864 364 2921 ut
380 2852 557 2944 principes
571 2854 757 2922 remittant
769 2853 906 2946 aliquid
928 2854 971 2921 de
993 2875 1114 2920 annuo
1166 2849 1301 2939 gendae
1333 2849 1535 2934 clamitant,
1585 2875 1729 2920 omnem
1765 2854 1883 2945 legum
1913 2855 2153 2926 mutationem

127 2954 274 3025 tributo.
342 2953 539 3048 Cinglius³)
558 2967 673 3040 ¹vocat
701 2955 885 3046 vectigalia
919 2953 1114 3046 Harpyias;
1165 2948 1426 3042 prohibendam
1454 2976 1544 3036 esse,
1585 2956 1815 3046 quantumvis
1838 2952 1993 3026 habeant
2015 2958 2154 3029 incom-

128 3057 189 3126 alii
211 3054 418 3126 venationes
440 3056 639 3151 publieas⁴)
664 3055 918 3150 Anabaptistae
942 3058 1116 3126 damnant
1166 3053 1278 3137 modi,
1300 3054 1383 3147 qnia
1400 3078 1541 3147 semper
1556 3057 1708 3126 mutatio
1722 3058 1937 3150 reipublicae
1952 3062 2031 3152 plus
2049 3063 2155 3132 affert

128 3152 387 3253 iudiciaetc.*).
419 3158 467 3226 Hi
480 3184 619 3229 errores
632 3172 882 3253 praeterquam
900 3159 997 3254 quod
1013 3157 1115 3250 impii
1166 3155 1262 3226 mali.
1315 3156 1475 3226 Plurima
1492 3170 1612 3228 extant
1635 3159 1672 3227 in
1695 3155 1788 3229 hanc
1812 3164 2024 3233 sententiam
2049 3190 2154 3256 prae-

128 3274 230 3345 sunt,
258 3261 364 3330 etiam
381 3260 597 3331 labefaciunt
615 3262 908 3356 tranquillitatem
923 3262 1114 3355 publicam.
1166 3270 1266 3349 cepta
1278 3282 1499 3329 summorum
1515 3260 1689 3344 virorum,
1706 3288 1796 3357 quac
1813 3266 1899 3335 alias
1914 3266 2154 3342 recitabimus.

128 3365 249 3457 Quare
281 3364 427 3457 prodest
456 3366 623 3436 adversus
653 3361 745 3434 hanc
772 3366 993 3458 impietatem
1023 3365 1114 3432 bene
1165 3361 1268 3431 Nunc
1298 3362 1504 3432 testimonio
1534 3364 1633 3434 ducis
1659 3365 1835 3436 Saxoniae
1863 3367 2039 3439 Fridcrici
2069 3395 2153 3440 con-

127 3468 307 3536 munitum
325 3491 418 3550 esse,
445 3480 480 3536 et
499 3469 632 3567 reclei)
654 3481 773 3538 tenere
793 3468 983 3539 discrimen
996 3467 1115 3537 Evan-
1166 3463 1255 3532 tenti
1269 3464 1422 3549 erimus,
1449 3466 1530 3560 qui,
1557 3466 1587 3537 si
1603 3468 1806 3562 quisalius,
1832 3469 1888 3538 vir
1903 3471 2152 3565 loitreipubli-

128 3570 209 3661 gelii
234 3581 268 3637 et
291 3569 471 3659 politices,
514 3595 554 3640 ae
582 3572 671 3642 scire
694 3573 790 3666 quod
812 3571 1045 3663 Evangelium
1069 3571 1115 3638 ad
1167 3591 1227 3635 cae
1254 3565 1292 3634 in
1314 3579 1396 3659 toga
1420 3570 1595 3660 gerendae
1618 3569 1887 3658 scientissimus,
1920 3599 1986 3643 nec
2010 3589 2151 3648 tanturn

128 3672 245 3740 cordis
262 3670 432 3739 iustitiam
449 3674 643 3763 pertineat,
667 3699 743 3742 non
763 3673 942 3766 pertineat
963 3676 1008 3743 ad
1031 3673 1116 3742 civi·
1167 3669 1474 3740 administratione
1499 3672 1692 3743 domestica
1714 3689 1892 3760 versatus,
1919 3679 1980 3748 scd
2001 3677 2153 3754 iactatus

127 3774 197 3843 lem
216 3785 360 3845 statum.
410 3771 487 3843 lmo
503 3778 678 3867 approbet
692 3802 817 3847 omnes
830 3778 965 3846 formas
978 3801 1115 3848 rerum·
1166 3772 1204 3839 in
1219 3773 1383 3843 maximis
1396 3785 1431 3842 et
1452 3775 1758 3866 periculosissimis
1779 3779 1930 3869 negotiis
1951 3783 2061 3852 totius
2086 3787 2153 3853 im-

1052 3914 1056 3925 ·
1165 3874 1258 3965 perii
1289 3876 1505 3949 Germanici.
1581 3878 1696 3949 Huius
1728 3881 1921 3953 auctoritas
1952 3885 2151 3976 plurimum

164 3992 192 4060 ι)
212 3993 292 4046 corni.
308 4004 394 4057 supra
411 4007 438 4056 p.
455 3993 514 4045 aaa.
533 3994 601 4044 nota
613 3992 655 4046 tt.
1167 3979 1262 4068 apud
1286 4002 1353 4048 nos
1371 3979 1490 4049 valere
1512 3980 1634 4066 debet,
1665 3994 1742 4051 tum
1764 3997 1914 4076 propter
1933 3987 2152 4078 singularem

161 4079 191 4147 ²)
211 4081 401 4162 wolfgangus
418 4079 562 4162 sobrinus
578 4078 677 4162 ‚⁰²11st0
696 4078 822 4161 (proprie
839 4075 981 4144 sophin),
1006 4079 1115 4130 taenio·
1165 4079 1300 4170 ingenii
1313 4080 1556 4168 divinitatem,
1582 4109 1651 4178 qua
1668 4086 1850 4176 praeditus
1865 4088 1950 4172 luit,
1976 4101 2053 4159 tum
2068 4117 2154 4184 pro·

196 4161 273 4214 grae,
293 4160 427 4199 canonum
444 4150 472 4199 et
489 4149 638 4199 medicinae
651 4148 774 4209 Doctor,
792 4149 855 4197 mde
866 4150 900 4197 ab
913 4159 938 4197 a.
955 4147 1029 4198 152³.
1047 4161 1115 4198 con·
1939 4192 1947 4208 ,

193 4221 319 4270 ciouator
341 4218 605 4282 argentoratensis,
644 4217 722 4279 prius
749 4216 983 4280 Bruchsatiensis,
1020 4221 1116 4278 postea
1165 4196 1246 4274 Ple?
1260 4183 1407 4275 hugum
1423 4211 1528 4255 sssum
1542 4210 1674 4258 rerum·
1709 4185 1833 4282 Itaque
1848 4203 1985 4284 quoties
1998 4194 2043 4261 ad
2058 4190 2154 4266 hunc

194 4286 363 4338 basileensis
379 4291 408 4335 et
423 4287 630 4351 moguntiacus,
654 4286 820 4348 aliquamdiu
839 4286 920 4336 etiam
941 4285 1115 4336 cortsiiiarius
1165 4286 1389 4357 deserebatur
1422 4289 1620 4381 exemplum
1690 4293 1788 4385 quod
1817 4295 2054 4365 mutationem
2088 4299 2153 4367 ali·

194 4356 302 4404 Atherti
335 4356 531 4418 archiepiscopi
559 4357 682 4419 tingunt.
722 4355 879 4417 (capitonis
903 4354 1011 4404 nomine
1041 4355 1113 4404 atius
1520 4392 1528 4407 .
1631 4344 1641 4374 ’
1819 4395 1827 4411 ,
1900 4396 1909 4412 ,
1948 4397 1956 4414 ,

194 4425 277 4473 etiam
294 4423 409 4487 insignis
427 4426 574 4488 theologus
590 4425 721 4488 anglicus
737 4423 901 4489 insignitur,
932 4423 992 4472 scii.
1010 4424 1115 4473 nonert
1166 4414 1272 4483 quam
1289 4391 1479 4460 allaturum
1494 4391 2151 4488 v1deretur‘),pertmacrssrmeadver.

195 4492 364 4553 mustacea,
388 4493 452 4542 inde
468 4496 535 4574 aba
557 4493 633 4573 ¹²3⁵·
650 4493 796 4574 episcopus
810 4491 1011 4544 h¹n0⁰¹¹¹10¹¹⁸¹⁸
1029 4494 1115 4555 [11⁰⁸-
1164 4494 1321 4576 sabatur‚
1343 4492 1532 4565 subiiciens
1546 4495 1723 4564 rationem
1738 4491 1793 4567 his
1808 4501 1942 4569 verbis:
1967 4499 2016 4572 Es
2030 4501 2152 4575 macht

194 4565 308 4622 propter
324 4561 463 4612 itobertus
480 4562 680 4612 briacoimensis
699 4563 886 4625 cppeuaturJ,
903 4572 930 4612 a.
944 4561 1019 4612 1263.
1036 4574 1113 4612 mor-

194 4631 289 4687 tum,
1163 4595 1375 4687 bevvegung.
1440 4596 1516 4665 Hac
1546 4622 1633 4669 voce
1663 4598 1883 4691 significabat
1904 4627 2043 4673 summa
2066 4631 2151 4676 cura

159 4715 190 4777 3)
210 4715 227 4766 i.
245 4727 269 4766 e.
288 4713 436 4764 ilnidrious
454 4714 613 4778 micantius,
639 4715 814 4767 ecdesiastes
831 4716 995 4781 ligurinus,
1018 4709 1114 4765 reior-

194 4785 284 4833 mator
302 4782 348 4831 iiie
365 4783 578 4848 celeberrimus,
601 4783 647 4846 qul
666 4784 758 4836 Lien.
779 4787 856 4838 1481.
868 4783 1042 4865 Wlidirusiae
1060 4796 1113 4834 na·
1198 4795 1231 4858 a)
1253 4795 1752 4858 cumratlon01sieltdltt1tiat).et
1771 4799 1865 4866 ¹⁵³⁵·3
1893 4802 1966 4854 Edit.
1983 4803 2070 4858 ussit.
2088 4819 2151 4858 eun

192 4855 252 4911 tus,
279 4852 319 4900 11.
336 4851 397 4902 oct.
418 4852 492 4902 1631.
517 4852 544 4901 in
562 4853 669 4915 proelio
687 4854 723 4904 ad
741 4854 842 4918 cappei
859 4864 1006 4904 commisso
1023 4852 1114 4903 intar-
1232 4866 1293 4916 rur„
1312 4869 1437 4916 naturae,

193 4922 283 4971 Μ’
294 4920 355 5015 Ψ·
557 5003 563 5016 ,
1197 4949 1228 5017 ο)
1246 4949 1316 4998 erat.
1336 4948 1370 4997 aa
1387 4949 1490 5010 repunt.
1509 4949 1528 5000 ι.
1540 4950 1588 5000 rv.
1613 4950 1672 5016 (op.
1691 4951 1734 5000 ιο.
1753 4951 1787 5001 a.
1804 4953 1898 5015 stepa.
1918 4955 1947 5004 r.
1961 4955 1994 5007 u.
2011 4970 2038 5019 ιι.
2053 4957 2113 5010 ass.
2127 4974 2152 5012 ι.

158 5002 190 5070 4)
208 5008 368 5055 V⁶ss⁸l¹⁰¹¹0⁸
384 5001 522 5069 P¹¹¹³¹¹⁰⁸⁸J
539 5016 580 5054 ⁸¹⁰
597 5004 646 5057 M
662 5005 754 5071 Μή
784 5005 835 5057 Ed.
849 5005 926 5062 ¹5³⁰·
950 5005 1113 5056 V0¹¹⁸fl⁰¹¹⁶³
1232 5042 1268 5056 -
1290 5017 1333 5068 ed.
1351 5017 1458 5080 Bipont.
1484 5019 1546 5069 Vol.
1563 5019 1609 5069 vi.
1635 5017 1767 5084 ρ.311.);
1798 5017 1846 5070 sai
1862 5017 1917 5088 γάρ
1934 5037 1989 5073 πον
2005 5025 2060 5076 stol
2077 5026 2152 5077 πᾶν·

192 5073 341 5137 PUbllfflfli·
1230 5100 1287 5137 τιον
1307 5083 1484 5152 χαριέστατοι
1508 5087 1536 5136 ol
1558 5084 1691 5149 τοιοῦτοι,
1723 5090 1941 5154 νομοθετοῦντές
1964 5107 1994 5144 τε
2017 5085 2063 5144 οἷα
2087 5093 2154 5163 ἄρτι

157 5155 190 5218 ¹¹)
209 5156 285 5206 Sient
298 5155 390 5205 multis
400 5155 470 5206 iocis
483 5181 517 5193 -
536 5156 634 5208 indicia
647 5159 715 5219 eto]
728 5155 770 5208 sic
781 5156 868 5207 Edltt.
885 5156 958 5211 1660.
974 5157 1110 5221 11116864
1230 5149 1396 5221 διήλθομεν,
1419 5152 1467 5204 καὶ
1484 5152 1706 5223 ἐπανορθοῦντες
1723 5150 1782 5220 ἀεὶ,
1813 5153 1940 5226 οἰόμενοί
1953 5175 1982 5211 τε
1999 5161 2085 5228 πέρας
2103 5162 2152 5216 ecl.

189 5227 264 5277 suit.
282 5225 381 5276 ussit:
409 5228 484 5277 sicin
502 5228 702 5289 Arrabaptistae
723 5227 855 5276 damnent
878 5226 977 5276 iudicis
996 5229 1024 5276 et
1041 5239 1110 5289 poe·
1229 5221 1324 5342 piram
1340 5221 1405 5290 napi
1421 5220 1455 5273 ut
1473 5220 1505 5274 ἐν
1522 5225 1578 5282 τοῖς
1592 5223 1766 5289 {oppetatur
1778 5224 2009 5296 κακουργήματα,
2026 5229 2073 5282 καὶ
2085 5231 2151 5300 mpl

189 5294 383 5357 respublicas
403 5294 509 5358 tegibus
528 5297 709 5362 constitutos,
733 5295 905 5345 monetarius
930 5296 1042 5346 volebat
1064 5307 1112 5346 res
1243 5287 1249 5306 “
1267 5291 1320 5341 νῦν
1335 5290 1368 5356 δὴ
1386 5288 1441 5362 lyei
1459 5289 1568 5361 ἱιῑιγον·
1586 5290 1754 5360 ἀγνοοῦντες
1767 5289 1808 5345 ὅτι
1820 5295 1858 5365 τοὶ
1869 5295 1928 5349 ὄντι
1945 5295 2152 5370 ὥςπεοὟδραν

191 5364 307 5417 iudiosri
325 5377 360 5415 ex
379 5363 484 5429 iegibus
501 5365 631 5415 Mosaicis
650 5368 701 5414 etc.
1228 5359 1370 5428 τέμνουσι.

137 5447 175 5500 ιν
186 5451 292 5506 mee]
303 5450 349 5499 ,ιο
361 5451 450 5500 reret.
466 5450 543 5503 isso.
564 5451 593 5502 ιι
608 5448 710 5515 rum
734 5446 806 5501 ιιοιι.
823 5446 898 5500 ists
915 5451 1000 5504 reete
1193 5445 1226 5515 ι)
1243 5446 1636 5514 dammucensis,
1661 5448 1713 5502 ra
1729 5448 1805 5507 issa
1822 5449 1942 5508 ιιοιιιι.
