4544 5766
123 176 193 251 281

480 344 579 431 ,De'
597 360 736 421 textu.

227 483 372 553 Initium
401 481 586 553 duciture
620 485 909 556 communissima
938 485 1110 556 sententia

122 590 164 657 de
179 589 326 656 finibus.
375 584 483 678 Quod
498 600 538 655 ut
551 585 720 679 cuiusque
735 603 901 671 natiuae,
934 589 983 657 ita
996 585 1112 658 homi-

119 691 175 758 nis
191 691 240 759 sit
257 686 385 783 aliquis
400 688 490 757 finis.
543 688 620 756 Hoc
642 714 766 760 verum
792 692 935 761 initium
957 705 1009 762 est
1033 689 1111 783 phi-

187 887 276 950 longs
293 889 351 939 alia
368 892 521 953 profitetur.
566 890 628 940 Non
652 891 723 941 euim
745 891 822 942 venit
840 892 967 944 christus
984 894 1012 943 in
1030 906 1110 944 mun-

189 955 271 1015 durn,
302 961 332 1006 ut
354 964 501 1022 praecepta
527 959 561 1008 de
584 961 704 1011 moribus
728 961 854 1027 doceret,
886 975 956 1025 quae
973 964 1027 1012 iam
1046 969 1110 1012 ante

187 1030 275 1076 norat
294 1026 382 1092 ratio,
400 1029 449 1077 sed
468 1030 497 1076 ut
515 1028 668 1077 remitteret
688 1034 814 1094 peccata,
840 1033 870 1079 ut
888 1031 1062 1081 credentibus
1082 1033 1108 1079 in

186 1096 281 1157 ipsum
293 1096 410 1146 donaret
424 1097 554 1157 Spiritum
566 1101 697 1146 sanctum.
733 1100 768 1147 nt
786 1102 893 1163 tamen,
912 1105 942 1148 ut
959 1101 1108 1164 magistra·

187 1167 237 1213 tus
258 1169 410 1226 approbat,
439 1165 478 1213 ita
509 1165 616 1214 civilem
645 1167 868 1217 consuetudinem
893 1169 970 1218 vitae
999 1172 1107 1231 prohat,

186 1233 251 1282 vuit
269 1245 361 1282 mores
377 1247 439 1283 esse
458 1233 571 1292 civiles,
601 1237 630 1283 et
653 1236 800 1301 humanos,
830 1238 881 1287 hoc
898 1243 956 1301 est,
981 1250 1037 1287 non
1055 1251 1107 1299 pu·

186 1307 311 1368 girantes
328 1316 388 1352 cum
405 1303 513 1351 ratione
536 1303 671 1367 naturali,
701 1317 751 1354 seu
775 1319 835 1355 cum
858 1306 956 1355 iudicio
981 1307 1106 1357 rationis.

186 1372 229 1421 Ut
249 1371 321 1420 enim
337 1371 462 1420 iudicium
481 1371 595 1420 rationis
613 1371 640 1418 in
657 1373 720 1421 aliis
737 1375 925 1435 corporalibus
949 1377 1031 1425 rebus
1056 1387 1108 1423 va-

186 1441 245 1503 let,
270 1442 298 1490 in
316 1439 502 1504 aedificando,
526 1440 555 1488 iu
572 1441 758 1505 numerando,
782 1442 822 1492 ita
839 1445 915 1493 valet
932 1444 961 1493 in
978 1444 1107 1507 regendis

184 1510 309 1560 moribus
325 1509 459 1558 civilibus.

259 1580 417 1641 Quanquam
439 1577 511 1626 enim
535 1577 606 1627 ratio
630 1578 663 1627 de
688 1580 830 1630 voluntate
849 1581 901 1631 Dei
924 1581 1045 1633 iudicare
1072 1592 1104 1630 ac

188 1651 316 1697 statuere
333 1647 392 1695 sine
411 1648 495 1695 verbo
513 1647 579 1711 Dei,
598 1654 626 1695 et
643 1647 702 1696 sine
720 1648 773 1697 lide
791 1654 924 1716 nequeat,
951 1654 1042 1700 tamen
1064 1651 1106 1698 est

185 1719 261 1767 bona
273 1715 325 1765 Dei
343 1717 470 1765 creatura
487 1715 596 1763 condita
614 1716 649 1764 ad
667 1716 809 1767 iudicanda
827 1730 876 1779 ea,
894 1731 963 1781 quae
980 1719 1106 1768 sensibus

187 1788 311 1835 mbiecta
335 1788 415 1847 sunt,
445 1794 566 1845 quaeque
590 1784 625 1832 ad
648 1785 717 1833 harro
740 1788 914 1848 corporalem
932 1788 1017 1837 vitam
1038 1788 1105 1836 reti-

190 1856 307 1903 nendam
324 1865 357 1902 ac
375 1851 522 1914 regendam
541 1852 709 1903 conducunt:
741 1856 836 1917 quihus
861 1856 888 1904 in
907 1858 989 1906 rebus
1005 1857 1029 1904 si
1046 1857 1106 1918 quis

187 1936 225 1974 ea
240 1935 311 1986 quae
329 1921 400 1971 ratio
418 1923 494 1969 certa
511 1920 745 1973 demonstratione
758 1923 952 1988 deprehendit,
970 1937 1105 1987 asperna-

187 1995 253 2055 tur,
279 1993 303 2039 is
318 1991 482 2051 aspernatur
501 1988 551 2037 liei
569 2002 645 2050 opus.
680 1993 783 2041 Mansit
800 1993 871 2043 enim
889 1995 916 2042 in
936 1995 1043 2044 ratione
1062 1995 1105 2042 iu-

137 2058 145 2072 ‘
186 2060 287 2110 dicium
304 2073 353 2108 seu
372 2057 470 2106 notitia
488 2057 521 2106 de
538 2059 675 2122 moribus,
707 2073 858 2123 quanquam
876 2064 990 2112 affectus
1010 2075 1106 2112 omnes

184 2130 261 2193 sint,
279 2142 330 2178 nec
348 2129 375 2175 et
394 2126 507 2189 impuri,
526 2128 714 2188 obtemperent
732 2131 787 2188 [sic
802 2133 912 2195 tp'pogr.
928 2144 1024 2181 errore
1039 2145 1103 2193 pro:

186 2211 252 2261 ips,
274 2209 370 2246 ornnes
386 2195 442 2243 sint
459 2194 571 2260 impuri,
603 2209 654 2245 nec
680 2199 881 2260 obtemperent]
899 2200 997 2250 iudicio
1015 2201 1104 2249 ratio-

185 2267 249 2329 nis,
269 2269 410 2328 postquam
428 2267 525 2311 :latina
543 2263 723 2327 degeneravit
740 2271 869 2329 corrupta
887 2273 997 2330 peccato
1016 2269 1104 2332 origi-

183 2337 242 2385 nis.
278 2336 402 2384 Haerent
420 2333 447 2382 in
466 2334 582 2394 natura,
605 2346 682 2383 amor
699 2336 806 2400 nostri,
828 2349 906 2387 amor
923 2340 1103 2400 voluptatum,

186 2411 220 2455 et
235 2405 340 2452 similes
358 2402 421 2451 mali
439 2401 568 2462 allectus,
596 2415 664 2464 quos
681 2416 735 2453 rron
754 2405 877 2455 eximunt
894 2407 992 2455 animis
1009 2407 1102 2457 Philo-

186 2472 301 2536 sophia,
320 2474 367 2521 aut
385 2472 477 2533 leges,
496 2472 601 2518 tautum
618 2473 771 2532 reprimunt
787 2486 836 2522 seu
854 2477 1008 2525 cohercent.
1034 2477 1103 2525 Vult

185 2549 281 2593 autern
297 2543 373 2590 Deus
396 2540 488 2602 aliqua
512 2536 655 2600 disciplina
678 2542 817 2591 coherceri
840 2543 904 2592 illos
928 2545 1027 2608 etiam,
1058 2544 1102 2606 qui

184 2611 307 2661 nondum
327 2609 429 2670 Spiritu
446 2613 541 2656 sancto
559 2610 763 2674 gubernantur,
793 2611 863 2660 sicut
881 2612 972 2661 docuit
990 2613 1101 2677 Paulus,

189 2694 273 2744 quum
290 2680 344 2728 ait:
364 2679 422 2725 Lex
440 2678 482 2725 est
499 2677 607 2725 iniustis
625 2678 721 2737 posita.
758 2680 793 2728 Ut
808 2680 890 2742 igitur
902 2682 979 2744 leges
994 2694 1101 2731 rerum-

184 2749 355 2813 publicarum
374 2758 429 2793 non
447 2750 569 2808 puguant
585 2759 644 2794 curn
663 2747 781 2812 pietate,
808 2750 847 2798 ita
871 2763 958 2812 neque
980 2753 1102 2813 philoso-

185 2818 268 2881 phica
291 2817 446 2878 praecepta.
494 2817 561 2863 sum
585 2818 675 2864 autem
698 2820 780 2866 natae
806 2821 834 2866 et
859 2820 936 2882 leges
959 2820 1039 2883 iliae,
1075 2823 1101 2869 et

186 2884 364 2946 Philosophia
382 2883 441 2944 ipsa
458 2895 493 2930 ex
511 2884 666 2944 quibusdam
685 2886 846 2943 sententiis,
877 2900 946 2950 quae
970 2890 1102 2938 divinitus

185 2956 308 3016 scriptae
325 2957 389 3000 sunt
406 2951 433 2999 in
450 2951 549 3000 aniruis
567 2953 706 3015 hurnauis,
725 2967 794 3015 quae
811 2968 893 3018 saepe
912 2970 1041 3007 vocamus
1060 2959 1101 3006 le-

185 3039 240 3089 ges
256 3027 389 3085 naturae,
413 3022 442 3068 ut
459 3024 538 3083 surrt,
562 3033 729 3072 communem
745 3023 905 3074 societatem
923 3039 984 3076 esse
1002 3027 1101 3077 iuvan-

185 3097 266 3151 dam,
298 3090 432 3140 neminem
456 3102 517 3137 esse
541 3089 716 3154 laedendam,
747 3095 868 3143 sobolem
886 3107 948 3143 esse
964 3096 1100 3156 aieudmn,

184 3162 336 3228 parendum
360 3171 422 3207 esse
445 3158 666 3221 magistratibus,
695 3162 814 3225 gratiam
840 3176 903 3212 esse
925 3165 1101 3223 reddendam,

185 3236 269 3295 pacta
286 3241 348 3280 esse
364 3227 518 3290 servanda,
548 3227 603 3275 vim
626 3242 688 3277 csse
713 3231 922 3292 prohibendam,
954 3238 981 3282 et
997 3234 1102 3281 slmiles

187 3301 269 3351 aliae.
303 3299 360 3346 Nec
377 3294 452 3345 aliud
471 3298 513 3345 est
530 3295 718 3361 Philosophia,
740 3310 817 3361 quam
836 3301 930 3349 harum
947 3303 1100 3350 sententia·
1155 3296 1158 3301 '

184 3383 247 3419 rum
269 3365 401 3430 quaedam
421 3364 566 3427 explicatio
585 3368 612 3413 et
629 3367 778 3417 enarratio.
822 3369 961 3418 lirrarrant
979 3383 1042 3432 eas,
1074 3374 1101 3419 et

187 3440 247 3488 iura
265 3437 415 3485 civitatum.
455 3433 510 3482 sed
528 3431 683 3494 Philosophi
701 3435 859 3497 diligentius
875 3442 1055 3489 excusserunt
1074 3441 1101 3487 et

185 3506 361 3557 illustrarunt
378 3514 434 3552 eas.
469 3502 562 3563 itaque
577 3504 717 3563 aliquanto
731 3506 810 3564 plura
821 3507 1003 3571 praecipiunt,
1021 3519 1100 3570 quam

184 3578 278 3639 legum
303 3571 475 3633 emiditores,
510 3571 556 3631 qui
580 3583 613 3620 ea
636 3576 742 3621 tantum
759 3586 793 3621 ex
811 3579 926 3624 naturae
947 3577 1101 3638 praeceptis

187 3644 354 3705 excerpunt,
379 3651 447 3701 quae
470 3639 505 3687 ad
527 3639 627 3687 civium
650 3641 890 3706 tranquillitatem,
920 3648 947 3693 et
970 3645 1006 3693 ad
1030 3645 1100 3692 diri-

187 3713 301 3764 mendas
316 3708 539 3770 corrtroversias,
558 3711 716 3758 necessaria
730 3713 802 3761 sunt.
837 3712 991 3775 Philosophi
1009 3718 1099 3763 autem

186 3782 278 3832 omnia
296 3782 428 3837 honesta,
449 3776 537 3839 quoad
556 3778 626 3825 ratio
646 3779 801 3841 perspicere
819 3784 926 3842 potest,
955 3782 1098 3846 colligunt,

186 3851 268 3902 dmm
285 3850 310 3896 si
328 3846 458 3910 quaedam
477 3857 532 3893 nou
550 3847 659 3897 animno
678 3849 836 3897 necessaria
851 3849 907 3899 sirit
930 3849 967 3900 ad
989 3863 1098 3912 pacem:

185 3926 216 3970 nt
233 3920 275 3968 ius
292 3917 426 3980 publicum
444 3926 498 3963 rron
523 3915 597 3977 cogit
623 3916 688 3965 dare
713 3917 820 3981 egenti,
849 3919 892 3967 cui
918 3919 983 3969 nihii
1008 3920 1098 3969 debes.

184 3991 222 4039 At
239 3986 418 4047 Philosophus
441 3984 514 4032 iubet
538 3987 565 4031 te
588 3985 680 4033 colere
705 3986 918 4037 beneficentiam.
963 3989 1026 4037 lura
1044 4001 1098 4037 uon
1131 3992 1133 3997 ’

183 4059 281 4119 nbique
305 4055 430 4117 ingratos
453 4052 576 4113 puniunt.
629 4052 784 4116 Philosophi
808 4056 903 4118 ubique
928 4057 1098 4121 praecipiunt

184 4124 388 4190 gratitudinem
432 4122 475 4170 Es
494 4120 535 4167 his
553 4120 669 4184 intelligi
688 4126 794 4184 potest,
818 4136 873 4173 non
892 4139 1015 4188 pugnare
1032 4126 1098 4175 Phi-

184 4194 336 4255 lusopbiam
353 4204 414 4239 cum
431 4189 599 4253 Evangelio,
623 4191 675 4240 iuro
693 4195 722 4239 ut
741 4192 845 4251 iegibus
862 4195 974 4254 puhlicis
992 4197 1097 4244 obtem-

184 4274 282 4325 perare
300 4263 404 4310 rectum
422 4262 478 4322 est,
505 4257 544 4306 ita
570 4263 673 4308 rectum
699 4263 742 4309 est
760 4265 787 4309 et
805 4262 996 4323 philosophicis
1015 4276 1098 4325 prae·

183 4330 268 4394 ceptis
287 4340 400 4393 parere:
430 4332 457 4375 et
482 4329 631 4387 probantur
656 4334 802 4392 praecepta
827 4331 863 4380 ad
875 4332 991 4382 Roma.
1017 4335 1097 4382 vocat

184 4402 257 4450 emm
273 4399 376 4451 Paulus
394 4396 538 4446 veritatem
556 4396 615 4448 liei.

235 4501 428 4553 illiserunt
448 4497 680 4617 Christitantae
702 4503 736 4549 et
757 4500 1037 4564 Philosophiana

523 4581 576 4615 vir
601 4582 617 4617 u
642 4582 685 4620 es.

246 4656 386 4706 Hactenus
411 4654 444 4703 de
461 4653 603 4703 doctrinae
629 4667 679 4702 usu
703 4653 834 4713 diximus,
865 4657 936 4706 unde
954 4657 1045 4720 aliqua
1063 4672 1097 4708 ex

184 4728 260 4790 parte
283 4724 402 4787 intelligi
425 4726 532 4785 potest,
565 4721 628 4784 quid
653 4722 726 4771 inter
750 4725 868 4774 virtutes
885 4727 959 4789 ipsas
976 4726 1095 4777 intersit.

184 4793 389 4855 Philosophicae
406 4793 525 4840 virtutes
540 4793 619 4854 sunt,
638 4802 707 4852 qnae
725 4792 840 4843 honesta
858 4807 957 4860 opera,
983 4798 1010 4844 et
1028 4810 1095 4846 corr-

183 4866 313 4913 scntanea
333 4860 450 4925 rationi,
481 4873 529 4909 seu
548 4860 655 4921 legibus
672 4860 741 4908 loris
759 4858 928 4928 exprimunt,
961 4866 989 4912 et
1013 4866 1096 4914 eflicit

184 4934 247 4983 baec
265 4934 383 4980 humana
399 4931 529 4978 voltmtas
546 4929 603 4977 suis
621 4929 680 4989 ipsa
697 4928 810 4980 viribus.
848 4936 917 4981 sunt
935 4934 1025 4982 autem
1044 4936 1094 4983 hae

184 5002 210 5051 in
226 5006 305 5050 tanta
320 4998 507 5048 imbecillitate
530 5001 662 5055 naturae,
692 5001 720 5047 et
744 4997 772 5046 in
798 5000 839 5048 bis
863 5000 969 5051 insidiis
986 5001 1094 5052 Diaboli

184 5071 311 5129 exiguae:
341 5079 427 5129 quare
448 5064 621 5115 sentiendum
641 5068 684 5114 est
702 5068 739 5114 ita
758 5071 870 5117 nostras
889 5072 965 5120 vires
983 5070 1094 5120 eihcere

183 5152 260 5202 posse
276 5140 394 5187 bonesm
410 5146 509 5199 opera,
536 5138 566 5183 ut
583 5146 669 5197 aegra
686 5147 803 5198 corpora
820 5138 946 5189 hrcedere
963 5143 1092 5201 possunt:

184 5208 246 5258 baec
261 5208 334 5257 enim
352 5208 380 5254 et
398 5216 447 5266 per
466 5217 496 5252 se
514 5204 607 5252 statim
631 5202 819 5266 defatigantur
866 5211 894 5256 et
917 5207 1016 5256 ieviter
1040 5209 1092 5256 im·
1118 5244 1120 5255 .

184 5278 258 5338 pulsa
274 5276 384 5325 cadunt.
419 5276 460 5322 tta
478 5274 611 5320 humanae
636 5273 711 5321 vires
733 5284 815 5335 saepe
838 5275 981 5325 affectuum
1005 5277 1093 5325 vehe-

183 5346 281 5395 usta
302 5346 485 5405 superantur,
520 5353 602 5403 saepe
631 5352 649 5390 a
674 5340 787 5391 Diabolo
818 5344 1031 5406 praecipitantem
1061 5347 1092 5393 ut

180 5418 267 5467 rasat-
306 5412 366 5465 Nec
383 5411 557 5475 Philosophia
579 5410 717 5461 adversus
740 5411 806 5463 haec
829 5413 949 5464 ostendit
971 5413 1092 5465 alicacia

699 5546 710 5581 Ι

403 188 411 217 ¹
454 180 471 239 .·“
500 172 562 247 lli.
602 174 887 248 athanasio
918 172 1047 249 amal
1071 169 1419 257 la‘nfflcnlton
1450 170 1774 249 ARISTOTELIS.

2073 176 2195 253 Μ’

1166 342 1352 438 iusophia'e
1366 346 1537 418 moralis.
1569 348 1671 418 Nam
1677 345 1821 443 physica
1840 350 1980 445 ‹praerit
1995 361 2150 418 caeteras

1166 444 1464 532 cansashominis,
1475 444 1702 543 philosophia
1717 453 1864 523 moralis
1878 451 2019 547 quaerit
2029 453 2150 532 finem,

1166 563 1200 617 et
1215 550 1393 621 monstrat
1409 554 1475 622 iter
1491 552 1537 620 ad
1551 552 1652 623 illum
1666 557 1795 641 finem,
1831 556 2005 649 quatenus
2021 566 2056 623 et
2072 554 2149 644 ipsa

1164 655 1272 722 finem
1295 658 1452 744 agnovit.
1509 652 1560 724 Ita
1584 680 1625 724 ex
1647 653 1792 750 physica
1811 659 1977 728 oriuntur
1991 657 2149 748 disputa-

1164 755 1280 826 tiones
1292 753 1543 850 philosophiae
1555 760 1721 843 moralis,
1751 763 1939 832 observent
1953 759 2062 851 igitur
2076 772 2148 828 stu-

1163 857 1254 928 diosi
1280 861 1442 929 ordinem
1465 861 1766 953 propositionum.
1838 864 1976 932 Primm
2000 862 2051 930 ait
2074 886 2147 929 esse

1163 961 1318 1053 aliquem
1334 967 1455 1035 finem.
1487 963 1626 1032 Deinde
1642 965 1798 1055 applicat
1812 979 1978 1058 oportere
1993 989 2067 1034 esse
2083 962 2146 1031 ali-

1162 1088 1269 1155 quem
1288 1064 1455 1136 ultimum
1471 1069 1591 1150 finem,
1604 1067 1644 1134 in
1658 1062 1771 1160 quo*)
1790 1081 1918 1137 natura
1936 1068 2145 1161 acquiescat.
2234 1066 2237 1071 ’

1160 1165 1299 1235 Postea·
1320 1170 1424 1238 docet
1450 1164 1546 1238 hunc
1569 1171 1678 1238 finem
1699 1195 1773 1240 esse
1795 1170 1972 1239 actionem
1992 1169 2145 1238 virtutis.

1161 1267 1323 1338 Tandem
1341 1272 1465 1339 definit
1478 1271 1668 1355 virtutem,
1696 1286 1730 1341 et
1746 1287 1932 1341 enumerat
1954 1273 2085 1364 species
2112 1282 2145 1339 et

1161 1372 1292 1442 affinia.
1343 1373 1410 1442 Hic
1425 1374 1628 1444 dialecticus
1645 1378 1734 1444 ordo
1750 1375 1991 1446 observandus
2007 1386 2069 1445 est.

1562 1559 1701 1672 Caput
1717 1565 1749 1648 l.

1259 1718 1300 1788 In
1316 1722 1434 1815 primo
1449 1725 1563 1818 capite
1579 1726 1630 1796 ait
1645 1752 1718 1798 csse
1735 1727 1890 1821 aliquem
1905 1729 2025 1798 finem.
2072 1727 2144 1819 Qui

1156 1834 1239 1889 'cum
1256 1824 1302 1893 sit
1320 1826 1431 1910 actio,
1460 1829 1627 1898 discernit
1644 1831 1811 1901 actiones.
1857 1831 2043 1924 Quaedam
2061 1842 2145 1898 sunt

1157 1924 1377 2012 affectiones,
1417 1943 1500 2021 post
1530 1957 1617 2026 quas
1653 1933 1830 2026 reliquum
1853 1932 1912 2003 'est
1947 1958 2055 2024 opus,
2104 1943 2144 1999 ut

1157 2028 1374 2112 aedificatio,
1401 2058 1510 2125 quarn
1532 2035 1693 2129 sequitur
1714 2038 1852 2106 domus.
1903 2034 2003 2104 Aliae
2020 2033 2144 2103 dicun-

1157 2141 1215 2198 tur
1229 2128 1437 2227 proprie**)
1456 2138 1625 2220 actiones,
1640 2151 1721 2229 post
1735 2165 1823 2231 quas
1837 2164 1913 2208 non
1926 2150 2049 2207 manet
2061 2137 2142 2203 reli-

1156 2257 1225 2326 qua
1247 2239 1471 2322 marudacta,
1509 2253 1549 2310 ut
1573 2242 1622 2308 ita
1647 2240 1782 2325 (licam,
1817 2243 1947 2325 moles,
1980 2254 2021 2312 ut
2039 2238 2144 2321 heile,

1155 2336 1271 2405 sobrie
1279 2332 1375 2433 Ψ),
1404 2355 1495 2410 caste
1512 2343 1644 2414 vivere.
1684 2343 1808 2413 Tertio
1825 2345 1884 2412 alii
1899 2347 1985 2414 fines
2002 2355 2036 2413 et
2051 2342 2141 2411 aliae

1156 2472 1362 2489 -—-—-

1223 2539 1351 2590 remedia
1388 2539 1457 2589 Nam
1476 2540 1588 2590 allectus
1606 2541 1705 2590 eiicere
1724 2554 1758 2590 ex
1776 2543 1866 2592 animo
1884 2543 1956 2593 ratio
1969 2555 2023 2593 uon
2039 2548 2140 2607 potest,

1222 2612 1253 2655 ut
1270 2620 1390 2658 amorem
1409 2609 1515 2672 gloriae
1533 2612 1578 2658 aut
1597 2611 1784 2670 voluptatum,
1817 2613 1962 2661 cohercere
1979 2613 2137 2676 aliquantu·

1222 2675 1278 2724 lum
1297 2679 1402 2741 potest,
1435 2679 1463 2725 et
1484 2678 1589 2739 quidem
1606 2684 1720 2738 apparet
1737 2690 1820 2740 saepe
1838 2681 1932 2728 mirari
1949 2680 2138 2749 Philosophus,

1223 2745 1295 2794 uude
1313 2749 1390 2794 tanta
1407 2745 1443 2793 sit
1461 2746 1647 2811 imbecillitas,
1669 2748 1747 2795 tanta
1765 2749 1896 2796 malorum
1913 2748 2056 2799 affectuum
2074 2765 2139 2801 sae-

1222 2812 1290 2863 vitia
1309 2814 1465 2875 inanimis,
1485 2816 1553 2864 harro
1569 2816 1735 2864 christianae
1754 2817 1850 2865 literae
1870 2818 2013 2866 docenter
2027 2825 2139 2880 peccato

1223 2881 1340 2947 originis
1357 2883 1484 2934 existere.
1526 2885 1577 2933 list
1594 2884 1665 2932 enim
1682 2885 1872 2933 maledictione
1889 2886 1982 2935 divina
1999 2887 2140 2939 debilitata

1221 2955 1337 3016 natura,
1356 2956 1530 3014 posteaquam
1549 2953 1636 3001 Adam
1653 2953 1745 3014 lapsus
1762 2958 1821 3014 est,
1846 2957 1873 3002 et
1893 2956 1926 3003 de
1944 2957 2050 3005 ltiaholi
2067 2958 2139 3007 iusi-

1223 3021 1277 3068 diis
1300 3023 1377 3070 solae
1399 3021 1565 3070 christianae
1590 3021 1688 3069 literae
1714 3021 1820 3071 docent.
1866 3023 2022 3086 Philosophi
2049 3039 2137 3089 quan-

1223 3102 1303 3152 quam
1322 3090 1449 3139 viderent
1464 3091 1595 3152 quosdam
1617 3090 1763 3153 designare
1787 3092 1916 3141 immania
1939 3093 2078 3157 facinora,
2110 3102 2137 3145 et

1222 3170 1239 3207 a
1256 3160 1391 3208 communi
1408 3162 1508 3208 natura
1524 3160 1716 3223 abhorrentia,
1749 3163 1839 3208 tarrren
1863 3165 2001 3211 auctorem
2018 3166 2136 3227 flagitio-

1222 3239 1283 3276 rum
1301 3228 1395 3276 taiium
1413 3240 1468 3277 iton
1488 3227 1624 3278 viderunt.
1668 3228 1831 3277 aceneres
1849 3231 1908 3292 ipsa
1925 3232 2031 3294 coegit,
2056 3247 2136 3296 quum

1223 3296 1325 3347 unllam
1344 3298 1371 3343 in
1390 3300 1490 3347 natura
1507 3308 1615 3345 musam
1633 3300 1728 3345 tantae
1745 3297 1921 3348 immanitatis
1938 3301 2074 3367 riderent,
2093 3303 2136 3350 di-

1224 3377 1301 3425 cere,
1319 3366 1391 3414 taies
1408 3365 1509 3428 agitari
1528 3366 1622 3421 inrita,
1642 3368 1671 3413 ut
1690 3365 1717 3412 in
1730 3368 1880 3427 tragoediis
1892 3374 2014 3431 apparet.
2051 3373 2136 3420 liebet

1222 3434 1312 3494 itaque
1345 3435 1424 3484 nobis
1454 3435 1504 3481 hoc
1530 3444 1636 3495 quoque
1660 3435 1768 3481 rrorrrine
1793 3437 1901 3485 charior
1927 3450 1988 3486 esse
2012 3438 2137 3488 doctrina

1222 3503 1386 3557 christiana,
1408 3501 1478 3565 quod
1495 3505 1551 3551 tam
1568 3504 1644 3551 clarc
1662 3503 1782 3550 ostendit
1798 3505 1877 3553 nobis
1895 3505 2023 3555 vitiorum
2041 3509 2136 3558 hirma-

1223 3582 1319 3619 norum
1342 3582 1448 3620 causas.
1500 3571 1606 3619 ileinde
1630 3571 1700 3632 quod
1724 3571 1805 3620 etiam
1830 3573 1976 3622 remedium
1998 3575 2135 3625 adversus

1221 3639 1270 3687 iila
1288 3640 1410 3702 exhibet,
1430 3641 1564 3700 promittit
1581 3641 1651 3688 euim
1666 3639 1794 3700 Spiritum
1811 3646 1950 3706 sanctum,
1970 3643 2014 3706 qui
2033 3648 2135 3707 guber-

1220 3710 1268 3756 net
1287 3713 1314 3756 et
1331 3709 1467 3757 custodiat
1485 3721 1550 3770 eos,
1575 3709 1620 3769 qui
1638 3707 1776 3757 confidunt
1794 3711 1914 3761 Christo.

1286 3776 1459 3826 Christianae
1478 3778 1596 3827 virtutes
1613 3778 1741 3839 propriae
1758 3781 1837 3844 sum,
1869 3782 1949 3830 timor
1967 3782 2033 3849 Dei,
2064 3787 2135 3833 lidu-

1220 3843 1264 3894 cia
1281 3857 1348 3909 erga
1366 3847 1467 3909 verrin,
1486 3847 1602 3908 diligere
1620 3848 1787 3911 proximum,
1811 3849 1947 3911 deponere
1965 3853 2134 3915 voluptatum

1219 3912 1247 3962 et
1271 3915 1377 3978 gloriae
1399 3926 1537 3970 amorem.
1570 3916 1684 3964 castitas
1707 3919 1758 3966 etc.
1801 3920 1890 3981 Atque
1914 3920 1980 3970 haec
2006 3922 2089 3972 elficit
2106 3924 2133 3970 in

1219 3982 1272 4044 piis
1291 3982 1409 4045 spiritus
1426 3988 1545 4032 sanictos.

1285 4053 1455 4113 hugrrstinus
1473 4054 1559 4114 inquit
1585 4066 1615 4101 se
1638 4053 1781 4114 scripsisse
1807 4055 1903 4103 alicubi
1928 4056 2062 4107 bominem
2090 4059 2133 4107 iu-

1219 4121 1291 4185 stum
1316 4134 1393 4177 esse,
1422 4121 1446 4168 si
1472 4123 1547 4170 vivut
1572 4123 1719 4171 secundum
1744 4124 1869 4183 optimam
1893 4124 1935 4171 sui
1962 4127 2081 4186 quartem:
2107 4129 2134 4176 id

1220 4192 1346 4238 recantat
1363 4190 1460 4238 deinde
1478 4191 1587 4242 dicens.
1612 4191 1730 4239 rumdam
1747 4204 1807 4239 esse
1825 4193 1922 4239 iustum
1942 4193 2091 4259 horuincm,
2110 4199 2133 4244 si

1220 4262 1325 4307 tantum
1355 4259 1502 4307 secrrndum
1535 4260 1663 4320 optimam
1686 4272 1752 4307 suae
1776 4261 1891 4309 rratrrrae
1915 4265 2021 4321 partem
2044 4265 2132 4330 vivat,

1217 4326 1267 4375 sed
1284 4327 1308 4374 si
1325 4338 1342 4375 a
1360 4327 1462 4388 spiritu
1482 4332 1576 4377 sancto
1596 4332 1772 4384 eritrernetur.
1818 4328 1905 4377 Porro
1929 4334 2072 4383 externam
2090 4334 2133 4383 in-

1218 4396 1320 4445 stitiam
1340 4396 1457 4457 postulat
1476 4397 1549 4444 licus
1566 4397 1599 4444 ah
1619 4397 1758 4456 orrrnihus,
1789 4396 1910 4457 adeoque
1928 4401 1961 4447 ab
1981 4399 2021 4447 his
2040 4404 2131 4464 etiam,

1220 4464 1264 4527 qui
1281 4477 1336 4512 non
1354 4466 1417 4512 sunt
1436 4466 1524 4513 renati
1543 4479 1577 4513 ex
1594 4465 1660 4515 lieo.
1710 4464 1759 4513 Est
1784 4463 1867 4529 igitur
1891 4470 2075 4536 praestanda,
2103 4479 2132 4522 ut

1216 4544 1300 4595 saepe
1317 4532 1443 4583 diximus.

1286 4601 1427 4650 Postremo
1447 4614 1500 4648 uon
1519 4604 1667 4650 observent
1684 4602 1799 4651 studiosi
1811 4605 2010 4667 Philosophiam
2027 4608 2060 4656 de
2073 4623 2132 4659 mo-

1217 4671 1293 4719 rihus
1310 4670 1433 4718 externis
1452 4671 1622 4733 praecipere,
1641 4671 1774 4720 Platonici
1793 4673 1944 4724 imitatione
1959 4676 2133 4728 Christianae

1217 4738 1359 4788 doctrinae
1376 4739 1514 4786 tirrxernut
1531 4736 1700 4803 κιιθαρτικάς
1711 4740 1845 4805 virtutes,
1864 4743 1958 4805 quibus
1970 4747 2051 4794 animi
2065 4761 2133 4809 pur-

1217 4812 1331 4866 gentur,
1358 4807 1487 4854 sedilias
1506 4819 1594 4869 irrigas
1612 4813 1779 4857 cournrentus
1797 4813 1840 4859 est
1859 4813 2006 4877 ltiaboius,
2033 4819 2062 4863 ut
2080 4819 2130 4864 ob-

1217 4878 1341 4925 scuraret
1360 4874 1510 4924 doctrinam
1525 4876 1722 4930 Christianam.
1742 4882 1769 4927 et
1788 4879 1942 4942 opinionem
1961 4884 2065 4933 laceret
2081 4886 2131 4934 im-

1215 4945 1312 5008 peritis
1329 4943 1481 4992 doctrinam
1499 4944 1682 4995 christianam
1700 4946 1767 4995 nihil
1786 4949 1897 4999 differre
1914 4961 1931 4998 a
1947 4950 2131 5016 Philosophia,

1215 5017 1244 5063 et
1261 5010 1377 5062 rationis
1394 5013 1470 5060 vires
1487 5013 1523 5061 ad
1540 5018 1616 5065 recte
1633 5016 1781 5067 vivendum
1805 5021 1833 5067 et
1854 5019 1890 5066 ad
1907 5031 2002 5070 omnes
2021 5025 2131 5076 morbos

1215 5081 1354 5131 mnarrdos
1372 5080 1441 5130 satis
1458 5094 1528 5132 esse.

1154 5214 1157 5219 .
1178 5164 1217 5233 *)’
1232 5170 1300 5237 qno]
1319 5168 1359 5217 sic
1378 5170 1452 5217 recte
1469 5168 1519 5217 lid.
1542 5169 1632 5235 latim
1656 5170 1706 5221 lid.
1723 5171 1797 5222 iaso.
1817 5184 1878 5233 qua.

1178 5254 1232 5315 *η
1250 5254 1377 5316 proprie]
1397 5253 1438 5303 sic
1454 5254 1504 5303 lid.
1523 5256 1616 5319 latim
1644 5257 1694 5305 ltd.
1715 5257 1789 5306 ibib.
1809 5259 1944 5319 propriae.

1177 5337 1249 5405 wi)
1268 5342 1298 5389 ut
1315 5341 1353 5389 ita
1372 5341 1475 5403 dicam,
1494 5342 1596 5404 moles,
1615 5345 1646 5390 ut
1665 5343 1750 5405 belle,
1769 5343 1888 5401 sobria]
1907 5343 1948 5393 sic
1966 5343 2017 5395 lid.
2036 5345 2128 5408 idida

1211 5410 1261 5460 Ed.
1281 5410 1355 5459 ibid.
1375 5416 1404 5458 ut
1421 5410 1508 5459 dicam
1526 5412 1631 5475 moles,
1652 5414 1681 5459 ut
1698 5411 1771 5460 velle
1789 5412 1892 5475 sobrie,
