4544 5766
101 153 210 233 1189
433 145 511 225 XV.
559 136 843 220 ENARRATIO
872 132 1134 213 one‘rtotus
1166 133 1417 215 dceuouts
1448 137 1793 214 enocerotas
2027 140 2126 215 1:190

100 331 201 403 unde
224 322 405 399 deiecisset
418 317 591 393 Aebutius
607 314 816 399 Caecinam,
839 312 964 385 eodem
986 307 1088 382 resti-
1137 333 1221 381 nem
1246 311 1363 384 aditus
1386 313 1426 382 fit
1447 326 1570 405 arguta
1591 313 1782 386 collatione
1805 313 1959 386 duorum
1987 313 2122 386 vicino·

100 443 234 505 tueret.
298 426 471 499 Aebutius
493 421 598 494 elusit
621 418 868 501 interdictum,
905 439 948 486 ac
973 411 1088 484 videri
1136 436 1219 484 rum
1242 414 1432 499 vitiorum,
1454 415 1643 487 violentiae
1667 432 1703 488 et
1722 417 1974 510 impudentiae.
2035 416 2122 489 Vio-

100 533 241 616 votuit,
264 527 356 602 nihil
369 541 493 600 contra
509 521 809 596 edictumfecisse.
858 516 943 590 Ideo
956 541 1015 589 res
1029 540 1088 585 ve·
1136 515 1246 587 lentia
1259 543 1343 590 usus
1362 529 1415 589 est
1426 516 1598 590 Aebutius
1610 534 1706 591 extra
1721 496 1917 593 iudicium‚'
1954 521 2058 593 Nunc
2080 520 2120 591 in

100 637 159 710 nit
173 637 213 707 in
228 633 419 716 iudicium,
430 631 559 722 forma
572 624 794 720 sponsionis,
816 617 886 692 hoc
902 631 967 705 est,
991 629 1086 689 certa
1137 617 1269 690 iudicio
1287 620 1386 691 addit
1401 619 1657 715 impudentiam
1674 623 1902 695 confessionis
1919 637 1954 695 et
1975 622 2119 694 cavilla·

100 763 224 835 poena
238 735 427 808 constituta
443 731 549 802 victo.
578 728 644 801 Est
657 727 766 820 igitur
778 724 969 819 praecipua
982 744 1089 816 quae·
1137 720 1276 793 tionum
1284 720 1330 820 ⁹).
1380 723 1541 797 Secunda
1564 748 1648 818 pars
1674 740 1726 798 est
1748 725 1903 798 iudicum
1928 721 2123 818 repreben-

100 843 174 916 stio
191 838 333 924 iudicii,
359 861 407 908 an
419 831 592 906 Aebutius
606 842 769 901 tencatur
783 827 971 898 interdicto
983 823 1088 895 Unde
1138 821 1212 910 sio,
1238 825 1301 920 qui
1314 821 1483 899 hactenus
1497 828 1731 921 pronuntiare
1748 829 2011 923 noluerant¹⁰),
2037 853 2119 901 cum

101 945 155 1020 vi.
206 943 323 1034 Negat
336 936 521 1011 Aebutius.
569 933 647 1006 Etsi
663 932 758 1003 enirn
769 932 901 1002 fatetur
915 928 1087 1020 impetum
1138 927 1317 999 incidisset
1330 928 1540 1022 disputatio:
1567 930 1697 1003 Utrum
1713 930 1869 1023 potuerit
1882 932 1940 1024 agi
1953 957 1996 1002 ex
2010 930 2121 1002 inter·

101 1050 145 1119 in
163 1044 501 1130 Caecinamfactum
522 1061 615 1122 esse,
647 1047 767 1106 tamen
786 1046 894 1126 negat
914 1055 951 1104 se
975 1028 1089 1100 teneri
1139 1030 1233 1101 dicto
1256 1030 1361 1103 Unde
1384 1033 1440 1117 vi,
1473 1059 1520 1103 an
1545 1058 1631 1104 vero
1653 1036 1823 1105 utendum
1851 1035 1958 1104 fuerit
1980 1034 2119 1105 actione

101 1149 297 1222 interdicto
313 1146 419 1216 Unde
432 1142 487 1225 vi,
508 1140 603 1235 .quia
621 1162 696 1208 non
721 1161 763 1206 ex
783 1138 896 1207 fundo
916 1131 1091 1225 expulerit
1138 1133 1364 1208 iniuriarum.
1413 1136 1464 1206 Ut
1479 1149 1596 1208 autem
1613 1136 1729 1228 aptius
1746 1149 1916 1206 attexeret
1929 1133 2121 1230 reprehen.

102 1252 320 1334 Caecinam,
343 1248 382 1317 iu
398 1269 505 1341 quem
520 1243 605 1314 velit
626 1239 783 1322 restitui,
815 1240 875 1311 sed
897 1249 1088 1329 antequam
1139 1235 1277 1308 sionem
1305 1235 1483 1324 indicum,
1521 1239 1698 1331 superiori
1719 1239 1813 1332 parti
1836 1236 1980 1309 adhibet
2003 1264 2120 1309 com.

102 1383 149 1428 eo
168 1352 390 1449 perveniret,
415 1347 531 1419 rixam
549 1359 666 1417 ortam
683 1368 769 1415 esse.
1140 1338 1310 1408 ctionem:
1335 1339 1413 1411 Etsi
1427 1366 1555 1433 magna
1577 1354 1628 1413 est
1652 1340 1871 1433 impudentia
1891 1341 2120 1412 consessionis

210 1455 346 1529 ludices
359 1452 414 1523 bis
427 1450 548 1523 audita
570 1470 674 1518 causa
697 1441 929 1537 pronuntiare
952 1438 1090 1509 dubita·
1139 1442 1303 1528 Aebutii,
1335 1457 1455 1513 tamen
1477 1457 1589 1515 astute
1609 1443 1716 1528 vidit,
1746 1443 1777 1516 si
1805 1442 1880 1514 sine
1908 1444 2120 1513 infitiatione

103 1574 206 1633 runi·
257 1555 499 1649 Disputabant
517 1551 612 1621 essim
635 1546 764 1641 aliqui,
797 1544 1008 1615 iniuriarum
1033 1538 1090 1630 agl
1139 1545 1223 1615 facti
1244 1560 1430 1642 quaereret
1453 1548 1559 1616 aliam
1581 1547 1732 1629 rimam,
1774 1545 1905 1618 scilicet
1926 1547 2121 1616 cavillatio-

103 1663 287 1757 P⁰illl³802
318 1660 379 1731 Sed
401 1680 477 1725 110ss
499 1677 602 1748 [³⁰8⁵e
625 1651 684 1743 δεῖ
706 1648 893 1719 ῖΰῑθῐῶῑῑθ
916 1646 1020 1716 Unde
1042 1643 1090 1725 Vl,
1139 1671 1222 1717 nem
1238 1649 1407 1736 actionis,
1431 1651 1567 1721 facilius
1582 1645 1719 1721 extr'ahi
1734 1675 1830 1734 rem,
1855 1659 1919 1717 aut
1936 1672 2002 1719 nos
2025 1650 2122 1719 eludi

105 1768 195 1861 quia
213 1765 287 1834 15¹³
305 1770 508 1842 ⁰11³0⁸⁸²l2
534 1752 780 1849 allleqtlfflssiss
800 1750 950 1820 fundum
975 1745 1090 1816 venis·
1140 1776 1254 1843 posse.
1303 1750 1351 1823 Et
1365 1753 1522 1845 agnoscit
1531 1752 1674 1835 Cicero,
1700 1752 1932 1823 difficiliorem
1947 1750 2014 1821 sibi
2028 1746 2123 1819 hanc

105 1882 163 1940 set
177 1867 342 1938 Caecina.
393 1862 489 1931 Haec
504 1858 614 1930 elusio
628 1856 713 1928 satis
727 1865 865 1944 arguta,
890 1862 925 1920 et
939 1873 1015 1920 non
1030 1848 1090 1917 ab·
1141 1853 1417 1946 disputationem
1439 1881 1533 1940 esse,
1562 1855 1600 1924 in
1623 1879 1694 1951 qua
1716 1879 1791 1925 non
1814 1858 1857 1924 de
1876 1854 1990 1937 facto,
2022 1855 2120 1947 quod

105 1974 218 2044 surda
239 1968 318 2041 fuit.
377 1965 548 2054 Magnum
573 1973 692 2030 sutem
714 1955 903 2027 discrimen
924 1966 976 2024 est
998 1951 1091 2020 inter
1141 1956 1288 2029 testibus
1305 1957 1444 2029 ostendi
1460 1971 1618 2050 poterat,
1643 1961 1704 2031 sed
1720 1960 1763 2028 de
1779 1955 1866 2027 iuris
1882 1955 2071 2025 autoritate
2087 1969 2122 2024 et

104 2072 173 2146 has
196 2071 363 2142 actiones.
415 2066 536 2135 Victus
559 2064 696 2133 actione
717 2059 951 2138 iniuriarum,
978 2055 1090 2124 multo
1141 2060 1177 2127 vi
1199 2058 1378 2130 interdicti
1403 2061 1591 2130 dicendum
1619 2060 1675 2131 sit.
1738 2052 1981 2151 Repreheudit
2003 2072 2122 2128 autem

107 2178 230 2248 ininus
244 2171 352 2243 habet
369 2166 607 2250 incommodi,
633 2176 667 2246 et
682 2186 722 2231 ea
745 2159 917 2231 sententia
940 2181 1013 2226 aron
1037 2180 1090 2224 rc·
1142 2162 1294 2246 iudices,
1320 2167 1416 2257 quod
1432 2163 1629 2235 dubitarint
1642 2161 1895 2256 pronuntiare,
1920 2185 2001 2229 curn
2016 2161 2122 2231 cavil-

110 2281 275 2350 stitueret
294 2272 564 2367 possessionem.
615 2267 776 2336 Tandem
801 2274 878 2331 acta
901 2284 957 2331 res
980 2272 1032 2329 est
1055 2257 1091 2325 in
1141 2265 1228 2334 latio
1254 2264 1403 2338 3050„ss
1425 2267 1471 2336 ,32
1492 2266 1620 2337 imnis·
1683 2264 1794 2335 Addit
1813 2264 1920 2343 item,
1951 2262 2120 2333 miratum

110 2384 218 2452 tertio
234 2378 384 2459 iudicio,
411 2375 448 2441 in
463 2398 535 2466 quo
552 2367 638 2439 baec
654 2367 770 2437 oratio
793 2361 914 2434 habita
938 2374 1008 2445 cst,
1034 2385 1092 2429 cu-

110 2486 165 2553 ius
179 2496 290 2552 status
306 2477 510 2571 principalis
524 2486 574 2542 est
589 2470 807 2551 iuridicialis,
828 2480 866 2537 ut
882 2468 1092 2535 corrclemue-

111 2601 170 2657 tur
185 2585 357 2655 Aebutius
373 2605 414 2649 ex
431 2576 617 2647 interdicto
634 2574 736 2643 Unde
752 2571 799 2640 vi.
850 2568 919 2637 Sed
935 2567 1017 2660 quia
1032 2590 1093 2633 ne-

111 2693 240 2780 gabat,
264 2682 360 2756 hunc
381 2704 501 2751 casum
523 2675 700 2747 contineri
721 2671 908 2743 interdicto
924 2670 1028 2740 Unde
1045 2667 1093 2752 vi,

112 2818 203 2884 opus
218 2789 285 2860 fuit
299 2782 478 2855 interdicti
493 2780 717 2861 definitione,
742 2799 833 2870 quae
849 2772 944 2866 parit
962 2784 1092 2842 statum

112 2895 291 2965 finitivum
315 2888 389 2959 eius
412 2886 545 2978 partis,
571 2907 661 2977 quae
684 2881 721 2949 in
741 2875 808 2948 ha'c
831 2876 992 2946 oratione
1010 2898 1093 2966 pro-

111 2998 218 3068 lixior
244 3007 306 3063 est.
369 2988 504 3082 Estque
534 2983 591 3056 hic
620 2981 825 3077 principalis
854 2977 1092 3071 syllogismus:

113 3102 274 3171 Tenetur
294 3093 484 3164 interdicto
506 3088 608 3158 Unde
630 3086 685 3168 vi,
718 3108 792 3153 non
814 3083 927 3152 solum
952 3080 1000 3164 is,
1032 3078 1094 3172 qui

112 3222 352 3298 possessorem
368 3196 404 3263 vi
419 3191 579 3285 expellit,
604 3189 799 3280 ingressum
814 3185 853 3252 in
865 3186 1013 3252 domum
1033 3193 1095 3249 aut

112 3309 290 3384 tendum,
315 3298 496 3372 sedetiam
514 3293 576 3388 qui
592 3293 814 3361 accedentem
835 3299 950 3368 arcet,
980 3283 1094 3375 repel-

111 3411 154 3479 lit
172 3402 237 3477 aut
252 3426 396 3499 quoquo
418 3398 525 3467 modo
543 3395 576 3462 vi
591 3393 753 3464 excludit.
804 3388 975 3457 Aebutius
989 3387 1025 3454 vi
1040 3410 1094 3453 re-

111 3511 207 3607 pulit
225 3507 448 3576 accedentem
476 3498 681 3568 Caecinam:
715 3519 799 3583 ergo
819 3490 989 3561 Aebutius
1012 3512 1094 3557 con-

113 3612 337 3683 demnandus
350 3618 403 3675 est
417 3628 458 3672 ex
471 3599 541 3673 hoc
553 3599 753 3668 interdicto.
804 3594 923 3664 Maior
945 3603 996 3662 cst
1017 3615 1095 3681 κρι-

111 3713 287 3809 νόμενον.
338 3707 422 3777 ldcu
438 3708 482 3775 de
496 3701 562 3773 bac
578 3714 678 3794 parte
698 3697 869 3792 prolixius
884 3695 1095 3785 disputatur.

114 3820 237 3891 atinor
253 3826 305 3885 est
318 3824 404 3880 nota
420 3833 461 3877 ex
476 3804 695 3876 confessione
712 3797 917 3873 adversarii.
964 3795 1096 3867 Breves

109 3934 198 3995 sunt
220 3919 260 3987 in
282 3918 350 3985 fine
370 3915 463 3982 duae
485 3907 726 3978 refutationes.
784 3902 977 3974 Obiecerat
1001 3898 1094 3966 enim

111 4020 288 4097 Aebutius
308 4028 433 4097 antea,
466 4010 654 4081 Caecinam
679 4032 754 4077 non
772 4006 878 4077 fuisse
900 4003 938 4071 in
961 4023 1096 4093 posses-

114 4132 231 4203 sione.
281 4117 390 4202 ltem,
421 4114 610 4185 Caecinam
633 4134 707 4179 non
730 4108 886 4202 potuisse
905 4102 1096 4196 possidere,

112 4256 199 4303 cum
213 4248 289 4305 nou
303 4232 393 4292 esset
406 4217 511 4300 civis,
535 4215 621 4310 quia
639 4204 735 4305 Silla
750 4212 805 4281 ius
826 4207 977 4278 ciuitatis
990 4203 1097 4273 Vola·

110 4324 311 4419 terranis⁸)
327 4325 519 4393 ademerat.
592 4336 597 4345 ·

218 4425 368 4501 Exordii
380 4437 449 4493 tres
465 4433 585 4512 partes
599 4429 693 4489 sunt.
730 4413 892 4485 Primum
908 4404 1098 4501 reprehen-

111 4541 215 4611 ditur
233 4526 453 4623 impudentia
467 4521 630 4604 Aebutii,
655 4521 702 4589 ad
722 4540 831 4612 qnam
855 4509 1098 4605 reprehensio-

113 4671 324 4715 Ὗ·“““““““”““““

186 4750 363 4810 amemur,
379 4749 411 4799 nt
422 4746 457 4797 dc
467 4744 551 4795 nudo
563 4752 614 4793 ser
623 4740 658 4791 do
668 4734 804 4799 sodtteto,
820 4731 875 4785 vta.
887 4730 995 4796 bigast.
1003 4727 1099 4781 xnut

186 4824 233 4875 tlt.
247 4821 306 4883 ¹64
324 4818 391 4869 cod.
406 4814 478 4865 Vlll.
499 4813 541 4863 111.
557 4814 600 4875 t.;
618 4806 694 4859 Pautt
713 4802 911 4855 sententiarum
929 4803 1099 4861 receptorum

187 4890 259 4946 tv.
276 4889 320 4938 tit.
335 4887 362 4937 6.
378 4886 419 4935 De
435 4879 590 4934 interdictis
610 4878 636 4940 s.
648 4876 666 4927 11
678 4888 737 4938 sqq.
754 4874 782 4921 tn
800 4870 884 4921 ttbro:
907 4868 1100 4930 turtsprudso-

184 4961 228 5013 tte
238 4958 328 5009 Vates
338 4949 608 5006 Ante-tusttntenee
624 4958 659 4997 ex
673 4954 782 4995 recens.
800 4942 829 4990 et
844 4953 868 4990 o.
886 4941 942 4989 not
960 4936 1101 4989 secutan-

171 5028 237 5097 ¹gtt.
259 5024 311 5076 td.
327 5034 409 5074 nove.
427 5018 517 5082 (napi.
535 5014 611 5068 1⁷³⁷.
629 5016 669 5072 4.)
686 5026 712 5074 p.
724 5008 776 5060 416
786 5004 899 5071 “⁴⁸⁸4
929 5004 1099 5066 scuwoppez

169 5098 269 5151 'ltom
291 5091 487 5155 nectit-gescb.
510 5098 536 5136 n.
562 5079 772 5133 Rechtsnttertb.
802 5074 921 5128 11111111.
942 5084 1001 5124 oon
1018 5072 1050 5124 c.
1067 5073 1100 5121 A.

191 5165 349 5279 ὓτῇηᾱΙοῐθ,
376 5162 401 5220 s.
421 5158 480 5208 ³³².
505 5170 530 5217 p.
551 5154 603 5204 sto
621 5166 662 5214 sq.
688 5156 715 5200 et
739 5145 896 5197 ttrtssontus
919 5144 953 5194 ds
976 5140 1103 5192 incuntis

155 5236 258 5383 ”tote-
273 5236 327 5368 fif
339 5269 409 5366 cont.
435 5310 533 5365 oretttt
561 5312 589 5358 et
610 5303 715 5356 seusu
733 5301 874 5355 Omnsst.
891 5297 1010 5351 temon.
1025 5296 1055 5349 P.
1069 5293 1103 5351 ll.

190 5406 216 5453 p.
230 5388 291 5439 61111.

1143 2393 1199 2452 se,
1224 2392 1286 2438 cur
1303 2369 1437 2439 tardius
1453 2370 1669 2438 damnentur
1682 2368 1733 2437 rei
1752 2368 1788 2436 in
1805 2365 2040 2436 atrocioribus
2060 2368 2120 2433 de-

1143 2470 1254 2554 lictis,
1293 2496 1373 2541 cum
1400 2471 1501 2541 citius
1530 2467 1746 2541 cohercenda
1771 2467 1817 2538 sit
1837 2467 2018 2538 violentia.
2080 2465 2121 2535 ln

1144 2574 1245 2641 tertia
1263 2587 1364 2665 parte
1380 2573 1516 2643 exordii
1530 2575 1661 2643 refutat
1679 2571 1835 2640 breviter
1858 2593 1937 2653 eos,
1970 2568 2032 2661 qui
2053 2570 2122 2639 dis-

1143 2677 1318 2768 putabant
1334 2675 1405 2745 alia
1421 2676 1559 2747 actione
1577 2675 1748 2748 utendum
1763 2673 1880 2744 fuisse.

1473 2840 1790 2937 Paraphrasis.

1245 2999 1284 3068 Si
1318 3012 1455 3071 tantum
1493 2998 1531 3068 in
1561 2995 1691 3067 iudicio
1721 2992 1855 3062 valeret
1889 2990 2122 3083 impudentia,

1145 3115 1319 3197 quantum
1351 3103 1389 3170 in
1420 3101 1513 3192 agris
1547 3099 1695 3171 audacia
1717 3110 1756 3168 et
1778 3095 1831 3165 vis
1856 3094 1986 3179 valuit,
2026 3120 2121 3165 nunc

1146 3230 1289 3299 quoquc
1308 3207 1447 3275 cederet
1460 3203 1503 3275 A.
1519 3203 1682 3273 Caecina.
1738 3200 1809 3268 Sed
1830 3196 1931 3267 civile
1954 3210 2023 3278 est,
2046 3222 2122 3267 nou

1145 3309 1313 3376 dimicare
1329 3307 1437 3377 armis
1453 3309 1496 3375 de
1512 3331 1550 3375 ea
1566 3331 1626 3388 re,
1652 3327 1744 3398 quae
1760 3300 1914 3370 iudicum
1932 3300 2122 3369 autoritate

1146 3411 1328 3478 retinenda
1344 3423 1407 3479 est.
1456 3409 1503 3477 Et
1517 3409 1554 3474 in
1571 3407 1701 3477 iudicio
1726 3402 1890 3474 omnibus
1912 3402 2046 3491 ingenii
2070 3415 2122 3470 at·

1146 3538 1214 3606 que
1230 3512 1341 3580 :animi
1358 3510 1492 3581 viribus
1507 3509 1747 3579 adversarium
1767 3504 1939 3584 essartare,
1964 3515 2122 3593 retegere

1144 3616 1305 3699 fraudes,
1331 3615 1539 3683 convincere
1561 3611 1735 3683 malitiam
1758 3620 1794 3677 et
1811 3607 1966 3676 nocendi
1987 3605 2124 3697 cupidi-

1146 3730 1276 3802 tatem,
1323 3717 1474 3808 denique
1504 3715 1645 3786 fortiter
1668 3733 1896 3805 propugnare
1924 3709 2123 3793 veritatem,

1147 3821 1245 3904 iura,
1269 3821 1382 3911 leges,
1414 3843 1505 3912 quae
1526 3831 1610 3888 sunt
1630 3816 1822 3909 praecipua
1844 3810 2043 3883 communis
2067 3835 2124 3881 so-

1147 3924 1282 3993 cietatis
1308 3921 1497 4014 praesidia.
1560 3919 1735 3989 Fortassis
1763 3929 1881 3987 autem
1903 3913 2035 4006 ubique
2056 3913 2124 3982 sibi

1146 4025 1318 4096 Aebutius
1348 4028 1513 4116 prodesse
1534 4022 1766 4114 petulantiam
1788 4031 1823 4086 et
1842 4015 2027 4086 inusitatas
2046 4017 2123 4084 vias

1148 4129 1360 4210 arbitratur,
1386 4128 1471 4222 quia
1487 4124 1678 4195 contraius
1698 4142 1905 4212 moremque
1926 4141 2006 4185 cum
2028 4116 2124 4197 fecit,

1148 4232 1288 4301 ridetur
1308 4231 1463 4321 fugiente
1486 4227 1636 4297 caecina
1658 4224 1761 4296 fundi
1783 4219 2002 4314 possessione
2030 4218 2124 4309 poti-

1149 4348 1222 4405 tus:
1260 4336 1357 4427 quod
1377 4357 1453 4402 nou
1472 4330 1669 4410 accidisset,
1708 4327 1737 4398 si
1761 4325 1826 4394 rite
1849 4337 1884 4392 et
1909 4322 1997 4391 iuste
2019 4320 2124 4389 dimi-

1149 4439 1299 4508 candum
1314 4435 1445 4505 fuisset.
1495 4432 1599 4503 Nunc
1612 4432 1651 4499 in
1672 4428 1803 4500 iudicio
1824 4425 1985 4497 similiter
2006 4437 2125 4515 sperat

1145 4539 1243 4611 eludi
1267 4537 1404 4608 facilius
1424 4533 1686 4616 adversarium,
1723 4533 1773 4614 si,
1812 4529 1909 4622 quod
1929 4527 2124 4597 absurdum

1149 4655 1220 4725 est,
1241 4642 1450 4710 confiteatur
1464 4637 1650 4714 delictum:
1674 4638 1736 4706 sed
1759 4658 1801 4703 eo
1824 4634 2052 4710 confiteatur,
2085 4640 2126 4699 ut

1149 4745 1255 4815 saliam
1276 4742 1404 4811 rituam
1430 4752 1597 4834 quaerat,
1629 4738 1791 4808 videlicet
1812 4734 1849 4804 in
1872 4731 2049 4803 interdicti
2070 4753 2125 4798 ca·

1149 4846 1343 4916 villaticus

1149 5016 1353 5038 Μ

1185 5112 1452 5236 tt)ncavtttrttonnn]
1467 5109 1510 5162 stc
1527 5107 1610 5161 neat.
1629 5107 1721 5172 1111,
1739 5104 1830 5161 tm:
1852 5101 1901 5152 Ed.
1917 5098 1992 5147 tots.
2010 5094 2126 5146 cavttts·

1241 5197 1328 5236 onere

1188 5289 1235 5348 to)
1251 5286 1413 5406 nptuerant]
1438 5283 1479 5334 stc
1502 5282 1585 5335 urite.
1610 5280 1700 5335 1151..
1732 5277 1822 5336 twa,
1857 5272 1905 5323 Ea.
1933 5268 2005 5318 teos.
2031 5266 2128 5315 votae·

1223 5367 1294 5409 ren.
1356 5380 1390 5403 ·.
1667 5388 1670 5393 .

1431 5414 1519 5494 75*
