4544 5766
201 160 299 237 reas
394 254 399 261 ,
502 233 504 237 ,
558 186 563 190 -
768 153 1273 231 efln.s1EL.sc}t1PTA
1310 153 1644 232 ennoiomca
1779 237 1781 240 ,
2128 159 2221 237 1240

191 382 194 387 -
308 332 397 427 Cap.
411 331 502 407 XIV.
536 331 567 426 ᾖ.
583 333 646 404 38.
679 337 751 420 Quo
773 335 922 429 qudem]
950 329 1076 400 Cicero
1097 329 1192 420 cogit
1242 328 1332 422 petit
1347 328 1437 400 illud
1451 346 1719 422 argumentum,
1742 337 1839 429 quod
1855 347 1906 406 est
1919 334 2163 406 firmissimum
2183 336 2222 402 de

208 436 311 532 quasi
344 436 553 520 Caesarem,
605 459 649 504 ne
683 447 797 505 mutet
833 457 935 505 suam
968 432 1192 504 sententiam.
1244 432 1442 503 constantia
1467 434 1639 507 Caesaris.
1701 434 1786 510 Inde
1818 450 1989 530 apparet,
2025 461 2135 532 quam
2167 437 2224 506 bc-

211 544 422 627 Tarracone]
449 540 505 610 Ab
529 537 663 633 oppido
677 537 815 610 Galliae
838 535 1037 606 nominato.
1110 537 1192 607 Ble-
1243 535 1352 627 nigna
1373 535 1481 607 fucrit
1506 537 1667 610 Caesaris
1696 553 1836 610 natura.
1895 541 2002 631 Apud
2032 553 2223 632 tyrannum

208 647 332 738 samio]
356 642 489 713 scilicet
506 643 636 732 legato.
1245 638 1340 708 enim
1355 633 1443 709 haec
1456 664 1531 710 non
1545 640 1701 713 licuisset
1714 644 1842 714 dicere.

312 743 420 837 559.
452 748 586 816 Laboro
604 746 770 840 equidem]
803 737 1008 810 Translatio
1031 738 1191 832 privatae
1347 736 1378 832 §.
1395 739 1456 812 40.
1472 749 1561 825 ‘Non
1584 746 1698 833 debeo]
1725 745 1849 815 Movet
1869 747 2044 826 adfectus,
2077 756 2112 811 et
2136 743 2224 812 redit

211 871 337 919 causae
353 847 594 940 inpublicam.
636 843 775 937 ἄλλως.
825 841 1019 913 Transitio.
1070 842 1193 935 Oppo·
1245 845 1289 912 ad
1303 867 1457 916 cansam.
1533 852 1612 918 Non
1633 851 1748 934 debeo]
1782 847 1990 931 Conclusio,
2026 859 2060 915 et
2079 848 2224 937 figurata

210 949 266 1020 nit
285 951 453 1022 adversus
474 950 552 1020 illas
576 971 698 1019 omnes
710 945 927 1039 suspiciones
944 959 1193 1036 argumentum
1245 946 1448 1037 occupatio:
1476 944 1574 1020 Nihil
1591 974 1681 1042 opus
1700 965 1753 1023 est
1769 950 1955 1021 ambitiose
1973 963 2007 1018 te
2023 949 2166 1018 flectere
2182 951 2223 1016 ad
2262 955 2264 995 ³

213 1054 447 1125 aconstantia
465 1052 643 1137 Caesaris,
670 1049 773 1144 quasi
788 1049 899 1119 dicat:
925 1046 1028 1133 Vide,
1051 1049 1090 1120 C.
1106 1048 1193 1117 Cae·
1244 1048 1544 1137 misericordiam,
1579 1052 1663 1146 quia
1680 1055 1845 1125 omnibus
1865 1054 1961 1123 ultro
1983 1052 2143 1143 exposita
2167 1065 2224 1132 est,

212 1179 295 1241 sar,
344 1170 385 1226 ut
416 1154 626 1227 beneficium
659 1151 760 1224 tuum
794 1153 838 1223 sit
872 1163 1000 1221 ratum.
1064 1151 1192 1232 ἄλλως.
1244 1164 1284 1222 ut
1310 1151 1470 1223 omnium
1492 1154 1671 1226 orationes
1693 1170 1906 1227 antevortat.
1980 1158 2105 1246 Reges]
2138 1153 2223 1223 seili-

214 1259 435 1329 Translatio:
462 1257 500 1328 Si
520 1257 667 1356 istinon
683 1255 861 1346 ignosces,
887 1279 1011 1324 omnes
1025 1255 1145 1324 dicent
1160 1266 1193 1321 te
1246 1268 1300 1324 cet
1317 1269 1457 1346 patrem
1479 1270 1514 1326 et
1538 1258 1662 1330 filium.
1736 1253 1994 1354 Neyooiati⁵¹)]
2020 1256 2147 1326 Movet
2163 1256 2223 1325 mi·

213 1386 280 1454 per
300 1361 564 1432 simulationem
586 1385 654 1431 nos
677 1358 716 1427 in
737 1359 890 1449 gratiam
921 1358 1113 1448 recepisse,
1154 1369 1195 1426 ut
1244 1357 1473 1428 sericordiam
1497 1382 1518 1428 a
1539 1360 1710 1452 dignitate
1731 1363 1842 1453 regis;
1884 1373 2062 1452 prostrata
2084 1362 2223 1428 fortuna

201 1539 204 1543 ,
212 1478 337 1556 postea
354 1488 421 1534 nos
435 1464 625 1554 iugulatos.
674 1457 820 1544 Ab,hoc
843 1475 1053 1551 argumento
1075 1461 1194 1529 incoe·
1244 1461 1283 1531 in
1297 1460 1445 1533 summis
1459 1460 1545 1535 viris
1559 1477 1680 1534 movet
1696 1465 1849 1535 maxime
1863 1462 2158 1535 misericordiam.

213 1566 269 1659 pit
284 1567 407 1636 Cicero
422 1567 643 1649 orationem,
667 1577 703 1635 et
721 1564 759 1632 in
782 1560 851 1634 hoc
873 1563 1013 1635 desinit.
1088 1566 1195 1634 Deio-
1348 1564 1436 1656 Cap.
1450 1564 1526 1637 XV.
1554 1563 1585 1657 §.
1602 1564 1662 1638 41.
1689 1571 1856 1656 Corpora]
1880 1565 2017 1659 ἄτεχνα
2035 1589 2054 1632 a
2070 1564 2221 1644 testibus,

213 1665 391 1768 aarum]
416 1668 480 1761 Est
493 1692 627 1739 nomen
644 1666 918 1749 Germanicum,
943 1666 1057 1737 Diter.
1127 1667 1197 1737 sea
1247 1666 1334 1761 quid
1348 1666 1455 1758 legati
1474 1669 1720 1759 polliceantur.

215 1775 456 1867 quumdcillo]
483 1770 687 1843 Translatio
709 1772 753 1840 de
777 1771 959 1862 exemplo,
987 1769 1026 1838 in
1047 1792 1118 1863 qna
1142 1791 1197 1837 re·
1247 1869 1316 1941 l‘be
1350 1765 1459 1939 §.d43
1486 1767 1669 1868 Quocirca]
1697 1771 1873 1843 Clausula.
1958 1764 2110 1865 Partem]
2137 1768 2222 1838 satis

1261 1896 1272 1937 1
1318 1894 1357 1940 re
1401 1885 1473 1941 rctt.

1250 2027 1454 2046 μ*

251 2043 301 2103 w)
318 2042 491 2107 Deiotarus]
509 2042 719 2110 ricEt.1l68.;
743 2043 816 2110 opud
827 2041 986 2097 ciceronem
1003 2043 1029 2094 h.
1042 2043 1062 2094 1.
1079 2040 1197 2107 legitur:
1262 2069 1264 2072 -

286 2113 433 2168 Deletart.
1281 2106 1331 2168 5¹)
1347 2104 1517 2176 Negaotrtt]
1535 2107 1576 2160 ric
1592 2107 1643 2161 Ed.
1657 2105 1734 2160 ¹568.
1752 2108 1780 2158 et
1797 2107 1851 2169 ιω
1873 2107 1923 2163 lto.
1943 2105 2030 2159 orell.
2047 2105 2204 2172 morti.
