4544 5766
124 152 232 225 seso
323 156 336 201 r
550 200 553 205 ,
690 137 962 213 romunt.
993 133 1198 211 seluern
1215 135 1564 213 znffloosooros.
1757 166 1762 185 ι
1839 221 1840 224 ¹
2050 142 2144 214 1200

224 311 417 409 CapLVl.
445 310 578 406 §.12st
605 314 701 407 Epit]
725 308 1033 385 scilicetRoscius.
1127 374 1130 379 .
1161 308 1231 383 boe
1261 325 1334 395 est,
1379 312 1444 409 qui
1471 314 1615 387 student
1642 312 1894 409 tranquillitati
1923 312 2170 405 reipublicae.¹

225 422 311 511 Cap.
326 416 448 488 LVlll.
486 415 517 508 ξ.
543 414 628 491 124.
659 421 703 487 In
722 418 810 488 horse
832 437 1026 486 eonsensum
1035 404 1108 508 89)]
1160 413 1235 485 lam
1260 415 1360 500 illos,
1405 417 1572 511 quisunt
1595 417 1751 488 seditiosi
1780 430 1816 487 et
1837 417 2051 510 populares,
2090 420 2145 486 de·

123 527 229 600 Nunc
242 523 329 593 dicit
343 524 386 593 de
403 544 576 592 consensu
591 517 734 611 populi,
766 516 868 611 quasi
888 515 1003 597 dieat,
1034 535 1109 582 non
1161 517 1294 589 scribit.

124 628 325 699 dissensisse
342 624 633 716 populumasuo
648 619 813 711 negotio,
846 620 944 712 quod
964 613 1111 707 gesserit
1263 621 1351 713 Cap.
1373 619 1512 694 LXVII.
1554 619 1585 713 §.
1614 621 1699 694 141.
1737 619 1985 717 Feoerout⁷⁰)]
2020 622 2057 689 id
2086 635 2142 704 est,

123 756 191 825 pro
207 728 454 820 optimatibus,
480 728 672 795 sedtotum
692 724 865 816 populum
889 743 1007 790 secum
1032 739 1110 789 sen·
1162 724 1224 818 qui
1249 725 1504 816 rempublicam
1531 725 1776 795 defenderant.
1878 727 1945 810 Qui
1977 730 2027 795 ito
2054 723 2143 813 fars·

123 835 218 906 sisse.
290 827 508 921 Applicatio:
556 826 689 899 Sestius
719 823 894 895 voluntati
924 818 1049 914 populi
1076 830 1112 888 et
1161 838 1239 898 reat
1254 826 1324 921 71)]
1364 827 1496 898 scilicet
1527 827 1589 922 qui
1618 829 1848 898 defenderent
1879 826 2143 919 rempublicam.

125 933 351 1028 optimatium
369 931 504 1022 pariter
518 929 696 1001 satisfecit.
745 926 850 998 Sestii
864 927 1021 997 actiones
1037 947 1110 993 sus-
1162 924 1361 1027 Calamitos]
1390 930 1482 1023 Quia
1509 932 1546 1000 in
1569 955 1707 1002 earcere
1730 942 1894 999 mortuus
1913 941 1976 999 est.
2028 927 2142 998 Nakle

124 1053 245 1128 ceptae
277 1047 359 1105 sunt
393 1058 458 1124 pro
482 1033 712 1126 optimatibus
734 1045 770 1101 et
790 1030 937 1123 populo.
999 1023 1111 1117 Igitur
1162 1031 1303 1122 elegans
1321 1023 1373 1103 est
1387 1030 1455 1103 boc
1472 1035 1671 1125 exemplum
1685 1035 1874 1103 Graecum.
1947 1031 2138 1122 Defenden-

123 1167 197 1210 non
212 1142 279 1211 fuit.
298 1136 495 1207 seditiosus.
572 1140 616 1206 lu
639 1136 727 1205 luae
750 1133 960 1222 eonsensum]
986 1127 1110 1220 Appli-
1159 1129 1242 1231 lem]
1269 1133 1400 1205 scilicet
1415 1150 1454 1205 ut
1469 1136 1618 1228 perinde
1632 1135 1698 1219 sit,
1728 1138 1761 1206 si
1779 1135 1858 1229 quis
1875 1136 2014 1203 occidat
2029 1136 2141 1205 defen·

124 1245 237 1312 catio:
264 1240 464 1331 Optimates
480 1248 515 1305 et
531 1235 700 1307 honestos
714 1236 875 1317 vocarit,
908 1233 1110 1326 quiveren-
1160 1260 1298 1316 sorem,
1333 1264 1374 1306 ac
1395 1239 1422 1308 si
1446 1239 1524 1331 quis
1546 1251 1729 1332 oppugnat
1749 1237 1915 1330 patriam.
1975 1237 2140 1328 Quaestio

123 1359 182 1414 tur
206 1347 322 1431 leges,·
359 1353 393 1409 et
416 1339 549 1431 pariter
571 1339 743 1409 obediunt
764 1339 918 1430 legibus,
957 1335 1048 1405 sicut
1076 1346 1110 1401 et
1160 1338 1227 1407 fuit
1256 1340 1337 1423 illa,
1377 1354 1495 1410 utrum
1518 1343 1650 1412 Sestius
1677 1342 1785 1411 fuerit
1813 1338 2021 1423 seditiosus,
2063 1339 2139 1432 quia

123 1448 209 1517 dicit
225 1446 349 1525 Plato,
374 1443 509 1512 nullum
533 1437 756 1533 triumphum
781 1442 819 1511 in
834 1433 1014 1531 Olynthiis
1036 1460 1109 1506 esse
1160 1435 1325 1512 habuerit
1340 1467 1451 1513 arura.
1503 1443 1709 1537 Respondet
1724 1444 1867 1522 Cicero,
1894 1445 1992 1534 quod
2014 1438 2139 1510 babue-

125 1549 331 1629 elariorom,
358 1569 464 1639 quam
481 1569 607 1641 parcre
625 1544 760 1634 legibus
776 1568 859 1615 suae
876 1540 1039 1610 civitatis.
1159 1543 1208 1611 rit
1219 1545 1394 1634 praesidia
1412 1548 1627 1619 defensionis
1643 1571 1759 1616 cama.
1809 1543 1873 1614 lllo
1889 1545 1967 1613 loco
1985 1544 2139 1614 absoluto

229 1649 315 1740 Cap.
331 1646 438 1716 LXV.
466 1642 496 1737 ξ.
517 1643 601 1717 136.
625 1647 818 1739 Strumam]
845 1646 880 1714 id
897 1654 967 1725 est,
995 1642 1109 1723 tuber,
1161 1646 1246 1715 dicit
1260 1648 1502 1718 de·voluntate
1520 1650 1655 1743 populi.
1688 1649 1802 1717 Vocat
1817 1646 2007 1739 optimates
2024 1670 2139 1715 omnes

125 1751 293 1848 quicquid
317 1749 497 1821 intumuit.
1160 1744 1328 1819 honestos
1345 1751 1382 1820 in
1399 1753 1547 1843 populo.

226 1850 257 1944 ξ.
275 1851 360 1924 186.
385 1854 472 1936 Sed,
498 1853 551 1944 ut]
577 1848 694 1921 Locus
714 1845 912 1919 communis
929 1839 1110 1914 etadhor·
1168 1876 1175 1889 ·
1263 1851 1350 1944 Cap.
1364 1851 1487 1924 LXIX.
1514 1852 1545 1943 ἓ.
1565 1853 1649 1927 144.
1683 1858 1752 1925 sat
1773 1878 1824 1923 me
1847 1851 1999 1942 repenle]
2025 1844 2136 1941 πάθη.

124 1957 212 2025 tatio
228 1957 273 2026 ad
291 1955 446 2026 studium
462 1952 677 2023 defensionis
699 1952 897 2032 bonorum,
924 1961 959 2016 et
981 1942 1109 2015 dehor·
1160 1953 1464 2029 Transfertinse,
1516 1957 1764 2047 Magisautem
1782 1954 1997 2045 ignoscitur,
2022 1953 2138 2044 siquis

124 2061 212 2127 tatio
228 2084 246 2126 a
264 2055 495 2149 popularibus
511 2054 677 2125 consiliis.
1093 2064 1097 2079 '
1158 2069 1307 2148 propter
1321 2058 1430 2129 alium
1446 2073 1595 2129 vocatur
1609 2062 1647 2127 in
1662 2059 1869 2149 periculum,
1897 2056 2049 2150 quamsi
2065 2078 2138 2145 pro-

229 2157 259 2248 5'.
277 2159 360 2228 137.
386 2161 557 2250 Laudari]
571 2157 701 2226 scilicet
713 2156 854 2247 placere
867 2151 982 2221 bonis.
1015 2149 1109 2220 Lau·
1159 2171 1239 2252 pter
1257 2161 1456 2251 proprium,

125 2263 203 2330 (lari
224 2286 241 2327 a
262 2260 429 2341 laudatis,
455 2260 579 2341 idest,
613 2260 751 2351 placere
769 2256 874 2324 bonis
889 2268 925 2323 et
939 2250 1109 2323 honestis.
1263 2259 1295 2352 ξ.
1312 2261 1396 2334 146.
1429 2270 1543 2358 Neque
1567 2266 1621 2333 lu'e
1638 2314 1646 2330 .
1664 2254 1787 2356 .puer]
1815 2259 1946 2330 scilicet
1969 2259 2062 2328 filius
2086 2260 2137 2326 se

228 2363 313 2454 Gap.
330 2360 451 2431 LXVI.
480 2359 511 2452 ἓ.
531 2363 614 2433 138.
638 2354 746 2455 Haec]
774 2354 972 2437 ἀντίθεσις.
1160 2363 1257 2434 stius.
1338 2367 1551 2457 Iupemiseet]
1579 2365 1689 2433 Valde
1705 2387 1810 2455 grave
1828 2356 1964 2441 πάθος.

227 2464 364 2554 §.132
405 2470 520 2560 Νεφιε
539 2489 594 2535 eos
617 2469 653 2533 iu
673 2463 788 2552 lotide]
820 2458 1014 2549 Descripsit
1036 2456 1109 2548 pri·
1163 2525 1369 2539 *-

124 2593 222 2636 mum
246 2568 345 2651 illos,
382 2567 444 2660 qui
470 2566 685 2659 reipublicae
717 2562 927 2654 dignitatem
955 2560 1109 2643 student,
1195 2620 1244 2681 ⁷⁰)
1262 2612 1753 2679 Fxmfflsfflnffletam
1779 2608 2094 2674 reordinarent.

548 2766 551 2770 Δ
748 2748 752 2755 ·
1193 2723 1242 2782 71)
1261 2723 1318 2786 Qut
1334 2724 1378 2774 tta
1396 2721 1544 2787 facerent]
1561 2718 1604 2769 sic
1621 2718 1671 2768 Ed.
1686 2717 1780 2779 ¹5⁶⁸&
1803 2715 1852 2764 Ed.
1866 2713 1952 2765 orell.
1970 2714 2021 2778 qut
2039 2714 2083 2764 ito
2098 2712 2139 2777 fe·

160 2807 209 2864 ⁶⁹)
226 2805 406 2866 eonsensum]
425 2803 466 2855 sle
482 2804 532 2854 Ed.
547 2802 638 2867 ¹568.;
663 2801 714 2854 Ed.
733 2799 819 2852 orell.
837 2808 1006 2850 comarum
1033 2820 1036 2825 ,
1171 2836 1175 2845 .
1226 2795 1338 2845 corant.
