<?xml version="1.0" encoding="UTF-8"?>
<!DOCTYPE html PUBLIC "-//W3C//DTD XHTML 1.0 Transitional//EN"
    "http://www.w3.org/TR/xhtml1/DTD/xhtml1-transitional.dtd">
<html xmlns="http://www.w3.org/1999/xhtml" xml:lang="en" lang="en">
 <head>
  <title>
</title>
<meta http-equiv="Content-Type" content="text/html;charset=utf-8" />
  <meta name='ocr-system' content='tesseract 3.04.00' />
  <meta name='ocr-capabilities' content='ocr_page ocr_carea ocr_par ocr_line ocrx_word'/>
</head>
<body>
  <div class='ocr_page' id='page_1' title='image "./corpusreformato12melagoog/corpusreformato12melagoog_0441.png"; bbox 0 0 4544 5766; ppageno 0'>
   <div class='ocr_carea' id='block_1_1' title="bbox 138 181 2144 285">
    <p class='ocr_par' dir='ltr' id='par_1_1' title="bbox 138 181 2144 285">
     <span class='ocr_line' id='line_1_1' title="bbox 138 181 2144 285; baseline 0 -2"><span class='ocrx_word' id='word_1_1' title='bbox 138 205 211 283; x_wconf 72' lang='lat'><strong>861</strong></span> <span class='ocrx_word' id='word_1_2' title='bbox 368 181 594 281; x_wconf 55' lang='lat' dir='ltr'><strong>,fil-&#39;‘s&#39;ff</strong></span> <span class='ocrx_word' id='word_1_3' title='bbox 687 192 1781 278; x_wconf 61' lang='lat' dir='ltr'><strong>-·titt11.·tm..&#39;·sctttt¹t&#39;a‘1&gt;t111.01.outcs&#39;·&#39;&#39;i&#39;·-··‘·</strong></span> <span class='ocrx_word' id='word_1_4' title='bbox 1846 198 1963 277; x_wconf 69' lang='lat' dir='ltr'><strong>it&#39;i&#39;,</strong></span> <span class='ocrx_word' id='word_1_5' title='bbox 2050 200 2144 285; x_wconf 68' lang='lat'><strong>‘862</strong></span> 
     </span>
    </p>
   </div>
   <div class='ocr_carea' id='block_1_2' title="bbox 41 366 2143 4474">
    <p class='ocr_par' dir='ltr' id='par_1_2' title="bbox 41 366 2143 2836">
     <span class='ocr_line' id='line_1_2' title="bbox 41 366 2143 472; baseline -0 -24"><span class='ocrx_word' id='word_1_6' title='bbox 41 377 45 385; x_wconf 82' lang='lat'>&#39;</span> <span class='ocrx_word' id='word_1_7' title='bbox 139 377 287 465; x_wconf 84' lang='lat' dir='ltr'><strong>iniuste,</strong></span> <span class='ocrx_word' id='word_1_8' title='bbox 304 382 426 452; x_wconf 50' lang='lat' dir='ltr'><strong>&gt;multo</strong></span> <span class='ocrx_word' id='word_1_9' title='bbox 442 377 645 451; x_wconf 87' lang='lat' dir='ltr'><strong>crudeliter:</strong></span> <span class='ocrx_word' id='word_1_10' title='bbox 677 400 762 469; x_wconf 80' lang='lat' dir='ltr'><strong>ergo</strong></span> <span class='ocrx_word' id='word_1_11' title='bbox 776 375 923 470; x_wconf 90' lang='lat' dir='ltr'><strong>politiae</strong></span> <span class='ocrx_word' id='word_1_12' title='bbox 937 400 1013 449; x_wconf 89' lang='lat' dir='ltr'><strong>non</strong></span> <span class='ocrx_word' id='word_1_13' title='bbox 1027 388 1141 449; x_wconf 85' lang='lat' dir='ltr'><strong>suut</strong></span> <span class='ocrx_word' id='word_1_14' title='bbox 1204 366 1207 375; x_wconf 49' lang='lat'><strong>¹</strong></span> <span class='ocrx_word' id='word_1_15' title='bbox 1260 376 1374 470; x_wconf 88' lang='lat' dir='ltr'><strong>Supra</strong></span> <span class='ocrx_word' id='word_1_16' title='bbox 1391 375 1523 448; x_wconf 88' lang='lat' dir='ltr'><strong>dictum</strong></span> <span class='ocrx_word' id='word_1_17' title='bbox 1538 388 1591 446; x_wconf 85' lang='lat' dir='ltr'><strong>est</strong></span> <span class='ocrx_word' id='word_1_18' title='bbox 1604 377 1648 446; x_wconf 94' lang='lat' dir='ltr'><strong>de</strong></span> <span class='ocrx_word' id='word_1_19' title='bbox 1661 374 1787 467; x_wconf 78' lang='lat' dir='ltr'><strong>signia,</strong></span> <span class='ocrx_word' id='word_1_20' title='bbox 1813 375 2050 472; x_wconf 76' lang='lat' dir='ltr'><strong>quorum&#39;alia</strong></span> <span class='ocrx_word' id='word_1_21' title='bbox 2065 375 2143 447; x_wconf 62' lang='lat' dir='ltr'><strong>rei·</strong></span> 
     </span>
     <span class='ocr_line' id='line_1_3' title="bbox 139 473 2139 555; baseline -0.001 -3"><span class='ocrx_word' id='word_1_22' title='bbox 139 485 230 555; x_wconf 88' lang='lat' dir='ltr'><strong>ordo</strong></span> <span class='ocrx_word' id='word_1_23' title='bbox 248 481 619 554; x_wconf 84' lang='lat' dir='ltr'><strong>divinitusinstitutus.</strong></span> <span class='ocrx_word' id='word_1_24' title='bbox 724 482 727 486; x_wconf 64' lang='grc'><strong><em>’</em></strong></span> <span class='ocrx_word' id='word_1_25' title='bbox 1160 478 1253 550; x_wconf 87' lang='lat' dir='ltr'><strong>tiora</strong></span> <span class='ocrx_word' id='word_1_26' title='bbox 1278 493 1313 549; x_wconf 93' lang='lat' dir='ltr'><strong>et</strong></span> <span class='ocrx_word' id='word_1_27' title='bbox 1333 473 1528 550; x_wconf 85' lang='lat' dir='ltr'><strong>illustriora</strong></span> <span class='ocrx_word' id='word_1_28' title='bbox 1548 490 1631 549; x_wconf 90' lang='lat' dir='ltr'><strong>sunt</strong></span> <span class='ocrx_word' id='word_1_29' title='bbox 1652 477 1742 549; x_wconf 88' lang='lat' dir='ltr'><strong>aliis.</strong></span> <span class='ocrx_word' id='word_1_30' title='bbox 1792 477 1840 548; x_wconf 74' lang='lat' dir='ltr'><strong>lit</strong></span> <span class='ocrx_word' id='word_1_31' title='bbox 1860 475 1917 549; x_wconf 88' lang='lat' dir='ltr'><strong>hic</strong></span> <span class='ocrx_word' id='word_1_32' title='bbox 1938 479 2139 550; x_wconf 78' lang='lat' dir='ltr'><strong>intimiora</strong></span> 
     </span>
     <span class='ocr_line' id='line_1_4' title="bbox 239 577 2139 690; baseline -0.001 -36"><span class='ocrx_word' id='word_1_33' title='bbox 239 584 325 671; x_wconf 83' lang='lat' dir='ltr'><strong>Nort-</strong></span> <span class='ocrx_word' id='word_1_34' title='bbox 336 585 430 654; x_wconf 88' lang='lat' dir='ltr'><strong>valet</strong></span> <span class='ocrx_word' id='word_1_35' title='bbox 446 581 706 677; x_wconf 67' lang='lat' dir='ltr'><strong>consequentia.</strong></span> <span class='ocrx_word' id='word_1_36' title='bbox 746 581 839 654; x_wconf 91' lang='lat' dir='ltr'><strong>Nam</strong></span> <span class='ocrx_word' id='word_1_37' title='bbox 853 579 919 654; x_wconf 87' lang='lat' dir='ltr'><strong>etsi</strong></span> <span class='ocrx_word' id='word_1_38' title='bbox 932 581 1021 652; x_wconf 90' lang='lat' dir='ltr'><strong>ordo</strong></span> <span class='ocrx_word' id='word_1_39' title='bbox 1035 579 1111 674; x_wconf 91' lang='lat' dir='ltr'><strong>ipse</strong></span> <span class='ocrx_word' id='word_1_40' title='bbox 1161 582 1259 676; x_wconf 81' lang='lat' dir='ltr'><strong>sigua</strong></span> <span class='ocrx_word' id='word_1_41' title='bbox 1275 595 1467 674; x_wconf 89' lang='lat' dir='ltr'><strong>ponantur.</strong></span> <span class='ocrx_word' id='word_1_42' title='bbox 1507 577 1618 650; x_wconf 89' lang='lat' dir='ltr'><strong>Indici</strong></span> <span class='ocrx_word' id='word_1_43' title='bbox 1631 604 1704 650; x_wconf 90' lang='lat' dir='ltr'><strong>non</strong></span> <span class='ocrx_word' id='word_1_44' title='bbox 1717 581 1798 651; x_wconf 88' lang='lat' dir='ltr'><strong>licet</strong></span> <span class='ocrx_word' id='word_1_45' title='bbox 1811 595 1934 690; x_wconf 65' lang='lat' dir='ltr'><strong>contra</strong></span> <span class='ocrx_word' id='word_1_46' title='bbox 1948 582 2045 674; x_wconf 74' lang='lat' dir='ltr'><strong>leges</strong></span> <span class='ocrx_word' id='word_1_47' title='bbox 2055 600 2139 675; x_wconf 85' lang='lat' dir='ltr'><strong>pro·</strong></span> 
     </span>
     <span class='ocr_line' id='line_1_5' title="bbox 139 678 2137 780; baseline 0.001 -25"><span class='ocrx_word' id='word_1_48' title='bbox 139 684 308 759; x_wconf 84' lang='lat' dir='ltr'><strong>divinitus</strong></span> <span class='ocrx_word' id='word_1_49' title='bbox 321 687 500 759; x_wconf 88' lang='lat' dir='ltr'><strong>institutus</strong></span> <span class='ocrx_word' id='word_1_50' title='bbox 515 698 586 768; x_wconf 89' lang='lat' dir='ltr'><strong>est,</strong></span> <span class='ocrx_word' id='word_1_51' title='bbox 620 698 655 754; x_wconf 93' lang='lat' dir='ltr'><strong>et</strong></span> <span class='ocrx_word' id='word_1_52' title='bbox 668 708 805 777; x_wconf 89' lang='lat' dir='ltr'><strong>semper</strong></span> <span class='ocrx_word' id='word_1_53' title='bbox 820 684 939 780; x_wconf 87' lang='lat' dir='ltr'><strong>aliqua</strong></span> <span class='ocrx_word' id='word_1_54' title='bbox 957 695 1111 777; x_wconf 81' lang='lat' dir='ltr'><strong>exparte</strong></span> <span class='ocrx_word' id='word_1_55' title='bbox 1161 684 1343 755; x_wconf 88' lang='lat' dir='ltr'><strong>nuntiare:</strong></span> <span class='ocrx_word' id='word_1_56' title='bbox 1373 678 1464 778; x_wconf 65' lang='lat' dir='ltr'><strong>&#39;ergo</strong></span> <span class='ocrx_word' id='word_1_57' title='bbox 1496 687 1562 752; x_wconf 85' lang='lat' dir='ltr'><strong>nec</strong></span> <span class='ocrx_word' id='word_1_58' title='bbox 1589 683 1736 754; x_wconf 91' lang='lat' dir='ltr'><strong>arbitro.</strong></span> <span class='ocrx_word' id='word_1_59' title='bbox 1802 683 1879 754; x_wconf 89' lang='lat' dir='ltr'><strong>Etsi</strong></span> <span class='ocrx_word' id='word_1_60' title='bbox 1905 685 2000 754; x_wconf 87' lang='lat' dir='ltr'><strong>enim</strong></span> <span class='ocrx_word' id='word_1_61' title='bbox 2032 685 2137 756; x_wconf 82' lang='lat' dir='ltr'><strong>iudex</strong></span> 
     </span>
     <span class='ocr_line' id='line_1_6' title="bbox 138 785 2135 885; baseline -0.001 -26"><span class='ocrx_word' id='word_1_62' title='bbox 138 787 252 859; x_wconf 88' lang='lat' dir='ltr'><strong>aDco</strong></span> <span class='ocrx_word' id='word_1_63' title='bbox 274 804 520 860; x_wconf 87' lang='lat' dir='ltr'><strong>conservatur:</strong></span> <span class='ocrx_word' id='word_1_64' title='bbox 546 801 669 858; x_wconf 91' lang='lat' dir='ltr'><strong>tamen</strong></span> <span class='ocrx_word' id='word_1_65' title='bbox 690 787 831 858; x_wconf 90' lang='lat' dir='ltr'><strong>interim</strong></span> <span class='ocrx_word' id='word_1_66' title='bbox 851 787 950 857; x_wconf 88' lang='lat' dir='ltr'><strong>varie</strong></span> <span class='ocrx_word' id='word_1_67' title='bbox 969 798 1112 857; x_wconf 88' lang='lat' dir='ltr'><strong>contur-</strong></span> <span class='ocrx_word' id='word_1_68' title='bbox 1163 787 1264 885; x_wconf 89' lang='lat' dir='ltr'><strong>qnasi</strong></span> <span class='ocrx_word' id='word_1_69' title='bbox 1278 786 1395 857; x_wconf 88' lang='lat' dir='ltr'><strong>maior</strong></span> <span class='ocrx_word' id='word_1_70' title='bbox 1411 799 1463 858; x_wconf 90' lang='lat' dir='ltr'><strong>est</strong></span> <span class='ocrx_word' id='word_1_71' title='bbox 1477 786 1630 868; x_wconf 87' lang='lat' dir='ltr'><strong>arbitro,</strong></span> <span class='ocrx_word' id='word_1_72' title='bbox 1656 797 1692 855; x_wconf 86' lang='lat' dir='ltr'><strong>et</strong></span> <span class='ocrx_word' id='word_1_73' title='bbox 1706 785 1846 880; x_wconf 79' lang='lat' dir='ltr'>aliquae</span> <span class='ocrx_word' id='word_1_74' title='bbox 1867 800 1951 857; x_wconf 91' lang='lat' dir='ltr'><strong>sunt</strong></span> <span class='ocrx_word' id='word_1_75' title='bbox 1970 788 2135 860; x_wconf 82' lang='lat' dir='ltr'><strong>differen-</strong></span> 
     </span>
     <span class='ocr_line' id='line_1_7' title="bbox 137 877 1977 984; baseline 0.002 -27"><span class='ocrx_word' id='word_1_76' title='bbox 137 889 242 961; x_wconf 87' lang='lat' dir='ltr'><strong>hatur</strong></span> <span class='ocrx_word' id='word_1_77' title='bbox 255 887 313 961; x_wconf 89' lang='lat' dir='ltr'><strong>hic</strong></span> <span class='ocrx_word' id='word_1_78' title='bbox 329 894 435 976; x_wconf 87' lang='lat' dir='ltr'><strong>ordo,</strong></span> <span class='ocrx_word' id='word_1_79' title='bbox 461 891 517 961; x_wconf 88' lang='lat' dir='ltr'><strong>vel</strong></span> <span class='ocrx_word' id='word_1_80' title='bbox 533 885 689 961; x_wconf 91' lang='lat' dir='ltr'><strong>humana</strong></span> <span class='ocrx_word' id='word_1_81' title='bbox 708 890 932 975; x_wconf 88' lang='lat' dir='ltr'><strong>infirmitate,</strong></span> <span class='ocrx_word' id='word_1_82' title='bbox 955 890 1012 960; x_wconf 79' lang='lat' dir='ltr'><strong>&#39;vel</strong></span> <span class='ocrx_word' id='word_1_83' title='bbox 1026 887 1112 958; x_wconf 91' lang='lat' dir='ltr'><strong>Dia·</strong></span> <span class='ocrx_word' id='word_1_84' title='bbox 1161 890 1249 975; x_wconf 89' lang='lat' dir='ltr'><strong>tiae,</strong></span> <span class='ocrx_word' id='word_1_85' title='bbox 1275 903 1393 959; x_wconf 90' lang='lat' dir='ltr'><strong>tamen</strong></span> <span class='ocrx_word' id='word_1_86' title='bbox 1407 903 1555 984; x_wconf 87' lang='lat' dir='ltr'><strong>uterque</strong></span> <span class='ocrx_word' id='word_1_87' title='bbox 1570 881 1743 959; x_wconf 86' lang='lat' dir='ltr'><strong>subie‘ctus</strong></span> <span class='ocrx_word' id='word_1_88' title='bbox 1757 902 1810 958; x_wconf 90' lang='lat' dir='ltr'><strong>est</strong></span> <span class='ocrx_word' id='word_1_89' title='bbox 1822 877 1977 979; x_wconf 80' lang='lat' dir='ltr'><strong>legibus.</strong></span> 
     </span>
     <span class='ocr_line' id='line_1_8' title="bbox 135 982 2134 1089; baseline 0 -28"><span class='ocrx_word' id='word_1_90' title='bbox 135 992 221 1062; x_wconf 86' lang='lat' dir='ltr'><strong>bo&#39;lo</strong></span> <span class='ocrx_word' id='word_1_91' title='bbox 235 993 611 1088; x_wconf 74' lang='lat' dir='ltr'><strong>incitantetyraunos,</strong></span> <span class='ocrx_word' id='word_1_92' title='bbox 637 994 697 1063; x_wconf 87' lang='lat' dir='ltr'><strong>au&#39;t</strong></span> <span class='ocrx_word' id='word_1_93' title='bbox 712 991 858 1064; x_wconf 87' lang='lat' dir='ltr'><strong>aliosad</strong></span> <span class='ocrx_word' id='word_1_94' title='bbox 871 992 1018 1064; x_wconf 85' lang='lat' dir='ltr'><strong>iniustas</strong></span> <span class='ocrx_word' id='word_1_95' title='bbox 1035 1015 1112 1062; x_wconf 87' lang='lat' dir='ltr'><strong>cae-</strong></span> <span class='ocrx_word' id='word_1_96' title='bbox 1262 997 1321 1064; x_wconf 75' lang='lat' dir='ltr'><strong>b&#39;a·</strong></span> <span class='ocrx_word' id='word_1_97' title='bbox 1343 996 1440 1089; x_wconf 78' lang='lat' dir='ltr'><strong>quusi</strong></span> <span class='ocrx_word' id='word_1_98' title='bbox 1456 985 1573 1089; x_wconf 65' lang='lat' dir='ltr'><strong>pm]</strong></span> <span class='ocrx_word' id='word_1_99' title='bbox 1606 982 1917 1085; x_wconf 67' lang='lat' dir='ltr'><strong>Interdum&#39;rera&#39;,</strong></span> <span class='ocrx_word' id='word_1_100' title='bbox 1955 992 2134 1062; x_wconf 88' lang='lat' dir='ltr'><strong>interdum</strong></span> 
     </span>
     <span class='ocr_line' id='line_1_9' title="bbox 138 1091 2134 1188; baseline -0.001 -25"><span class='ocrx_word' id='word_1_101' title='bbox 138 1095 220 1178; x_wconf 89' lang='lat' dir='ltr'><strong>des,</strong></span> <span class='ocrx_word' id='word_1_102' title='bbox 242 1108 278 1165; x_wconf 91' lang='lat' dir='ltr'><strong>et</strong></span> <span class='ocrx_word' id='word_1_103' title='bbox 292 1097 361 1167; x_wconf 84' lang='lat' dir='ltr'><strong>alia</strong></span> <span class='ocrx_word' id='word_1_104' title='bbox 377 1097 521 1170; x_wconf 88' lang='lat' dir='ltr'><strong>scelera.</strong></span> <span class='ocrx_word' id='word_1_105' title='bbox 571 1094 758 1167; x_wconf 79' lang='lat' dir='ltr'><strong>Caeterum</strong></span> <span class='ocrx_word' id='word_1_106' title='bbox 773 1091 842 1166; x_wconf 87' lang='lat' dir='ltr'><strong>boc</strong></span> <span class='ocrx_word' id='word_1_107' title='bbox 857 1095 984 1167; x_wconf 91' lang='lat' dir='ltr'><strong>vitioso</strong></span> <span class='ocrx_word' id='word_1_108' title='bbox 1008 1118 1112 1186; x_wconf 84' lang='lat' dir='ltr'><strong>argu-</strong></span> <span class='ocrx_word' id='word_1_109' title='bbox 1161 1095 1247 1166; x_wconf 85' lang='lat' dir='ltr'><strong>salsa</strong></span> <span class='ocrx_word' id='word_1_110' title='bbox 1262 1107 1468 1187; x_wconf 79' lang='lat' dir='ltr'><strong>argumenta</strong></span> <span class='ocrx_word' id='word_1_111' title='bbox 1485 1096 1664 1165; x_wconf 77' lang='lat' dir='ltr'><strong>ductantur</strong></span> <span class='ocrx_word' id='word_1_112' title='bbox 1679 1118 1723 1164; x_wconf 84' lang='lat' dir='ltr'><strong>ex</strong></span> <span class='ocrx_word' id='word_1_113' title='bbox 1743 1094 1844 1188; x_wconf 83' lang='lat' dir='ltr'>quasi</span> <span class='ocrx_word' id='word_1_114' title='bbox 1866 1093 1963 1185; x_wconf 89' lang='lat' dir='ltr'><strong>pari,</strong></span> <span class='ocrx_word' id='word_1_115' title='bbox 1989 1093 2083 1165; x_wconf 92' lang='lat' dir='ltr'><strong>sicut</strong></span> <span class='ocrx_word' id='word_1_116' title='bbox 2101 1105 2134 1162; x_wconf 88' lang='lat' dir='ltr'><strong>ct</strong></span> 
     </span>
     <span class='ocr_line' id='line_1_10' title="bbox 140 1192 2132 1293; baseline -0.002 -26"><span class='ocrx_word' id='word_1_117' title='bbox 140 1209 275 1281; x_wconf 87' lang='lat' dir='ltr'><strong>mento,</strong></span> <span class='ocrx_word' id='word_1_118' title='bbox 301 1199 554 1293; x_wconf 86' lang='lat' dir='ltr'><strong>quod-ducitur</strong></span> <span class='ocrx_word' id='word_1_119' title='bbox 569 1222 588 1266; x_wconf 89' lang='lat' dir='ltr'><strong>a</strong></span> <span class='ocrx_word' id='word_1_120' title='bbox 606 1199 706 1293; x_wconf 81' lang='lat' dir='ltr'>quasi</span> <span class='ocrx_word' id='word_1_121' title='bbox 722 1198 866 1283; x_wconf 80' lang='lat' dir='ltr'><strong>ellectu,</strong></span> <span class='ocrx_word' id='word_1_122' title='bbox 890 1197 1112 1291; x_wconf 87' lang='lat' dir='ltr'><strong>deceptiMa·</strong></span> <span class='ocrx_word' id='word_1_123' title='bbox 1161 1222 1267 1291; x_wconf 89' lang='lat' dir='ltr'><strong>supra</strong></span> <span class='ocrx_word' id='word_1_124' title='bbox 1292 1197 1495 1269; x_wconf 89' lang='lat' dir='ltr'><strong>monuimus</strong></span> <span class='ocrx_word' id='word_1_125' title='bbox 1524 1198 1567 1266; x_wconf 91' lang='lat' dir='ltr'><strong>de</strong></span> <span class='ocrx_word' id='word_1_126' title='bbox 1595 1196 1742 1268; x_wconf 89' lang='lat' dir='ltr'><strong>caeteris</strong></span> <span class='ocrx_word' id='word_1_127' title='bbox 1762 1196 1850 1268; x_wconf 92' lang='lat' dir='ltr'><strong>locis</strong></span> <span class='ocrx_word' id='word_1_128' title='bbox 1876 1192 1981 1267; x_wconf 87' lang='lat' dir='ltr'><strong>buius</strong></span> <span class='ocrx_word' id='word_1_129' title='bbox 2006 1196 2132 1282; x_wconf 86' lang='lat' dir='ltr'><strong>classis,</strong></span> 
     </span>
     <span class='ocr_line' id='line_1_11' title="bbox 138 1292 1963 1396; baseline 0.004 -31"><span class='ocrx_word' id='word_1_130' title='bbox 138 1295 350 1395; x_wconf 74' lang='lat' dir='ltr'><strong>nictueiii),</strong></span> <span class='ocrx_word' id='word_1_131' title='bbox 384 1314 418 1373; x_wconf 90' lang='lat' dir='ltr'><strong>et</strong></span> <span class='ocrx_word' id='word_1_132' title='bbox 441 1299 544 1373; x_wconf 91' lang='lat' dir='ltr'><strong>multi</strong></span> <span class='ocrx_word' id='word_1_133' title='bbox 563 1300 643 1386; x_wconf 91' lang='lat' dir='ltr'><strong>alii,</strong></span> <span class='ocrx_word' id='word_1_134' title='bbox 676 1313 851 1392; x_wconf 83' lang='lat' dir='ltr'><strong>noganmt</strong></span> <span class='ocrx_word' id='word_1_135' title='bbox 873 1300 1016 1394; x_wconf 88' lang='lat' dir='ltr'><strong>politias</strong></span> <span class='ocrx_word' id='word_1_136' title='bbox 1038 1324 1111 1372; x_wconf 93' lang='lat' dir='ltr'><strong>esse</strong></span> <span class='ocrx_word' id='word_1_137' title='bbox 1163 1324 1252 1396; x_wconf 90' lang='lat' dir='ltr'><strong>qnae</strong></span> <span class='ocrx_word' id='word_1_138' title='bbox 1267 1301 1369 1393; x_wconf 90' lang='lat' dir='ltr'><strong>quasi</strong></span> <span class='ocrx_word' id='word_1_139' title='bbox 1382 1302 1496 1369; x_wconf 82' lang='lat' dir='ltr'><strong>tontes</strong></span> <span class='ocrx_word' id='word_1_140' title='bbox 1512 1299 1681 1372; x_wconf 80' lang='lat' dir='ltr'><strong>continet.</strong></span> <span class='ocrx_word' id='word_1_141' title='bbox 1961 1292 1963 1299; x_wconf 23' lang='lat' dir='ltr'><strong>i</strong></span> 
     </span>
     <span class='ocr_line' id='line_1_12' title="bbox 141 1398 2132 1496; baseline 0.001 -27"><span class='ocrx_word' id='word_1_142' title='bbox 141 1426 230 1494; x_wconf 86' lang='lat' dir='ltr'><strong>opus</strong></span> <span class='ocrx_word' id='word_1_143' title='bbox 246 1401 327 1476; x_wconf 90' lang='lat' dir='ltr'><strong>Dei.</strong></span> <span class='ocrx_word' id='word_1_144' title='bbox 351 1407 367 1418; x_wconf 70' lang='lat'><strong>&#39;‘</strong></span> <span class='ocrx_word' id='word_1_145' title='bbox 690 1419 693 1423; x_wconf 84' lang='grc'><strong><em>’</em></strong></span> <span class='ocrx_word' id='word_1_146' title='bbox 815 1406 819 1411; x_wconf 78' lang='grc'>’</span> <span class='ocrx_word' id='word_1_147' title='bbox 936 1406 938 1411; x_wconf 82' lang='grc'><strong>’</strong></span> <span class='ocrx_word' id='word_1_148' title='bbox 975 1402 993 1447; x_wconf 80' lang='grc'><strong>’-</strong></span> <span class='ocrx_word' id='word_1_149' title='bbox 1260 1401 1392 1474; x_wconf 83' lang='lat' dir='ltr'><strong>Verum</strong></span> <span class='ocrx_word' id='word_1_150' title='bbox 1409 1409 1655 1494; x_wconf 81' lang='lat' dir='ltr'><strong>argumentum</strong></span> <span class='ocrx_word' id='word_1_151' title='bbox 1672 1413 1724 1472; x_wconf 88' lang='lat' dir='ltr'><strong>est</strong></span> <span class='ocrx_word' id='word_1_152' title='bbox 1740 1424 1782 1473; x_wconf 83' lang='lat' dir='ltr'><strong>ex</strong></span> <span class='ocrx_word' id='word_1_153' title='bbox 1804 1400 1906 1496; x_wconf 87' lang='lat' dir='ltr'><strong>quasi</strong></span> <span class='ocrx_word' id='word_1_154' title='bbox 1927 1400 2024 1494; x_wconf 89' lang='lat' dir='ltr'><strong>pari:</strong></span> <span class='ocrx_word' id='word_1_155' title='bbox 2066 1398 2132 1470; x_wconf 85' lang='lat' dir='ltr'><strong>Ho-</strong></span> 
     </span>
     <span class='ocr_line' id='line_1_13' title="bbox 192 1493 2132 1605; baseline -0.003 -27"><span class='ocrx_word' id='word_1_156' title='bbox 192 1561 194 1565; x_wconf 83' lang='lat'><em>-</em></span> <span class='ocrx_word' id='word_1_157' title='bbox 239 1507 343 1591; x_wconf 60' lang='lat' dir='ltr'><strong>Quot</strong></span> <span class='ocrx_word' id='word_1_158' title='bbox 356 1501 595 1605; x_wconf 74' lang='lat' dir='ltr'><strong>distributio]</strong></span> <span class='ocrx_word' id='word_1_159' title='bbox 635 1504 890 1578; x_wconf 89' lang='lat' dir='ltr'><strong>Usitatissimus</strong></span> <span class='ocrx_word' id='word_1_160' title='bbox 919 1528 1020 1575; x_wconf 90' lang='lat' dir='ltr'><strong>error</strong></span> <span class='ocrx_word' id='word_1_161' title='bbox 1049 1515 1112 1588; x_wconf 89' lang='lat' dir='ltr'><strong>est,</strong></span> <span class='ocrx_word' id='word_1_162' title='bbox 1162 1505 1344 1577; x_wconf 90' lang='lat' dir='ltr'><strong>micidium</strong></span> <span class='ocrx_word' id='word_1_163' title='bbox 1375 1506 1522 1602; x_wconf 90' lang='lat' dir='ltr'><strong>punitur</strong></span> <span class='ocrx_word' id='word_1_164' title='bbox 1553 1493 1679 1574; x_wconf 87' lang='lat' dir='ltr'><strong>ultimo</strong></span> <span class='ocrx_word' id='word_1_165' title='bbox 1712 1504 1911 1597; x_wconf 86' lang='lat' dir='ltr'><strong>supplicio:</strong></span> <span class='ocrx_word' id='word_1_166' title='bbox 1956 1527 2043 1597; x_wconf 80' lang='lat' dir='ltr'><strong>ergo</strong></span> <span class='ocrx_word' id='word_1_167' title='bbox 2082 1526 2132 1572; x_wconf 84' lang='lat' dir='ltr'><strong>ca·</strong></span> 
     </span>
     <span class='ocr_line' id='line_1_14' title="bbox 136 1603 2132 1704; baseline 0.001 -30"><span class='ocrx_word' id='word_1_168' title='bbox 136 1605 252 1697; x_wconf 84' lang='lat' dir='ltr'><strong>legem</strong></span> <span class='ocrx_word' id='word_1_169' title='bbox 272 1607 430 1677; x_wconf 84' lang='lat' dir='ltr'><strong>divinam</strong></span> <span class='ocrx_word' id='word_1_170' title='bbox 452 1608 661 1680; x_wconf 81' lang='lat' dir='ltr'><strong>distribuere</strong></span> <span class='ocrx_word' id='word_1_171' title='bbox 678 1603 796 1679; x_wconf 87' lang='lat' dir='ltr'><strong>iubas</strong></span> <span class='ocrx_word' id='word_1_172' title='bbox 814 1621 882 1680; x_wconf 92' lang='lat' dir='ltr'><strong>tres</strong></span> <span class='ocrx_word' id='word_1_173' title='bbox 898 1609 1047 1701; x_wconf 87' lang='lat' dir='ltr'><strong>speeies:</strong></span> <span class='ocrx_word' id='word_1_174' title='bbox 1073 1607 1111 1677; x_wconf 91' lang='lat' dir='ltr'><strong>in</strong></span> <span class='ocrx_word' id='word_1_175' title='bbox 1161 1608 1316 1692; x_wconf 82' lang='lat' dir='ltr'><strong>lumnia,</strong></span> <span class='ocrx_word' id='word_1_176' title='bbox 1342 1634 1412 1704; x_wconf 87' lang='lat' dir='ltr'><strong>qua</strong></span> <span class='ocrx_word' id='word_1_177' title='bbox 1429 1607 1509 1704; x_wconf 90' lang='lat' dir='ltr'><strong>quis</strong></span> <span class='ocrx_word' id='word_1_178' title='bbox 1528 1605 1673 1677; x_wconf 86' lang='lat' dir='ltr'><strong>exitium</strong></span> <span class='ocrx_word' id='word_1_179' title='bbox 1697 1606 1797 1675; x_wconf 86' lang='lat' dir='ltr'><strong>vitae·</strong></span> <span class='ocrx_word' id='word_1_180' title='bbox 1816 1606 1960 1678; x_wconf 87' lang='lat' dir='ltr'><strong>alterius</strong></span> <span class='ocrx_word' id='word_1_181' title='bbox 1977 1603 2132 1688; x_wconf 90' lang='lat' dir='ltr'><strong>molitur,</strong></span> 
     </span>
     <span class='ocr_line' id='line_1_15' title="bbox 136 1707 2132 1803; baseline 0.001 -27"><span class='ocrx_word' id='word_1_182' title='bbox 136 1710 351 1796; x_wconf 87' lang='lat' dir='ltr'><strong>naturalem,</strong></span> <span class='ocrx_word' id='word_1_183' title='bbox 376 1711 591 1796; x_wconf 89' lang='lat' dir='ltr'><strong>Mosaicam,</strong></span> <span class='ocrx_word' id='word_1_184' title='bbox 626 1724 660 1780; x_wconf 90' lang='lat' dir='ltr'><strong>et</strong></span> <span class='ocrx_word' id='word_1_185' title='bbox 684 1712 933 1803; x_wconf 84' lang='lat' dir='ltr'><strong>evangelicam.</strong></span> <span class='ocrx_word' id='word_1_186' title='bbox 989 1709 1037 1778; x_wconf 91' lang='lat' dir='ltr'><strong>Et</strong></span> <span class='ocrx_word' id='word_1_187' title='bbox 1058 1723 1111 1780; x_wconf 89' lang='lat' dir='ltr'><strong>ta-</strong></span> <span class='ocrx_word' id='word_1_188' title='bbox 1162 1712 1382 1803; x_wconf 90' lang='lat' dir='ltr'><strong>puniendum</strong></span> <span class='ocrx_word' id='word_1_189' title='bbox 1398 1725 1450 1782; x_wconf 88' lang='lat' dir='ltr'><strong>est</strong></span> <span class='ocrx_word' id='word_1_190' title='bbox 1462 1707 1588 1780; x_wconf 88' lang='lat' dir='ltr'><strong>ultimo</strong></span> <span class='ocrx_word' id='word_1_191' title='bbox 1601 1708 1786 1801; x_wconf 87' lang='lat' dir='ltr'><strong>supplicio.</strong></span> <span class='ocrx_word' id='word_1_192' title='bbox 1834 1707 1912 1780; x_wconf 86' lang='lat' dir='ltr'><strong>Etsi</strong></span> <span class='ocrx_word' id='word_1_193' title='bbox 1927 1708 2023 1779; x_wconf 90' lang='lat' dir='ltr'><strong>enim</strong></span> <span class='ocrx_word' id='word_1_194' title='bbox 2041 1730 2132 1799; x_wconf 71' lang='lat' dir='ltr'><strong>gras·</strong></span> 
     </span>
     <span class='ocr_line' id='line_1_16' title="bbox 135 1807 2132 1907; baseline 0.001 -29"><span class='ocrx_word' id='word_1_195' title='bbox 135 1834 239 1895; x_wconf 88' lang='lat' dir='ltr'><strong>men,</strong></span> <span class='ocrx_word' id='word_1_196' title='bbox 264 1813 347 1907; x_wconf 91' lang='lat' dir='ltr'><strong>quia</strong></span> <span class='ocrx_word' id='word_1_197' title='bbox 363 1809 556 1883; x_wconf 84' lang='lat' dir='ltr'><strong>interbaec</strong></span> <span class='ocrx_word' id='word_1_198' title='bbox 570 1837 700 1905; x_wconf 84' lang='lat' dir='ltr'><strong>genera</strong></span> <span class='ocrx_word' id='word_1_199' title='bbox 715 1813 957 1883; x_wconf 86' lang='lat' dir='ltr'><strong>doctrinarum</strong></span> <span class='ocrx_word' id='word_1_200' title='bbox 978 1811 1112 1907; x_wconf 89' lang='lat' dir='ltr'><strong>aliquid</strong></span> <span class='ocrx_word' id='word_1_201' title='bbox 1161 1815 1233 1884; x_wconf 90' lang='lat' dir='ltr'><strong>sari</strong></span> <span class='ocrx_word' id='word_1_202' title='bbox 1252 1815 1348 1884; x_wconf 86' lang='lat' dir='ltr'><strong>ferro</strong></span> <span class='ocrx_word' id='word_1_203' title='bbox 1372 1827 1434 1884; x_wconf 91' lang='lat' dir='ltr'><strong>aut</strong></span> <span class='ocrx_word' id='word_1_204' title='bbox 1457 1835 1595 1882; x_wconf 84' lang='lat' dir='ltr'><strong>veneno</strong></span> <span class='ocrx_word' id='word_1_205' title='bbox 1612 1812 1765 1882; x_wconf 89' lang='lat' dir='ltr'><strong>atrocius</strong></span> <span class='ocrx_word' id='word_1_206' title='bbox 1788 1824 1859 1896; x_wconf 89' lang='lat' dir='ltr'><strong>est,</strong></span> <span class='ocrx_word' id='word_1_207' title='bbox 1889 1807 2009 1882; x_wconf 85' lang='lat' dir='ltr'><strong>tamen</strong></span> <span class='ocrx_word' id='word_1_208' title='bbox 2034 1815 2132 1902; x_wconf 73' lang='lat' dir='ltr'><strong>gene-</strong></span> 
     </span>
     <span class='ocr_line' id='line_1_17' title="bbox 136 1910 2131 2010; baseline 0 -29"><span class='ocrx_word' id='word_1_209' title='bbox 136 1911 304 1999; x_wconf 80' lang='lat' dir='ltr'><strong>interest,</strong></span> <span class='ocrx_word' id='word_1_210' title='bbox 328 1919 444 2007; x_wconf 86' lang='lat' dir='ltr'><strong>potest</strong></span> <span class='ocrx_word' id='word_1_211' title='bbox 456 1914 533 1984; x_wconf 85' lang='lat' dir='ltr'><strong>falli</strong></span> <span class='ocrx_word' id='word_1_212' title='bbox 549 1915 711 1986; x_wconf 84' lang='lat' dir='ltr'><strong>indoctus</strong></span> <span class='ocrx_word' id='word_1_213' title='bbox 734 1910 802 1984; x_wconf 88' lang='lat' dir='ltr'><strong>hac</strong></span> <span class='ocrx_word' id='word_1_214' title='bbox 822 1915 924 2010; x_wconf 92' lang='lat' dir='ltr'><strong>quasi</strong></span> <span class='ocrx_word' id='word_1_215' title='bbox 946 1913 1112 1985; x_wconf 90' lang='lat' dir='ltr'><strong>distribu·</strong></span> <span class='ocrx_word' id='word_1_216' title='bbox 1162 1939 1245 1987; x_wconf 91' lang='lat' dir='ltr'><strong>roso</strong></span> <span class='ocrx_word' id='word_1_217' title='bbox 1260 1916 1380 1985; x_wconf 89' lang='lat' dir='ltr'><strong>animo</strong></span> <span class='ocrx_word' id='word_1_218' title='bbox 1397 1915 1574 1985; x_wconf 89' lang='lat' dir='ltr'><strong>interdum</strong></span> <span class='ocrx_word' id='word_1_219' title='bbox 1590 1914 1807 1984; x_wconf 84' lang='lat' dir='ltr'><strong>tolerabilius</strong></span> <span class='ocrx_word' id='word_1_220' title='bbox 1827 1926 1878 1984; x_wconf 86' lang='lat' dir='ltr'><strong>est</strong></span> <span class='ocrx_word' id='word_1_221' title='bbox 1898 1926 2053 1983; x_wconf 87' lang='lat' dir='ltr'><strong>mortem</strong></span> <span class='ocrx_word' id='word_1_222' title='bbox 2074 1937 2131 2004; x_wconf 93' lang='lat' dir='ltr'><strong>op·</strong></span> 
     </span>
     <span class='ocr_line' id='line_1_18' title="bbox 139 2015 2133 2113; baseline 0.001 -30"><span class='ocrx_word' id='word_1_223' title='bbox 139 2015 248 2087; x_wconf 89' lang='lat' dir='ltr'><strong>tione.</strong></span> <span class='ocrx_word' id='word_1_224' title='bbox 779 2018 782 2025; x_wconf 82' lang='lat'>&#39;</span> <span class='ocrx_word' id='word_1_225' title='bbox 1163 2030 1301 2112; x_wconf 88' lang='lat' dir='ltr'><strong>petere,</strong></span> <span class='ocrx_word' id='word_1_226' title='bbox 1327 2043 1435 2113; x_wconf 93' lang='lat' dir='ltr'><strong>quam</strong></span> <span class='ocrx_word' id='word_1_227' title='bbox 1452 2017 1590 2110; x_wconf 78' lang='lat' dir='ltr'><strong>aspergi</strong></span> <span class='ocrx_word' id='word_1_228' title='bbox 1605 2018 1661 2087; x_wconf 80' lang='lat' dir='ltr'><strong>rel</strong></span> <span class='ocrx_word' id='word_1_229' title='bbox 1674 2017 1744 2087; x_wconf 89' lang='lat' dir='ltr'><strong>levi</strong></span> <span class='ocrx_word' id='word_1_230' title='bbox 1762 2016 1962 2109; x_wconf 86' lang='lat' dir='ltr'><strong>suspicione</strong></span> <span class='ocrx_word' id='word_1_231' title='bbox 1981 2015 2055 2086; x_wconf 85' lang='lat' dir='ltr'><strong>tic-ti</strong></span> <span class='ocrx_word' id='word_1_232' title='bbox 2075 2015 2133 2085; x_wconf 88' lang='lat' dir='ltr'><strong>ali-</strong></span> 
     </span>
     <span class='ocr_line' id='line_1_19' title="bbox 238 2117 2133 2212; baseline 0 -24"><span class='ocrx_word' id='word_1_233' title='bbox 238 2117 320 2188; x_wconf 89' lang='lat' dir='ltr'><strong>Una</strong></span> <span class='ocrx_word' id='word_1_234' title='bbox 349 2130 418 2204; x_wconf 89' lang='lat' dir='ltr'><strong>est,</strong></span> <span class='ocrx_word' id='word_1_235' title='bbox 451 2130 487 2189; x_wconf 91' lang='lat' dir='ltr'><strong>et</strong></span> <span class='ocrx_word' id='word_1_236' title='bbox 513 2120 637 2190; x_wconf 90' lang='lat' dir='ltr'><strong>eadem</strong></span> <span class='ocrx_word' id='word_1_237' title='bbox 664 2119 722 2190; x_wconf 85' lang='lat' dir='ltr'><strong>lex</strong></span> <span class='ocrx_word' id='word_1_238' title='bbox 749 2117 920 2190; x_wconf 88' lang='lat' dir='ltr'><strong>naturalis</strong></span> <span class='ocrx_word' id='word_1_239' title='bbox 948 2117 1112 2190; x_wconf 89' lang='lat' dir='ltr'><strong>omnibus</strong></span> <span class='ocrx_word' id='word_1_240' title='bbox 1162 2121 1260 2193; x_wconf 86' lang='lat' dir='ltr'><strong>euius</strong></span> <span class='ocrx_word' id='word_1_241' title='bbox 1289 2119 1520 2191; x_wconf 85' lang='lat' dir='ltr'><strong>abominandi</strong></span> <span class='ocrx_word' id='word_1_242' title='bbox 1551 2118 1720 2191; x_wconf 88' lang='lat' dir='ltr'><strong>criminis.</strong></span> <span class='ocrx_word' id='word_1_243' title='bbox 1777 2118 1885 2188; x_wconf 87' lang='lat' dir='ltr'><strong>Recte</strong></span> <span class='ocrx_word' id='word_1_244' title='bbox 1911 2119 2019 2212; x_wconf 81' lang='lat' dir='ltr'><strong>igitur</strong></span> <span class='ocrx_word' id='word_1_245' title='bbox 2042 2119 2133 2209; x_wconf 82' lang='lat' dir='ltr'><strong>leges</strong></span> 
     </span>
     <span class='ocr_line' id='line_1_20' title="bbox 137 2217 2132 2317; baseline 0.001 -29"><span class='ocrx_word' id='word_1_246' title='bbox 137 2219 374 2312; x_wconf 84' lang='lat' dir='ltr'><strong>temporibus,</strong></span> <span class='ocrx_word' id='word_1_247' title='bbox 411 2220 502 2292; x_wconf 91' lang='lat' dir='ltr'><strong>sicut</strong></span> <span class='ocrx_word' id='word_1_248' title='bbox 530 2225 654 2294; x_wconf 89' lang='lat' dir='ltr'><strong>eadem</strong></span> <span class='ocrx_word' id='word_1_249' title='bbox 677 2217 864 2292; x_wconf 89' lang='lat' dir='ltr'><strong>bominum</strong></span> <span class='ocrx_word' id='word_1_250' title='bbox 885 2233 1013 2292; x_wconf 88' lang='lat' dir='ltr'><strong>natura</strong></span> <span class='ocrx_word' id='word_1_251' title='bbox 1037 2245 1112 2291; x_wconf 86' lang='lat' dir='ltr'><strong>ma·</strong></span> <span class='ocrx_word' id='word_1_252' title='bbox 1161 2225 1259 2317; x_wconf 83' lang='lat' dir='ltr'><strong>ipsae</strong></span> <span class='ocrx_word' id='word_1_253' title='bbox 1275 2225 1423 2294; x_wconf 85' lang='lat' dir='ltr'><strong>eandem</strong></span> <span class='ocrx_word' id='word_1_254' title='bbox 1438 2244 1591 2317; x_wconf 90' lang='lat' dir='ltr'><strong>poenam</strong></span> <span class='ocrx_word' id='word_1_255' title='bbox 1609 2219 1859 2293; x_wconf 89' lang='lat' dir='ltr'><strong>columniatori</strong></span> <span class='ocrx_word' id='word_1_256' title='bbox 1877 2219 2132 2304; x_wconf 89' lang='lat' dir='ltr'><strong>minantur,si</strong></span> 
     </span>
     <span class='ocr_line' id='line_1_21' title="bbox 136 2321 2132 2420; baseline 0 -28"><span class='ocrx_word' id='word_1_257' title='bbox 136 2333 214 2401; x_wconf 89' lang='lat' dir='ltr'><strong>net;</strong></span> <span class='ocrx_word' id='word_1_258' title='bbox 235 2325 307 2394; x_wconf 80' lang='lat' dir='ltr'><strong>sed</strong></span> <span class='ocrx_word' id='word_1_259' title='bbox 331 2323 371 2392; x_wconf 90' lang='lat' dir='ltr'><strong>in</strong></span> <span class='ocrx_word' id='word_1_260' title='bbox 393 2323 492 2395; x_wconf 85' lang='lat' dir='ltr'><strong>Mose</strong></span> <span class='ocrx_word' id='word_1_261' title='bbox 513 2326 653 2395; x_wconf 89' lang='lat' dir='ltr'><strong>additae</strong></span> <span class='ocrx_word' id='word_1_262' title='bbox 673 2336 755 2395; x_wconf 88' lang='lat' dir='ltr'><strong>sunt</strong></span> <span class='ocrx_word' id='word_1_263' title='bbox 776 2324 917 2418; x_wconf 89' lang='lat' dir='ltr'><strong>aliquae</strong></span> <span class='ocrx_word' id='word_1_264' title='bbox 939 2322 1111 2416; x_wconf 86' lang='lat' dir='ltr'><strong>positivae</strong></span> <span class='ocrx_word' id='word_1_265' title='bbox 1163 2326 1305 2397; x_wconf 86' lang='lat' dir='ltr'><strong>obiiciat</strong></span> <span class='ocrx_word' id='word_1_266' title='bbox 1325 2327 1473 2420; x_wconf 85' lang='lat' dir='ltr'><strong>capitale</strong></span> <span class='ocrx_word' id='word_1_267' title='bbox 1492 2324 1645 2411; x_wconf 88' lang='lat' dir='ltr'><strong>crimen,</strong></span> <span class='ocrx_word' id='word_1_268' title='bbox 1678 2348 1786 2419; x_wconf 90' lang='lat' dir='ltr'><strong>quam</strong></span> <span class='ocrx_word' id='word_1_269' title='bbox 1808 2324 1896 2395; x_wconf 92' lang='lat' dir='ltr'><strong>illud</strong></span> <span class='ocrx_word' id='word_1_270' title='bbox 1914 2326 2033 2417; x_wconf 88' lang='lat' dir='ltr'><strong>ipsum</strong></span> <span class='ocrx_word' id='word_1_271' title='bbox 2054 2321 2132 2393; x_wconf 84' lang='lat' dir='ltr'><strong>laci·</strong></span> 
     </span>
     <span class='ocr_line' id='line_1_22' title="bbox 136 2422 2133 2520; baseline 0 -26"><span class='ocrx_word' id='word_1_272' title='bbox 136 2422 240 2515; x_wconf 73' lang='lat' dir='ltr'><strong>leges.</strong></span> <span class='ocrx_word' id='word_1_273' title='bbox 288 2424 521 2518; x_wconf 80' lang='lat' dir='ltr'><strong>Evangelium</strong></span> <span class='ocrx_word' id='word_1_274' title='bbox 538 2452 624 2497; x_wconf 86' lang='lat' dir='ltr'><strong>vero</strong></span> <span class='ocrx_word' id='word_1_275' title='bbox 638 2426 825 2520; x_wconf 89' lang='lat' dir='ltr'><strong>promissio</strong></span> <span class='ocrx_word' id='word_1_276' title='bbox 844 2439 914 2509; x_wconf 89' lang='lat' dir='ltr'><strong>cst,</strong></span> <span class='ocrx_word' id='word_1_277' title='bbox 944 2422 1019 2496; x_wconf 80' lang='lat' dir='ltr'><strong>non</strong></span> <span class='ocrx_word' id='word_1_278' title='bbox 1037 2427 1109 2496; x_wconf 80' lang='lat' dir='ltr'><strong>lex:</strong></span> <span class='ocrx_word' id='word_1_279' title='bbox 1160 2455 1228 2500; x_wconf 85' lang='lat' dir='ltr'><strong>nus</strong></span> <span class='ocrx_word' id='word_1_280' title='bbox 1247 2431 1470 2513; x_wconf 87' lang='lat' dir='ltr'><strong>merebatur,</strong></span> <span class='ocrx_word' id='word_1_281' title='bbox 1492 2426 1523 2499; x_wconf 89' lang='lat' dir='ltr'><strong>si</strong></span> <span class='ocrx_word' id='word_1_282' title='bbox 1544 2452 1626 2498; x_wconf 87' lang='lat' dir='ltr'><strong>vere</strong></span> <span class='ocrx_word' id='word_1_283' title='bbox 1650 2427 1880 2511; x_wconf 90' lang='lat' dir='ltr'><strong>obiiceretur‚</strong></span> <span class='ocrx_word' id='word_1_284' title='bbox 1911 2439 1952 2497; x_wconf 90' lang='lat' dir='ltr'><strong>ut</strong></span> <span class='ocrx_word' id='word_1_285' title='bbox 1973 2426 2062 2496; x_wconf 87' lang='lat' dir='ltr'><strong>dicit</strong></span> <span class='ocrx_word' id='word_1_286' title='bbox 2078 2426 2133 2494; x_wconf 82' lang='lat' dir='ltr'><strong>lex</strong></span> 
     </span>
     <span class='ocr_line' id='line_1_23' title="bbox 136 2528 2131 2626; baseline 0.003 -33"><span class='ocrx_word' id='word_1_287' title='bbox 136 2539 171 2594; x_wconf 92' lang='lat' dir='ltr'><strong>et</strong></span> <span class='ocrx_word' id='word_1_288' title='bbox 195 2539 317 2597; x_wconf 88' lang='lat' dir='ltr'><strong>tamen</strong></span> <span class='ocrx_word' id='word_1_289' title='bbox 336 2529 375 2599; x_wconf 90' lang='lat' dir='ltr'><strong>in</strong></span> <span class='ocrx_word' id='word_1_290' title='bbox 396 2530 580 2622; x_wconf 86' lang='lat' dir='ltr'><strong>scripturis</strong></span> <span class='ocrx_word' id='word_1_291' title='bbox 600 2529 854 2623; x_wconf 90' lang='lat' dir='ltr'><strong>Apostolorum</strong></span> <span class='ocrx_word' id='word_1_292' title='bbox 878 2530 935 2598; x_wconf 83' lang='lat' dir='ltr'><strong>lex</strong></span> <span class='ocrx_word' id='word_1_293' title='bbox 962 2541 1111 2599; x_wconf 84' lang='lat' dir='ltr'><strong>naturae</strong></span> <span class='ocrx_word' id='word_1_294' title='bbox 1161 2533 1316 2616; x_wconf 89' lang='lat' dir='ltr'><strong>ultima,</strong></span> <span class='ocrx_word' id='word_1_295' title='bbox 1369 2531 1498 2604; x_wconf 89' lang='lat' dir='ltr'><strong>Codice</strong></span> <span class='ocrx_word' id='word_1_296' title='bbox 1538 2530 1581 2599; x_wconf 94' lang='lat' dir='ltr'><strong>de</strong></span> <span class='ocrx_word' id='word_1_297' title='bbox 1618 2529 1934 2601; x_wconf 90' lang='lat' dir='ltr'><strong>calumniatoribus</strong></span> <span class='ocrx_word' id='word_1_298' title='bbox 1949 2528 2016 2626; x_wconf 76' lang='lat'><strong>⁰):</strong></span> <span class='ocrx_word' id='word_1_299' title='bbox 2070 2528 2131 2598; x_wconf 88' lang='lat' dir='ltr'><strong>Ca·</strong></span> 
     </span>
     <span class='ocr_line' id='line_1_24' title="bbox 134 2629 2134 2728; baseline 0.003 -31"><span class='ocrx_word' id='word_1_300' title='bbox 134 2629 331 2720; x_wconf 77' lang='lat' dir='ltr'><strong>repetitur,</strong></span> <span class='ocrx_word' id='word_1_301' title='bbox 375 2632 512 2704; x_wconf 87' lang='lat' dir='ltr'><strong>omissis</strong></span> <span class='ocrx_word' id='word_1_302' title='bbox 543 2632 709 2704; x_wconf 89' lang='lat' dir='ltr'><strong>Mosaicis</strong></span> <span class='ocrx_word' id='word_1_303' title='bbox 737 2631 965 2716; x_wconf 88' lang='lat' dir='ltr'><strong>ceremoniis,</strong></span> <span class='ocrx_word' id='word_1_304' title='bbox 1003 2631 1110 2727; x_wconf 90' lang='lat' dir='ltr'><strong>idque</strong></span> <span class='ocrx_word' id='word_1_305' title='bbox 1160 2634 1376 2707; x_wconf 89' lang='lat' dir='ltr'><strong>lumniantes</strong></span> <span class='ocrx_word' id='word_1_306' title='bbox 1403 2636 1451 2706; x_wconf 92' lang='lat' dir='ltr'><strong>ad</strong></span> <span class='ocrx_word' id='word_1_307' title='bbox 1471 2632 1664 2704; x_wconf 81' lang='lat' dir='ltr'><strong>vindictam</strong></span> <span class='ocrx_word' id='word_1_308' title='bbox 1688 2643 1810 2728; x_wconf 89' lang='lat' dir='ltr'><strong>poscat</strong></span> <span class='ocrx_word' id='word_1_309' title='bbox 1828 2631 1991 2726; x_wconf 89' lang='lat' dir='ltr'><strong>supplicii</strong></span> <span class='ocrx_word' id='word_1_310' title='bbox 2011 2629 2134 2703; x_wconf 88' lang='lat' dir='ltr'><strong>simili·</strong></span> 
     </span>
     <span class='ocr_line' id='line_1_25' title="bbox 136 2734 1317 2836; baseline 0.007 -35"><span class='ocrx_word' id='word_1_311' title='bbox 136 2755 246 2825; x_wconf 89' lang='lat' dir='ltr'><strong>quare</strong></span> <span class='ocrx_word' id='word_1_312' title='bbox 260 2735 340 2817; x_wconf 87' lang='lat' dir='ltr'><strong>fiat,</strong></span> <span class='ocrx_word' id='word_1_313' title='bbox 365 2735 451 2805; x_wconf 91' lang='lat' dir='ltr'><strong>alibi</strong></span> <span class='ocrx_word' id='word_1_314' title='bbox 464 2735 549 2807; x_wconf 91' lang='lat' dir='ltr'><strong>satis</strong></span> <span class='ocrx_word' id='word_1_315' title='bbox 563 2735 703 2828; x_wconf 89' lang='lat' dir='ltr'><strong>copiose</strong></span> <span class='ocrx_word' id='word_1_316' title='bbox 717 2736 858 2806; x_wconf 90' lang='lat' dir='ltr'><strong>dicitur.</strong></span> <span class='ocrx_word' id='word_1_317' title='bbox 1160 2734 1317 2836; x_wconf 78' lang='lat' dir='ltr'><strong>tudo⁸⁴).</strong></span> 
     </span>
    </p>

    <p class='ocr_par' dir='ltr' id='par_1_3' title="bbox 132 2833 2132 3140">
     <span class='ocr_line' id='line_1_26' title="bbox 157 2833 2132 2937; baseline 0.001 -35"><span class='ocrx_word' id='word_1_318' title='bbox 157 2896 160 2902; x_wconf 80' lang='grc'><strong><em>,</em></strong></span> <span class='ocrx_word' id='word_1_319' title='bbox 236 2838 341 2921; x_wconf 73' lang='lat' dir='ltr'><strong>Quasi</strong></span> <span class='ocrx_word' id='word_1_320' title='bbox 358 2834 497 2937; x_wconf 72' lang='lat' dir='ltr'><strong>penua]</strong></span> <span class='ocrx_word' id='word_1_321' title='bbox 520 2835 601 2909; x_wconf 90' lang='lat' dir='ltr'><strong>Iura</strong></span> <span class='ocrx_word' id='word_1_322' title='bbox 619 2838 794 2907; x_wconf 89' lang='lat' dir='ltr'><strong>naturalia</strong></span> <span class='ocrx_word' id='word_1_323' title='bbox 812 2849 894 2909; x_wconf 88' lang='lat' dir='ltr'><strong>sunt</strong></span> <span class='ocrx_word' id='word_1_324' title='bbox 908 2835 1111 2907; x_wconf 91' lang='lat' dir='ltr'><strong>immutabi·</strong></span> <span class='ocrx_word' id='word_1_325' title='bbox 1260 2839 1383 2910; x_wconf 85' lang='lat' dir='ltr'><strong>Aliud:</strong></span> <span class='ocrx_word' id='word_1_326' title='bbox 1413 2833 1455 2907; x_wconf 91' lang='lat' dir='ltr'><strong>In</strong></span> <span class='ocrx_word' id='word_1_327' title='bbox 1478 2835 1639 2909; x_wconf 87' lang='lat' dir='ltr'><strong>oratione</strong></span> <span class='ocrx_word' id='word_1_328' title='bbox 1661 2861 1729 2931; x_wconf 92' lang='lat' dir='ltr'><strong>pro</strong></span> <span class='ocrx_word' id='word_1_329' title='bbox 1749 2833 1954 2933; x_wconf 58' lang='lat' dir='ltr'><strong>Caecinaoe)</strong></span> <span class='ocrx_word' id='word_1_330' title='bbox 1976 2834 2132 2929; x_wconf 84' lang='lat' dir='ltr'><strong>disputa·</strong></span> 
     </span>
     <span class='ocr_line' id='line_1_27' title="bbox 132 2931 2131 3035; baseline 0.002 -32"><span class='ocrx_word' id='word_1_331' title='bbox 132 2931 201 3015; x_wconf 73' lang='lat' dir='ltr'><strong>lim</strong></span> <span class='ocrx_word' id='word_1_332' title='bbox 233 2937 387 3027; x_wconf 76' lang='lat' dir='ltr'><strong>legitima</strong></span> <span class='ocrx_word' id='word_1_333' title='bbox 409 2941 559 3011; x_wconf 89' lang='lat' dir='ltr'><strong>debetur</strong></span> <span class='ocrx_word' id='word_1_334' title='bbox 579 2936 700 3010; x_wconf 88' lang='lat' dir='ltr'><strong>liberis</strong></span> <span class='ocrx_word' id='word_1_335' title='bbox 720 2939 796 3009; x_wconf 88' lang='lat' dir='ltr'><strong>iure</strong></span> <span class='ocrx_word' id='word_1_336' title='bbox 817 2938 989 3011; x_wconf 89' lang='lat' dir='ltr'><strong>naturali:</strong></span> <span class='ocrx_word' id='word_1_337' title='bbox 1024 2963 1109 3031; x_wconf 76' lang='lat' dir='ltr'><strong>ergo</strong></span> <span class='ocrx_word' id='word_1_338' title='bbox 1159 2955 1240 3027; x_wconf 91' lang='lat' dir='ltr'><strong>tur,</strong></span> <span class='ocrx_word' id='word_1_339' title='bbox 1265 2939 1452 3012; x_wconf 89' lang='lat' dir='ltr'><strong>interdicto</strong></span> <span class='ocrx_word' id='word_1_340' title='bbox 1472 2944 1568 3012; x_wconf 92' lang='lat' dir='ltr'><strong>unde</strong></span> <span class='ocrx_word' id='word_1_341' title='bbox 1589 2940 1644 3025; x_wconf 90' lang='lat' dir='ltr'><strong>vi,</strong></span> <span class='ocrx_word' id='word_1_342' title='bbox 1667 2953 1859 3035; x_wconf 86' lang='lat' dir='ltr'><strong>utrumque</strong></span> <span class='ocrx_word' id='word_1_343' title='bbox 1879 2961 1998 3009; x_wconf 86' lang='lat' dir='ltr'><strong>casum</strong></span> <span class='ocrx_word' id='word_1_344' title='bbox 2022 2936 2131 3008; x_wconf 81' lang='lat' dir='ltr'><strong>conti·</strong></span> 
     </span>
     <span class='ocr_line' id='line_1_28' title="bbox 135 3038 2131 3140; baseline 0.002 -33"><span class='ocrx_word' id='word_1_345' title='bbox 135 3061 208 3108; x_wconf 90' lang='lat' dir='ltr'><strong>non</strong></span> <span class='ocrx_word' id='word_1_346' title='bbox 225 3052 342 3130; x_wconf 91' lang='lat' dir='ltr'><strong>potest</strong></span> <span class='ocrx_word' id='word_1_347' title='bbox 357 3041 406 3112; x_wconf 88' lang='lat' dir='ltr'><strong>eis</strong></span> <span class='ocrx_word' id='word_1_348' title='bbox 422 3042 552 3126; x_wconf 90' lang='lat' dir='ltr'><strong>adimi,</strong></span> <span class='ocrx_word' id='word_1_349' title='bbox 578 3055 640 3112; x_wconf 91' lang='lat' dir='ltr'><strong>aut</strong></span> <span class='ocrx_word' id='word_1_350' title='bbox 655 3040 818 3111; x_wconf 91' lang='lat' dir='ltr'><strong>diminui.</strong></span> <span class='ocrx_word' id='word_1_351' title='bbox 1158 3043 1256 3131; x_wconf 88' lang='lat' dir='ltr'><strong>neri,</strong></span> <span class='ocrx_word' id='word_1_352' title='bbox 1278 3046 1309 3117; x_wconf 89' lang='lat' dir='ltr'><strong>si</strong></span> <span class='ocrx_word' id='word_1_353' title='bbox 1325 3043 1403 3140; x_wconf 91' lang='lat' dir='ltr'><strong>quis</strong></span> <span class='ocrx_word' id='word_1_354' title='bbox 1417 3044 1568 3136; x_wconf 82' lang='lat' dir='ltr'><strong>expellat</strong></span> <span class='ocrx_word' id='word_1_355' title='bbox 1581 3041 1776 3136; x_wconf 78' lang='lat' dir='ltr'><strong>ingressum</strong></span> <span class='ocrx_word' id='word_1_356' title='bbox 1798 3043 1836 3111; x_wconf 90' lang='lat' dir='ltr'><strong>in</strong></span> <span class='ocrx_word' id='word_1_357' title='bbox 1856 3042 2027 3126; x_wconf 84' lang='lat' dir='ltr'><strong>fundum,</strong></span> <span class='ocrx_word' id='word_1_358' title='bbox 2053 3038 2131 3111; x_wconf 80' lang='lat' dir='ltr'><strong>etsi</strong></span> 
     </span>
    </p>

    <p class='ocr_par' dir='ltr' id='par_1_4' title="bbox 112 3139 2132 3756">
     <span class='ocr_line' id='line_1_29' title="bbox 236 3139 2131 3242; baseline 0.002 -34"><span class='ocrx_word' id='word_1_359' title='bbox 236 3139 313 3210; x_wconf 91' lang='lat' dir='ltr'><strong>Hoc</strong></span> <span class='ocrx_word' id='word_1_360' title='bbox 342 3157 590 3234; x_wconf 79' lang='lat' dir='ltr'><strong>argumentum</strong></span> <span class='ocrx_word' id='word_1_361' title='bbox 611 3157 706 3213; x_wconf 82' lang='lat' dir='ltr'><strong>recte</strong></span> <span class='ocrx_word' id='word_1_362' title='bbox 727 3144 867 3215; x_wconf 88' lang='lat' dir='ltr'><strong>ducitur</strong></span> <span class='ocrx_word' id='word_1_363' title='bbox 886 3165 908 3210; x_wconf 91' lang='lat' dir='ltr'><strong>a</strong></span> <span class='ocrx_word' id='word_1_364' title='bbox 930 3139 1031 3236; x_wconf 88' lang='lat' dir='ltr'><strong>quasi</strong></span> <span class='ocrx_word' id='word_1_365' title='bbox 1051 3164 1109 3232; x_wconf 79' lang='lat' dir='ltr'><strong>ge·</strong></span> <span class='ocrx_word' id='word_1_366' title='bbox 1139 3147 1238 3242; x_wconf 69' lang='lat' dir='ltr'><strong>‘&#39;&#39;&#39;quis</strong></span> <span class='ocrx_word' id='word_1_367' title='bbox 1254 3159 1371 3218; x_wconf 90' lang='lat' dir='ltr'><strong>arceat</strong></span> <span class='ocrx_word' id='word_1_368' title='bbox 1391 3147 1625 3217; x_wconf 89' lang='lat' dir='ltr'><strong>accedentem.</strong></span> <span class='ocrx_word' id='word_1_369' title='bbox 1675 3145 1771 3216; x_wconf 88' lang='lat' dir='ltr'><strong>Haec</strong></span> <span class='ocrx_word' id='word_1_370' title='bbox 1791 3157 1876 3216; x_wconf 87' lang='lat' dir='ltr'><strong>sunt</strong></span> <span class='ocrx_word' id='word_1_371' title='bbox 1893 3143 1997 3238; x_wconf 87' lang='lat' dir='ltr'><strong>quasi</strong></span> <span class='ocrx_word' id='word_1_372' title='bbox 2019 3143 2131 3236; x_wconf 87' lang='lat' dir='ltr'><strong>paria,</strong></span> 
     </span>
     <span class='ocr_line' id='line_1_30' title="bbox 136 3240 2131 3341; baseline 0.005 -35"><span class='ocrx_word' id='word_1_373' title='bbox 136 3263 234 3310; x_wconf 89' lang='lat' dir='ltr'><strong>nere.</strong></span> <span class='ocrx_word' id='word_1_374' title='bbox 282 3242 365 3314; x_wconf 89' lang='lat' dir='ltr'><strong>Non</strong></span> <span class='ocrx_word' id='word_1_375' title='bbox 378 3246 536 3338; x_wconf 77' lang='lat' dir='ltr'><strong>legitima</strong></span> <span class='ocrx_word' id='word_1_376' title='bbox 554 3257 606 3318; x_wconf 88' lang='lat' dir='ltr'><strong>est</strong></span> <span class='ocrx_word' id='word_1_377' title='bbox 618 3246 721 3341; x_wconf 85' lang='lat' dir='ltr'><strong>quasi</strong></span> <span class='ocrx_word' id='word_1_378' title='bbox 733 3245 923 3329; x_wconf 88' lang='lat' dir='ltr'><strong>naturalis,</strong></span> <span class='ocrx_word' id='word_1_379' title='bbox 955 3240 1023 3314; x_wconf 88' lang='lat' dir='ltr'><strong>hoc</strong></span> <span class='ocrx_word' id='word_1_380' title='bbox 1045 3256 1108 3330; x_wconf 89' lang='lat' dir='ltr'><strong>est,</strong></span> <span class='ocrx_word' id='word_1_381' title='bbox 1158 3274 1243 3319; x_wconf 86' lang='lat' dir='ltr'><strong>nam</strong></span> <span class='ocrx_word' id='word_1_382' title='bbox 1264 3264 1300 3321; x_wconf 90' lang='lat' dir='ltr'><strong>et</strong></span> <span class='ocrx_word' id='word_1_383' title='bbox 1317 3247 1437 3319; x_wconf 89' lang='lat' dir='ltr'><strong>Labeo</strong></span> <span class='ocrx_word' id='word_1_384' title='bbox 1459 3247 1690 3334; x_wconf 82' lang='lat' dir='ltr'><strong>existimavit,</strong></span> <span class='ocrx_word' id='word_1_385' title='bbox 1721 3269 1798 3318; x_wconf 91' lang='lat' dir='ltr'><strong>non</strong></span> <span class='ocrx_word' id='word_1_386' title='bbox 1820 3270 1922 3341; x_wconf 90' lang='lat' dir='ltr'><strong>posse</strong></span> <span class='ocrx_word' id='word_1_387' title='bbox 1942 3245 2001 3338; x_wconf 69' lang='lat' dir='ltr'><strong>agi</strong></span> <span class='ocrx_word' id='word_1_388' title='bbox 2024 3246 2131 3316; x_wconf 88' lang='lat' dir='ltr'><strong>inter·</strong></span> 
     </span>
     <span class='ocr_line' id='line_1_31' title="bbox 112 3339 2132 3445; baseline 0.005 -36"><span class='ocrx_word' id='word_1_389' title='bbox 112 3341 290 3436; x_wconf 53' lang='lat' dir='ltr'><strong>,aliquam</strong></span> <span class='ocrx_word' id='word_1_390' title='bbox 303 3361 441 3438; x_wconf 88' lang='lat' dir='ltr'><strong>partem</strong></span> <span class='ocrx_word' id='word_1_391' title='bbox 456 3345 681 3420; x_wconf 89' lang='lat' dir='ltr'><strong>baereditatis</strong></span> <span class='ocrx_word' id='word_1_392' title='bbox 695 3362 859 3442; x_wconf 89' lang='lat' dir='ltr'><strong>parentes</strong></span> <span class='ocrx_word' id='word_1_393' title='bbox 873 3346 1003 3417; x_wconf 90' lang='lat' dir='ltr'><strong>debent</strong></span> <span class='ocrx_word' id='word_1_394' title='bbox 1020 3346 1108 3416; x_wconf 88' lang='lat' dir='ltr'><strong>libe·</strong></span> <span class='ocrx_word' id='word_1_395' title='bbox 1159 3352 1253 3423; x_wconf 93' lang='lat' dir='ltr'><strong>dicto</strong></span> <span class='ocrx_word' id='word_1_396' title='bbox 1273 3355 1369 3425; x_wconf 86' lang='lat' dir='ltr'><strong>unde</strong></span> <span class='ocrx_word' id='word_1_397' title='bbox 1387 3351 1443 3437; x_wconf 82' lang='lat' dir='ltr'><strong>ri,</strong></span> <span class='ocrx_word' id='word_1_398' title='bbox 1480 3355 1668 3422; x_wconf 85' lang='lat' dir='ltr'><strong>adversum</strong></span> <span class='ocrx_word' id='word_1_399' title='bbox 1690 3375 1792 3436; x_wconf 85' lang='lat' dir='ltr'><strong>eum,</strong></span> <span class='ocrx_word' id='word_1_400' title='bbox 1832 3349 1896 3445; x_wconf 89' lang='lat' dir='ltr'><strong>qui</strong></span> <span class='ocrx_word' id='word_1_401' title='bbox 1918 3361 2016 3420; x_wconf 62' lang='lat' dir='ltr'><strong>arca</strong></span> <span class='ocrx_word' id='word_1_402' title='bbox 2038 3339 2132 3419; x_wconf 78' lang='lat' dir='ltr'><strong>aonc-</strong></span> 
     </span>
     <span class='ocr_line' id='line_1_32' title="bbox 135 3443 1371 3552; baseline 0.006 -40"><span class='ocrx_word' id='word_1_403' title='bbox 135 3443 185 3516; x_wconf 88' lang='lat' dir='ltr'><strong>ris</strong></span> <span class='ocrx_word' id='word_1_404' title='bbox 200 3447 420 3543; x_wconf 89' lang='lat' dir='ltr'><strong>relinquere,</strong></span> <span class='ocrx_word' id='word_1_405' title='bbox 444 3452 522 3524; x_wconf 91' lang='lat' dir='ltr'><strong>iure</strong></span> <span class='ocrx_word' id='word_1_406' title='bbox 545 3466 712 3533; x_wconf 87' lang='lat' dir='ltr'><strong>naturae;</strong></span> <span class='ocrx_word' id='word_1_407' title='bbox 746 3453 807 3523; x_wconf 88' lang='lat' dir='ltr'><strong>sed</strong></span> <span class='ocrx_word' id='word_1_408' title='bbox 828 3449 937 3521; x_wconf 89' lang='lat' dir='ltr'><strong>triens</strong></span> <span class='ocrx_word' id='word_1_409' title='bbox 958 3473 1035 3519; x_wconf 89' lang='lat' dir='ltr'><strong>non</strong></span> <span class='ocrx_word' id='word_1_410' title='bbox 1056 3463 1107 3522; x_wconf 90' lang='lat' dir='ltr'><strong>est</strong></span> <span class='ocrx_word' id='word_1_411' title='bbox 1157 3457 1300 3527; x_wconf 76' lang='lat' dir='ltr'><strong>dentem</strong></span> <span class='ocrx_word' id='word_1_412' title='bbox 1311 3455 1371 3552; x_wconf 76' lang='lat'><strong>⁶⁶).</strong></span> 
     </span>
     <span class='ocr_line' id='line_1_33' title="bbox 135 3549 2131 3649; baseline 0.006 -34"><span class='ocrx_word' id='word_1_413' title='bbox 135 3549 279 3639; x_wconf 90' lang='lat' dir='ltr'><strong>proprie</strong></span> <span class='ocrx_word' id='word_1_414' title='bbox 301 3551 391 3624; x_wconf 88' lang='lat' dir='ltr'><strong>iuris</strong></span> <span class='ocrx_word' id='word_1_415' title='bbox 408 3567 571 3627; x_wconf 89' lang='lat' dir='ltr'><strong>naturae.</strong></span> <span class='ocrx_word' id='word_1_416' title='bbox 628 3554 721 3624; x_wconf 88' lang='lat' dir='ltr'><strong>Hinc</strong></span> <span class='ocrx_word' id='word_1_417' title='bbox 741 3566 824 3626; x_wconf 88' lang='lat' dir='ltr'><strong>sunt</strong></span> <span class='ocrx_word' id='word_1_418' title='bbox 847 3552 928 3623; x_wconf 92' lang='lat' dir='ltr'><strong>illae</strong></span> <span class='ocrx_word' id='word_1_419' title='bbox 951 3551 1107 3645; x_wconf 87' lang='lat' dir='ltr'><strong>disputa·</strong></span> <span class='ocrx_word' id='word_1_420' title='bbox 1258 3557 1382 3643; x_wconf 74' lang='lat' dir='ltr'><strong>Aliud:</strong></span> <span class='ocrx_word' id='word_1_421' title='bbox 1408 3553 1541 3624; x_wconf 88' lang='lat' dir='ltr'><strong>Verum</strong></span> <span class='ocrx_word' id='word_1_422' title='bbox 1559 3565 1805 3649; x_wconf 82' lang='lat' dir='ltr'><strong>argumentum</strong></span> <span class='ocrx_word' id='word_1_423' title='bbox 1819 3552 1960 3626; x_wconf 88' lang='lat' dir='ltr'><strong>ducitur</strong></span> <span class='ocrx_word' id='word_1_424' title='bbox 1973 3575 2017 3624; x_wconf 82' lang='lat' dir='ltr'><strong>cx</strong></span> <span class='ocrx_word' id='word_1_425' title='bbox 2032 3551 2131 3649; x_wconf 89' lang='lat' dir='ltr'><strong>quasi</strong></span> 
     </span>
     <span class='ocr_line' id='line_1_34' title="bbox 134 3647 2131 3756; baseline 0.006 -40"><span class='ocrx_word' id='word_1_426' title='bbox 134 3647 268 3736; x_wconf 90' lang='lat' dir='ltr'><strong>tiones,</strong></span> <span class='ocrx_word' id='word_1_427' title='bbox 293 3678 340 3723; x_wconf 92' lang='lat' dir='ltr'><strong>an</strong></span> <span class='ocrx_word' id='word_1_428' title='bbox 354 3656 510 3748; x_wconf 82' lang='lat' dir='ltr'><strong>legitima</strong></span> <span class='ocrx_word' id='word_1_429' title='bbox 525 3655 637 3750; x_wconf 85' lang='lat' dir='ltr'><strong>possit</strong></span> <span class='ocrx_word' id='word_1_430' title='bbox 647 3682 712 3751; x_wconf 90' lang='lat' dir='ltr'><strong>per</strong></span> <span class='ocrx_word' id='word_1_431' title='bbox 724 3669 893 3730; x_wconf 89' lang='lat' dir='ltr'><strong>statutum</strong></span> <span class='ocrx_word' id='word_1_432' title='bbox 908 3654 1071 3727; x_wconf 91' lang='lat' dir='ltr'><strong>diminui.</strong></span> <span class='ocrx_word' id='word_1_433' title='bbox 1155 3661 1312 3756; x_wconf 87' lang='lat' dir='ltr'><strong>paribus.</strong></span> <span class='ocrx_word' id='word_1_434' title='bbox 1362 3657 1462 3731; x_wconf 85' lang='lat' dir='ltr'><strong>Licet</strong></span> <span class='ocrx_word' id='word_1_435' title='bbox 1473 3657 1586 3750; x_wconf 89' lang='lat' dir='ltr'><strong>repeti</strong></span> <span class='ocrx_word' id='word_1_436' title='bbox 1598 3657 1784 3748; x_wconf 90' lang='lat' dir='ltr'><strong>pecuniam</strong></span> <span class='ocrx_word' id='word_1_437' title='bbox 1808 3670 1907 3728; x_wconf 93' lang='lat' dir='ltr'><strong>metu</strong></span> <span class='ocrx_word' id='word_1_438' title='bbox 1926 3656 2056 3728; x_wconf 89' lang='lat' dir='ltr'><strong>mortis</strong></span> <span class='ocrx_word' id='word_1_439' title='bbox 2076 3680 2131 3728; x_wconf 83' lang='lat' dir='ltr'><strong>ex·</strong></span> 
     </span>
    </p>

    <p class='ocr_par' dir='ltr' id='par_1_5' title="bbox 128 3755 2130 4474">
     <span class='ocr_line' id='line_1_35' title="bbox 234 3755 2130 3858; baseline 0.001 -30"><span class='ocrx_word' id='word_1_440' title='bbox 234 3757 339 3840; x_wconf 80' lang='lat' dir='ltr'><strong>Quasi</strong></span> <span class='ocrx_word' id='word_1_441' title='bbox 359 3755 516 3858; x_wconf 69' lang='lat' dir='ltr'><strong>speeies]</strong></span> <span class='ocrx_word' id='word_1_442' title='bbox 545 3759 696 3832; x_wconf 89' lang='lat' dir='ltr'><strong>Maritus</strong></span> <span class='ocrx_word' id='word_1_443' title='bbox 717 3771 858 3853; x_wconf 90' lang='lat' dir='ltr'><strong>raptum</strong></span> <span class='ocrx_word' id='word_1_444' title='bbox 880 3757 1106 3829; x_wconf 84' lang='lat' dir='ltr'><strong>matrisfami-</strong></span> <span class='ocrx_word' id='word_1_445' title='bbox 1155 3777 1304 3836; x_wconf 73' lang='lat' dir='ltr'><strong>tortam:</strong></span> <span class='ocrx_word' id='word_1_446' title='bbox 1331 3787 1415 3856; x_wconf 75' lang='lat' dir='ltr'><strong>ergo</strong></span> <span class='ocrx_word' id='word_1_447' title='bbox 1428 3759 1511 3829; x_wconf 85' lang='lat' dir='ltr'><strong>licet</strong></span> <span class='ocrx_word' id='word_1_448' title='bbox 1531 3757 1673 3830; x_wconf 83' lang='lat' dir='ltr'><strong>mulieri</strong></span> <span class='ocrx_word' id='word_1_449' title='bbox 1690 3759 1804 3851; x_wconf 89' lang='lat' dir='ltr'><strong>repeti</strong></span> <span class='ocrx_word' id='word_1_450' title='bbox 1821 3759 2012 3853; x_wconf 87' lang='lat' dir='ltr'><strong>pecuniam</strong></span> <span class='ocrx_word' id='word_1_451' title='bbox 2034 3772 2130 3830; x_wconf 86' lang='lat' dir='ltr'><strong>metu</strong></span> 
     </span>
     <span class='ocr_line' id='line_1_36' title="bbox 130 3851 2129 3962; baseline -0.001 -29"><span class='ocrx_word' id='word_1_452' title='bbox 130 3851 196 3927; x_wconf 72' lang='lat' dir='ltr'><strong>litt</strong></span> <span class='ocrx_word' id='word_1_453' title='bbox 215 3857 335 3929; x_wconf 81' lang='lat' dir='ltr'><strong>ulcisci</strong></span> <span class='ocrx_word' id='word_1_454' title='bbox 353 3862 476 3947; x_wconf 89' lang='lat' dir='ltr'><strong>dehet,</strong></span> <span class='ocrx_word' id='word_1_455' title='bbox 509 3886 592 3954; x_wconf 83' lang='lat' dir='ltr'><strong>ergo</strong></span> <span class='ocrx_word' id='word_1_456' title='bbox 615 3862 848 3933; x_wconf 87' lang='lat' dir='ltr'><strong>concubinae:</strong></span> <span class='ocrx_word' id='word_1_457' title='bbox 885 3860 975 3933; x_wconf 88' lang='lat' dir='ltr'><strong>iuste</strong></span> <span class='ocrx_word' id='word_1_458' title='bbox 998 3860 1106 3954; x_wconf 81' lang='lat' dir='ltr'><strong>igitur</strong></span> <span class='ocrx_word' id='word_1_459' title='bbox 1154 3867 1269 3962; x_wconf 84' lang='lat' dir='ltr'><strong>stupri</strong></span> <span class='ocrx_word' id='word_1_460' title='bbox 1284 3878 1469 3938; x_wconf 85' lang='lat' dir='ltr'><strong>extortam.</strong></span> <span class='ocrx_word' id='word_1_461' title='bbox 1520 3861 1795 3933; x_wconf 84' lang='lat' dir='ltr'><strong>llaec&#39;videntur</strong></span> <span class='ocrx_word' id='word_1_462' title='bbox 1808 3887 1885 3932; x_wconf 89' lang='lat' dir='ltr'><strong>non</strong></span> <span class='ocrx_word' id='word_1_463' title='bbox 1901 3861 2053 3934; x_wconf 91' lang='lat' dir='ltr'><strong>omnino</strong></span> <span class='ocrx_word' id='word_1_464' title='bbox 2068 3886 2129 3956; x_wconf 80' lang='lat' dir='ltr'><strong>pa·</strong></span> 
     </span>
     <span class='ocr_line' id='line_1_37' title="bbox 129 3952 2129 4059; baseline 0.007 -35"><span class='ocrx_word' id='word_1_465' title='bbox 129 3952 282 4032; x_wconf 79' lang='lat' dir='ltr'><strong>Achilles</strong></span> <span class='ocrx_word' id='word_1_466' title='bbox 297 3961 460 4036; x_wconf 90' lang='lat' dir='ltr'><strong>irascitur</strong></span> <span class='ocrx_word' id='word_1_467' title='bbox 472 3961 732 4057; x_wconf 79' lang='lat' dir='ltr'><strong>Agamemnoni</strong></span> <span class='ocrx_word' id='word_1_468' title='bbox 753 3978 900 4059; x_wconf 90' lang='lat' dir='ltr'><strong>propter</strong></span> <span class='ocrx_word' id='word_1_469' title='bbox 916 3964 1103 4035; x_wconf 87' lang='lat' dir='ltr'><strong>abductam</strong></span> <span class='ocrx_word' id='word_1_470' title='bbox 1153 3969 1226 4053; x_wconf 89' lang='lat' dir='ltr'><strong>ria;</strong></span> <span class='ocrx_word' id='word_1_471' title='bbox 1267 3971 1328 4042; x_wconf 89' lang='lat' dir='ltr'><strong>sed</strong></span> <span class='ocrx_word' id='word_1_472' title='bbox 1350 3968 1408 4038; x_wconf 84' lang='lat' dir='ltr'><strong>lex</strong></span> <span class='ocrx_word' id='word_1_473' title='bbox 1427 3960 1573 4035; x_wconf 88' lang='lat' dir='ltr'><strong>honeste</strong></span> <span class='ocrx_word' id='word_1_474' title='bbox 1597 3963 1698 4035; x_wconf 86' lang='lat' dir='ltr'><strong>dicit:</strong></span> <span class='ocrx_word' id='word_1_475' title='bbox 1734 3964 1847 4039; x_wconf 86' lang='lat' dir='ltr'><strong>Bonis</strong></span> <span class='ocrx_word' id='word_1_476' title='bbox 1873 3977 1989 4037; x_wconf 91' lang='lat' dir='ltr'><strong>metus</strong></span> <span class='ocrx_word' id='word_1_477' title='bbox 2016 3962 2129 4058; x_wconf 84' lang='lat' dir='ltr'><strong>stupri</strong></span> 
     </span>
     <span class='ocr_line' id='line_1_38' title="bbox 129 4056 2128 4165; baseline 0.005 -36"><span class='ocrx_word' id='word_1_478' title='bbox 129 4056 322 4135; x_wconf 86' lang='lat' dir='ltr'><strong>Briseidem</strong></span> <span class='ocrx_word' id='word_1_479' title='bbox 336 4064 396 4163; x_wconf 79' lang='lat'><strong>⁶¹).</strong></span> <span class='ocrx_word' id='word_1_480' title='bbox 431 4065 510 4139; x_wconf 88' lang='lat' dir='ltr'><strong>Hoc</strong></span> <span class='ocrx_word' id='word_1_481' title='bbox 532 4081 778 4162; x_wconf 78' lang='lat' dir='ltr'><strong>argumentum</strong></span> <span class='ocrx_word' id='word_1_482' title='bbox 793 4067 933 4139; x_wconf 79' lang='lat' dir='ltr'><strong>ducitur</strong></span> <span class='ocrx_word' id='word_1_483' title='bbox 947 4092 990 4138; x_wconf 83' lang='lat' dir='ltr'><strong>ex</strong></span> <span class='ocrx_word' id='word_1_484' title='bbox 1004 4067 1105 4163; x_wconf 87' lang='lat' dir='ltr'><strong>quasi</strong></span> <span class='ocrx_word' id='word_1_485' title='bbox 1153 4072 1270 4142; x_wconf 89' lang='lat' dir='ltr'><strong>maior</strong></span> <span class='ocrx_word' id='word_1_486' title='bbox 1285 4085 1356 4156; x_wconf 91' lang='lat' dir='ltr'><strong>est,</strong></span> <span class='ocrx_word' id='word_1_487' title='bbox 1382 4093 1490 4165; x_wconf 88' lang='lat' dir='ltr'><strong>quam</strong></span> <span class='ocrx_word' id='word_1_488' title='bbox 1505 4067 1632 4138; x_wconf 88' lang='lat' dir='ltr'><strong>mortis</strong></span> <span class='ocrx_word' id='word_1_489' title='bbox 1642 4080 1777 4153; x_wconf 82' lang='lat' dir='ltr'><strong>metus,</strong></span> <span class='ocrx_word' id='word_1_490' title='bbox 1800 4067 1839 4137; x_wconf 92' lang='lat' dir='ltr'><strong>in</strong></span> <span class='ocrx_word' id='word_1_491' title='bbox 1851 4066 2005 4161; x_wconf 81' lang='lat' dir='ltr'><strong>Digestis</strong></span> <span class='ocrx_word' id='word_1_492' title='bbox 2022 4068 2128 4164; x_wconf 81' lang='lat' dir='ltr'><strong>Quod</strong></span> 
     </span>
     <span class='ocr_line' id='line_1_39' title="bbox 130 4161 1687 4266; baseline 0.006 -34"><span class='ocrx_word' id='word_1_493' title='bbox 130 4164 264 4257; x_wconf 81' lang='lat' dir='ltr'><strong>specie,</strong></span> <span class='ocrx_word' id='word_1_494' title='bbox 297 4168 380 4264; x_wconf 91' lang='lat' dir='ltr'><strong>quia</strong></span> <span class='ocrx_word' id='word_1_495' title='bbox 402 4170 597 4242; x_wconf 86' lang='lat' dir='ltr'><strong>concubina</strong></span> <span class='ocrx_word' id='word_1_496' title='bbox 624 4184 677 4243; x_wconf 92' lang='lat' dir='ltr'><strong>est</strong></span> <span class='ocrx_word' id='word_1_497' title='bbox 698 4168 800 4266; x_wconf 92' lang='lat' dir='ltr'><strong>quasi</strong></span> <span class='ocrx_word' id='word_1_498' title='bbox 818 4168 951 4263; x_wconf 90' lang='lat' dir='ltr'><strong>speeies</strong></span> <span class='ocrx_word' id='word_1_499' title='bbox 971 4161 1103 4243; x_wconf 82' lang='lat' dir='ltr'><strong>uxoris.</strong></span> <span class='ocrx_word' id='word_1_500' title='bbox 1153 4188 1266 4246; x_wconf 90' lang='lat' dir='ltr'><strong>metus</strong></span> <span class='ocrx_word' id='word_1_501' title='bbox 1283 4197 1387 4245; x_wconf 90' lang='lat' dir='ltr'><strong>causa</strong></span> <span class='ocrx_word' id='word_1_502' title='bbox 1402 4183 1536 4266; x_wconf 78' lang='lat' dir='ltr'><strong>gestum</strong></span> <span class='ocrx_word' id='word_1_503' title='bbox 1554 4169 1687 4266; x_wconf 57' lang='lat' dir='ltr'><strong>ericii)</strong></span> 
     </span>
     <span class='ocr_line' id='line_1_40' title="bbox 128 4263 2126 4369; baseline 0.005 -36"><span class='ocrx_word' id='word_1_504' title='bbox 128 4263 176 4335; x_wconf 89' lang='grc' dir='ltr'><strong>Ει</strong></span> <span class='ocrx_word' id='word_1_505' title='bbox 206 4281 319 4343; x_wconf 85' lang='lat' dir='ltr'><strong>textus</strong></span> <span class='ocrx_word' id='word_1_506' title='bbox 342 4272 380 4341; x_wconf 90' lang='lat' dir='ltr'><strong>in</strong></span> <span class='ocrx_word' id='word_1_507' title='bbox 400 4273 476 4344; x_wconf 92' lang='lat' dir='ltr'><strong>iure</strong></span> <span class='ocrx_word' id='word_1_508' title='bbox 499 4274 593 4344; x_wconf 91' lang='lat' dir='ltr'><strong>civili</strong></span> <span class='ocrx_word' id='word_1_509' title='bbox 604 4268 680 4344; x_wconf 86' lang='lat' dir='ltr'><strong>¹hoe</strong></span> <span class='ocrx_word' id='word_1_510' title='bbox 701 4285 909 4365; x_wconf 76' lang='lat' dir='ltr'><strong>argumento</strong></span> <span class='ocrx_word' id='word_1_511' title='bbox 933 4297 1018 4343; x_wconf 88' lang='lat' dir='ltr'><strong>usus</strong></span> <span class='ocrx_word' id='word_1_512' title='bbox 1039 4284 1103 4357; x_wconf 89' lang='lat' dir='ltr'><strong>est,</strong></span> <span class='ocrx_word' id='word_1_513' title='bbox 1252 4277 1355 4348; x_wconf 86' lang='lat' dir='ltr'><strong>Falsa</strong></span> <span class='ocrx_word' id='word_1_514' title='bbox 1374 4285 1581 4369; x_wconf 79' lang='lat' dir='ltr'><strong>argumenta</strong></span> <span class='ocrx_word' id='word_1_515' title='bbox 1593 4273 1705 4344; x_wconf 91' lang='lat' dir='ltr'><strong>multa</strong></span> <span class='ocrx_word' id='word_1_516' title='bbox 1720 4267 1804 4343; x_wconf 92' lang='lat' dir='ltr'><strong>binc</strong></span> <span class='ocrx_word' id='word_1_517' title='bbox 1816 4273 2008 4358; x_wconf 87' lang='lat' dir='ltr'><strong>ducuntur,</strong></span> <span class='ocrx_word' id='word_1_518' title='bbox 2031 4272 2126 4369; x_wconf 88' lang='lat' dir='ltr'><strong>quia,</strong></span> 
     </span>
     <span class='ocr_line' id='line_1_41' title="bbox 128 4369 2126 4474; baseline 0.006 -38"><span class='ocrx_word' id='word_1_519' title='bbox 128 4369 243 4444; x_wconf 76' lang='lat' dir='ltr'><strong>citans¹</strong></span> <span class='ocrx_word' id='word_1_520' title='bbox 256 4371 405 4446; x_wconf 87' lang='lat' dir='ltr'><strong>Homeri</strong></span> <span class='ocrx_word' id='word_1_521' title='bbox 424 4402 559 4449; x_wconf 85' lang='lat' dir='ltr'><strong>versus:</strong></span> <span class='ocrx_word' id='word_1_522' title='bbox 1151 4393 1314 4474; x_wconf 91' lang='lat' dir='ltr'><strong>utsupra</strong></span> <span class='ocrx_word' id='word_1_523' title='bbox 1334 4377 1426 4463; x_wconf 82' lang='lat' dir='ltr'><strong>diri,</strong></span> <span class='ocrx_word' id='word_1_524' title='bbox 1450 4375 1643 4448; x_wconf 91' lang='lat' dir='ltr'><strong>similitudo</strong></span> <span class='ocrx_word' id='word_1_525' title='bbox 1657 4398 1760 4467; x_wconf 89' lang='lat' dir='ltr'><strong>saepe</strong></span> <span class='ocrx_word' id='word_1_526' title='bbox 1776 4376 1895 4447; x_wconf 85' lang='lat' dir='ltr'><strong>sucum</strong></span> <span class='ocrx_word' id='word_1_527' title='bbox 1910 4375 1995 4446; x_wconf 86' lang='lat' dir='ltr'><strong>facit</strong></span> <span class='ocrx_word' id='word_1_528' title='bbox 2007 4374 2126 4447; x_wconf 89' lang='lat' dir='ltr'><strong>incau-</strong></span> 
     </span>
    </p>
   </div>
   <div class='ocr_carea' id='block_1_3' title="bbox 206 4477 2122 4677">
    <p class='ocr_par' dir='ltr' id='par_1_6' title="bbox 206 4477 2122 4677">
     <span class='ocr_line' id='line_1_42' title="bbox 209 4477 2122 4577; baseline -0.002 -27"><span class='ocrx_word' id='word_1_529' title='bbox 209 4492 344 4573; x_wconf 76' lang='lat' dir='ltr'><strong>Coriogts</strong></span> <span class='ocrx_word' id='word_1_530' title='bbox 365 4508 487 4576; x_wconf 84' lang='lat' dir='ltr'><strong>ereptae</strong></span> <span class='ocrx_word' id='word_1_531' title='bbox 507 4495 585 4577; x_wconf 88' lang='lat' dir='ltr'><strong>quod</strong></span> <span class='ocrx_word' id='word_1_532' title='bbox 605 4496 705 4558; x_wconf 69' lang='lat' dir='ltr'><strong>aaran</strong></span> <span class='ocrx_word' id='word_1_533' title='bbox 721 4495 823 4556; x_wconf 83' lang='lat' dir='ltr'><strong>dolore</strong></span> <span class='ocrx_word' id='word_1_534' title='bbox 842 4491 978 4570; x_wconf 79' lang='lat' dir='ltr'><strong>moveris,</strong></span> <span class='ocrx_word' id='word_1_535' title='bbox 1150 4485 1208 4557; x_wconf 90' lang='lat' dir='ltr'><strong>tis.</strong></span> <span class='ocrx_word' id='word_1_536' title='bbox 1257 4483 1370 4554; x_wconf 88' lang='lat' dir='ltr'><strong>Dolus</strong></span> <span class='ocrx_word' id='word_1_537' title='bbox 1388 4494 1425 4551; x_wconf 88' lang='lat' dir='ltr'><strong>et</strong></span> <span class='ocrx_word' id='word_1_538' title='bbox 1445 4482 1518 4552; x_wconf 90' lang='lat' dir='ltr'><strong>lata</strong></span> <span class='ocrx_word' id='word_1_539' title='bbox 1539 4479 1642 4572; x_wconf 93' lang='lat' dir='ltr'><strong>culpa</strong></span> <span class='ocrx_word' id='word_1_540' title='bbox 1664 4477 1959 4574; x_wconf 82' lang='lat' dir='ltr'><strong>aequiparantur3</strong></span> <span class='ocrx_word' id='word_1_541' title='bbox 1992 4478 2122 4575; x_wconf 87' lang='lat' dir='ltr'><strong>Caepio</strong></span> 
     </span>
     <span class='ocr_line' id='line_1_43' title="bbox 206 4592 981 4677; baseline 0.003 -24"><span class='ocrx_word' id='word_1_542' title='bbox 206 4592 246 4654; x_wconf 81' lang='lat' dir='ltr'><strong>Et</strong></span> <span class='ocrx_word' id='word_1_543' title='bbox 266 4597 357 4673; x_wconf 81' lang='lat' dir='ltr'><strong>probo</strong></span> <span class='ocrx_word' id='word_1_544' title='bbox 378 4608 410 4658; x_wconf 86' lang='lat' dir='ltr'><strong>et</strong></span> <span class='ocrx_word' id='word_1_545' title='bbox 426 4599 457 4659; x_wconf 91' lang='lat' dir='ltr'><strong>iu</strong></span> <span class='ocrx_word' id='word_1_546' title='bbox 478 4599 563 4659; x_wconf 82' lang='lat' dir='ltr'><strong>simili</strong></span> <span class='ocrx_word' id='word_1_547' title='bbox 583 4598 703 4677; x_wconf 83' lang='lat' dir='ltr'><strong>reliquis</strong></span> <span class='ocrx_word' id='word_1_548' title='bbox 723 4596 876 4657; x_wconf 80' lang='lat' dir='ltr'><strong>concedite</strong></span> <span class='ocrx_word' id='word_1_549' title='bbox 895 4613 981 4663; x_wconf 66' lang='lat' dir='ltr'><strong>unsa</strong></span> 
     </span>
    </p>
   </div>
   <div class='ocr_carea' id='block_1_4' title="bbox 205 4690 1938 4782">
    <p class='ocr_par' dir='ltr' id='par_1_7' title="bbox 205 4690 1938 4782">
     <span class='ocr_line' id='line_1_44' title="bbox 205 4690 1938 4782; baseline 0 -16"><span class='ocrx_word' id='word_1_550' title='bbox 205 4690 311 4766; x_wconf 66' lang='lat' dir='ltr'><strong>lusu,</strong></span> <span class='ocrx_word' id='word_1_551' title='bbox 332 4696 488 4777; x_wconf 70' lang='lat' dir='ltr'><strong>legesque,</strong></span> <span class='ocrx_word' id='word_1_552' title='bbox 514 4694 741 4777; x_wconf 69' lang='lat' dir='ltr'><strong>pudicitiamque</strong></span> <span class='ocrx_word' id='word_1_553' title='bbox 760 4697 847 4757; x_wconf 76' lang='lat' dir='ltr'><strong>tueri·</strong></span> <span class='ocrx_word' id='word_1_554' title='bbox 1182 4716 1232 4778; x_wconf 76' lang='lat' dir='ltr'><strong>ss)</strong></span> <span class='ocrx_word' id='word_1_555' title='bbox 1249 4715 1377 4770; x_wconf 79' lang='lat' dir='ltr'><strong>coam.</strong></span> <span class='ocrx_word' id='word_1_556' title='bbox 1393 4715 1492 4768; x_wconf 69' lang='lat' dir='ltr'><strong>utu</strong></span> <span class='ocrx_word' id='word_1_557' title='bbox 1508 4713 1815 4782; x_wconf 60' lang='lat' dir='ltr'><strong>centumuirorum,</strong></span> <span class='ocrx_word' id='word_1_558' title='bbox 1838 4715 1883 4767; x_wconf 76' lang='lat' dir='ltr'><strong>tex</strong></span> <span class='ocrx_word' id='word_1_559' title='bbox 1897 4715 1938 4767; x_wconf 81' lang='lat' dir='ltr'><strong>ro.</strong></span> 
     </span>
    </p>
   </div>
   <div class='ocr_carea' id='block_1_5' title="bbox 222 4795 2118 4936">
    <p class='ocr_par' dir='ltr' id='par_1_8' title="bbox 222 4795 2118 4936">
     <span class='ocr_line' id='line_1_45' title="bbox 222 4795 2118 4936; baseline -0.004 -64"><span class='ocrx_word' id='word_1_560' title='bbox 222 4796 329 4883; x_wconf 62' lang='lat' dir='ltr'><strong>Quas</strong></span> <span class='ocrx_word' id='word_1_561' title='bbox 340 4795 631 4897; x_wconf 68' lang='lat' dir='ltr'><strong>praecurrentia]</strong></span> <span class='ocrx_word' id='word_1_562' title='bbox 657 4795 912 4870; x_wconf 86' lang='lat' dir='ltr'><strong>Themistocles</strong></span> <span class='ocrx_word' id='word_1_563' title='bbox 926 4797 1016 4871; x_wconf 88' lang='lat' dir='ltr'><strong>clam</strong></span> <span class='ocrx_word' id='word_1_564' title='bbox 1030 4799 1097 4868; x_wconf 91' lang='lat' dir='ltr'><strong>mi·</strong></span> <span class='ocrx_word' id='word_1_565' title='bbox 1181 4802 1566 4936; x_wconf 47' lang='lat' dir='ltr'><strong>uffllffliiiffiiiiidi]</strong></span> <span class='ocrx_word' id='word_1_566' title='bbox 1589 4801 1631 4854; x_wconf 79' lang='lat'><strong>⁸¹⁰</strong></span> <span class='ocrx_word' id='word_1_567' title='bbox 1652 4801 1696 4854; x_wconf 78' lang='lat'><strong>¹¹¹⁰</strong></span> <span class='ocrx_word' id='word_1_568' title='bbox 1714 4802 1883 4868; x_wconf 57' lang='lat' dir='ltr'><strong>&amp;meni-3</strong></span> <span class='ocrx_word' id='word_1_569' title='bbox 1912 4800 2006 4855; x_wconf 59' lang='lat' dir='ltr'><strong>⁰⁰⁶ss</strong></span> <span class='ocrx_word' id='word_1_570' title='bbox 2025 4803 2118 4856; x_wconf 58' lang='lat' dir='ltr'><strong>misit</strong></span> 
     </span>
    </p>
   </div>
   <div class='ocr_carea' id='block_1_6' title="bbox 119 4894 2119 5080">
    <p class='ocr_par' dir='ltr' id='par_1_9' title="bbox 119 4894 2119 5080">
     <span class='ocr_line' id='line_1_46' title="bbox 119 4894 2119 5065; baseline 0.017 -102"><span class='ocrx_word' id='word_1_571' title='bbox 119 4894 168 5065; x_wconf 78' lang='lat' dir='ltr'><strong>tsit</strong></span> <span class='ocrx_word' id='word_1_572' title='bbox 199 4896 320 4972; x_wconf 87' lang='lat' dir='ltr'><strong>literas</strong></span> <span class='ocrx_word' id='word_1_573' title='bbox 351 4902 398 4971; x_wconf 91' lang='lat' dir='ltr'><strong>ad</strong></span> <span class='ocrx_word' id='word_1_574' title='bbox 427 4901 566 4971; x_wconf 81' lang='lat' dir='ltr'><strong>Xerxen</strong></span> <span class='ocrx_word' id='word_1_575' title='bbox 580 4900 643 5000; x_wconf 70' lang='grc' dir='ltr'><strong>ο“);</strong></span> <span class='ocrx_word' id='word_1_576' title='bbox 684 4924 769 4994; x_wconf 80' lang='lat' dir='ltr'><strong>ergo</strong></span> <span class='ocrx_word' id='word_1_577' title='bbox 799 4901 946 4973; x_wconf 89' lang='lat' dir='ltr'><strong>molitur</strong></span> <span class='ocrx_word' id='word_1_578' title='bbox 975 4903 1097 4995; x_wconf 93' lang='lat' dir='ltr'><strong>prodi·</strong></span> <span class='ocrx_word' id='word_1_579' title='bbox 1179 4957 1229 5017; x_wconf 56' lang='grc' dir='ltr'><strong>ω)</strong></span> <span class='ocrx_word' id='word_1_580' title='bbox 1245 4958 1277 5007; x_wconf 43' lang='lat'><em>3</em></span> <span class='ocrx_word' id='word_1_581' title='bbox 1297 4955 1433 5022; x_wconf 58' lang='lat' dir='ltr'><strong>cmm,</strong></span> <span class='ocrx_word' id='word_1_582' title='bbox 1457 4955 1678 5022; x_wconf 48' lang='lat' dir='ltr'><strong>mmmm</strong></span> <span class='ocrx_word' id='word_1_583' title='bbox 1706 4956 1874 5010; x_wconf 56' lang='lat' dir='ltr'><strong>,cmm</strong></span> <span class='ocrx_word' id='word_1_584' title='bbox 1893 4954 2025 5010; x_wconf 58' lang='lat' dir='ltr'><strong>mm</strong></span> <span class='ocrx_word' id='word_1_585' title='bbox 2049 4956 2119 5011; x_wconf 63' lang='lat' dir='ltr'><strong>dm</strong></span> 
     </span>
     <span class='ocr_line' id='line_1_47' title="bbox 136 5024 1388 5080; baseline 0.009 -12"><span class='ocrx_word' id='word_1_586' title='bbox 136 5024 266 5076; x_wconf 76' lang='lat' dir='ltr'><strong>sonem.</strong></span> <span class='ocrx_word' id='word_1_587' title='bbox 1214 5039 1240 5080; x_wconf 83' lang='lat' dir='ltr'><strong>a.</strong></span> <span class='ocrx_word' id='word_1_588' title='bbox 1254 5039 1279 5078; x_wconf 83' lang='lat' dir='ltr'><strong>u</strong></span> <span class='ocrx_word' id='word_1_589' title='bbox 1294 5039 1319 5080; x_wconf 89' lang='lat' dir='ltr'><strong>e.</strong></span> <span class='ocrx_word' id='word_1_590' title='bbox 1329 5026 1388 5079; x_wconf 74' lang='lat' dir='ltr'><strong>tet.</strong></span> 
     </span>
    </p>
   </div>
   <div class='ocr_carea' id='block_1_7' title="bbox 1176 5127 2115 5195">
    <p class='ocr_par' dir='ltr' id='par_1_10' title="bbox 1176 5127 2115 5195">
     <span class='ocr_line' id='line_1_48' title="bbox 1176 5127 2115 5195; baseline -0.002 -13"><span class='ocrx_word' id='word_1_591' title='bbox 1176 5129 1226 5191; x_wconf 78' lang='lat' dir='ltr'><strong>rs)</strong></span> <span class='ocrx_word' id='word_1_592' title='bbox 1243 5128 1536 5195; x_wconf 75' lang='lat' dir='ltr'><strong>comnuucxnm</strong></span> <span class='ocrx_word' id='word_1_593' title='bbox 1553 5128 1653 5183; x_wconf 71' lang='lat' dir='ltr'><strong>sacra</strong></span> <span class='ocrx_word' id='word_1_594' title='bbox 1672 5127 2115 5195; x_wconf 69' lang='lat' dir='ltr'><strong>reuersum-,rut</strong></span> 
     </span>
    </p>
   </div>
   <div class='ocr_carea' id='block_1_8' title="bbox 147 5230 2114 5366">
    <p class='ocr_par' dir='ltr' id='par_1_11' title="bbox 147 5230 2114 5366">
     <span class='ocr_line' id='line_1_49' title="bbox 147 5230 2114 5308; baseline -0.004 -18"><span class='ocrx_word' id='word_1_595' title='bbox 147 5240 197 5308; x_wconf 70' lang='grc' dir='ltr'><strong>ω)</strong></span> <span class='ocrx_word' id='word_1_596' title='bbox 217 5238 382 5304; x_wconf 70' lang='lat' dir='ltr'><strong>mebant]</strong></span> <span class='ocrx_word' id='word_1_597' title='bbox 399 5238 429 5291; x_wconf 83' lang='lat' dir='ltr'><strong>tn</strong></span> <span class='ocrx_word' id='word_1_598' title='bbox 443 5238 496 5292; x_wconf 81' lang='lat' dir='ltr'><strong>boe</strong></span> <span class='ocrx_word' id='word_1_599' title='bbox 512 5238 663 5296; x_wconf 70' lang='lat' dir='ltr'><strong>comment.</strong></span> <span class='ocrx_word' id='word_1_600' title='bbox 679 5237 799 5307; x_wconf 68' lang='lat' dir='ltr'><strong>legitur:</strong></span> <span class='ocrx_word' id='word_1_601' title='bbox 821 5240 988 5298; x_wconf 60' lang='lat' dir='ltr'><strong>meunt,</strong></span> <span class='ocrx_word' id='word_1_602' title='bbox 1176 5231 1225 5292; x_wconf 72' lang='lat' dir='ltr'><strong>st)</strong></span> <span class='ocrx_word' id='word_1_603' title='bbox 1242 5232 1403 5297; x_wconf 74' lang='lat' dir='ltr'><strong>Digestlv.</strong></span> <span class='ocrx_word' id='word_1_604' title='bbox 1421 5231 1464 5284; x_wconf 76' lang='lat' dir='ltr'><strong>stt</strong></span> <span class='ocrx_word' id='word_1_605' title='bbox 1478 5230 1504 5283; x_wconf 73' lang='lat'><strong>2.</strong></span> <span class='ocrx_word' id='word_1_606' title='bbox 1522 5231 1599 5295; x_wconf 71' lang='lat' dir='ltr'><strong>Quod</strong></span> <span class='ocrx_word' id='word_1_607' title='bbox 1615 5233 1705 5282; x_wconf 83' lang='lat' dir='ltr'><strong>metor</strong></span> <span class='ocrx_word' id='word_1_608' title='bbox 1721 5241 1807 5283; x_wconf 69' lang='lat' dir='ltr'><strong>musa</strong></span> <span class='ocrx_word' id='word_1_609' title='bbox 1823 5233 1930 5297; x_wconf 74' lang='lat' dir='ltr'><strong>gestum</strong></span> <span class='ocrx_word' id='word_1_610' title='bbox 1944 5231 2008 5297; x_wconf 78' lang='lat' dir='ltr'><strong>ortt,</strong></span> <span class='ocrx_word' id='word_1_611' title='bbox 2026 5231 2114 5298; x_wconf 62' lang='lat' dir='ltr'><strong>teus</strong></span> 
     </span>
     <span class='ocr_line' id='line_1_50' title="bbox 1209 5299 2110 5366; baseline 0.001 -13"><span class='ocrx_word' id='word_1_612' title='bbox 1209 5302 1236 5364; x_wconf 71' lang='lat'><strong>8.</strong></span> <span class='ocrx_word' id='word_1_613' title='bbox 1247 5301 1289 5354; x_wconf 71' lang='lat' dir='ltr'><strong>ss</strong></span> <span class='ocrx_word' id='word_1_614' title='bbox 1314 5301 1417 5366; x_wconf 69' lang='lat' dir='ltr'><strong>Quodsi</strong></span> <span class='ocrx_word' id='word_1_615' title='bbox 1433 5299 1554 5365; x_wconf 81' lang='lat' dir='ltr'><strong>dederit,</strong></span> <span class='ocrx_word' id='word_1_616' title='bbox 1582 5313 1618 5352; x_wconf 86' lang='lat' dir='ltr'><strong>ne</strong></span> <span class='ocrx_word' id='word_1_617' title='bbox 1638 5303 1761 5363; x_wconf 81' lang='lat' dir='ltr'><strong>stuprum</strong></span> <span class='ocrx_word' id='word_1_618' title='bbox 1786 5301 1906 5364; x_wconf 64' lang='lat' dir='ltr'><strong>metetur</strong></span> <span class='ocrx_word' id='word_1_619' title='bbox 1923 5300 1968 5351; x_wconf 85' lang='lat' dir='ltr'><strong>vtr</strong></span> <span class='ocrx_word' id='word_1_620' title='bbox 1984 5313 2034 5352; x_wconf 86' lang='lat' dir='ltr'><strong>seu</strong></span> <span class='ocrx_word' id='word_1_621' title='bbox 2053 5313 2110 5354; x_wconf 79' lang='grc' dir='ltr'>ιιι-</span> 
     </span>
    </p>
   </div>
   <div class='ocr_carea' id='block_1_9' title="bbox 137 5345 2110 5519">
    <p class='ocr_par' dir='ltr' id='par_1_12' title="bbox 137 5345 2110 5519">
     <span class='ocr_line' id='line_1_51' title="bbox 146 5345 2110 5435; baseline 0.004 -20"><span class='ocrx_word' id='word_1_622' title='bbox 146 5347 194 5413; x_wconf 77' lang='lat'><strong>⁶¹)</strong></span> <span class='ocrx_word' id='word_1_623' title='bbox 213 5349 290 5400; x_wconf 62' lang='grc' dir='ltr'><strong>ΠΜ·</strong></span> <span class='ocrx_word' id='word_1_624' title='bbox 306 5346 338 5398; x_wconf 85' lang='lat'><strong>¹¹·</strong></span> <span class='ocrx_word' id='word_1_625' title='bbox 350 5347 373 5413; x_wconf 72' lang='lat'><strong>¹⁵</strong></span> <span class='ocrx_word' id='word_1_626' title='bbox 389 5345 442 5398; x_wconf 80' lang='lat'><strong>⁸¹⁸</strong></span> <span class='ocrx_word' id='word_1_627' title='bbox 454 5358 514 5412; x_wconf 78' lang='lat' dir='ltr'><strong>&#39;‘ii·</strong></span> <span class='ocrx_word' id='word_1_628' title='bbox 1048 5418 1051 5423; x_wconf 87' lang='grc'><strong>,</strong></span> <span class='ocrx_word' id='word_1_629' title='bbox 1206 5371 1275 5435; x_wconf 83' lang='lat' dir='ltr'><strong>tter,</strong></span> <span class='ocrx_word' id='word_1_630' title='bbox 1293 5371 1344 5421; x_wconf 82' lang='lat' dir='ltr'><strong>troo</strong></span> <span class='ocrx_word' id='word_1_631' title='bbox 1360 5371 1477 5423; x_wconf 77' lang='lat' dir='ltr'><strong>edictu</strong></span> <span class='ocrx_word' id='word_1_632' title='bbox 1493 5371 1580 5421; x_wconf 80' lang='lat' dir='ltr'><strong>toeun</strong></span> <span class='ocrx_word' id='word_1_633' title='bbox 1597 5370 1694 5433; x_wconf 70' lang='lat' dir='ltr'><strong>trust,</strong></span> <span class='ocrx_word' id='word_1_634' title='bbox 1712 5381 1792 5432; x_wconf 75' lang='lat' dir='ltr'><strong>quun</strong></span> <span class='ocrx_word' id='word_1_635' title='bbox 1808 5370 1879 5423; x_wconf 81' lang='lat' dir='ltr'><strong>vnn</strong></span> <span class='ocrx_word' id='word_1_636' title='bbox 1894 5370 1974 5426; x_wconf 72' lang='lat' dir='ltr'><strong>mun</strong></span> <span class='ocrx_word' id='word_1_637' title='bbox 1986 5369 2110 5424; x_wconf 66' lang='lat' dir='ltr'><strong>tes-s·</strong></span> 
     </span>
     <span class='ocr_line' id='line_1_52' title="bbox 137 5437 1909 5519; baseline -0.008 -15"><span class='ocrx_word' id='word_1_638' title='bbox 137 5451 279 5513; x_wconf 70' lang='lat' dir='ltr'><strong>melre.</strong></span> <span class='ocrx_word' id='word_1_639' title='bbox 299 5451 430 5505; x_wconf 75' lang='lat' dir='ltr'><strong>ramat.</strong></span> <span class='ocrx_word' id='word_1_640' title='bbox 451 5448 532 5510; x_wconf 67' lang='lat' dir='ltr'><strong>etz</strong></span> <span class='ocrx_word' id='word_1_641' title='bbox 1205 5437 1802 5519; x_wconf 72' lang='lat' dir='ltr'><strong>urnuu,rn=rsorus,surtuscc</strong></span> <span class='ocrx_word' id='word_1_642' title='bbox 1904 5470 1909 5477; x_wconf 80' lang='lat'><strong>·</strong></span> 
     </span>
    </p>
   </div>
   <div class='ocr_carea' id='block_1_10' title="bbox 0 0 2276 5766">
    <p class='ocr_par' dir='ltr' id='par_1_13' title="bbox 0 0 2276 5766">
     <span class='ocr_line' id='line_1_53' title="bbox 0 0 2276 5766; baseline 0 5"><span class='ocrx_word' id='word_1_643' title='bbox 0 0 2276 5766; x_wconf 95' lang='lat' dir='ltr'><strong> </strong></span> 
     </span>
    </p>
   </div>
  </div>
 </body>
</html>
