4544 5766
2146 113 2151 124 Ι

1212 370 1259 440 Et
1273 371 1357 465 quia
1374 372 1412 440 in
1436 373 1602 442 societate
1626 368 1784 444 brrmana
1805 398 1881 446 non
1901 377 2016 447 solum
2039 405 2097 454 res

66 190 148 273 225
250 234 257 248 .
570 276 573 280 ,
633 193 678 271 11.
726 196 934 271 armeta
966 195 1248 272 uocrnuttn
1280 196 1557 273 murum.

66 365 292 460 llicsemper
315 366 501 460 proximus
527 391 547 437 a
571 369 737 461 proximo
761 369 869 441 distat
889 371 1059 445 ternario.
1126 373 1131 381 ’

63 470 168 539 llanc
182 471 339 540 formam
355 473 604 541 accommodat
616 471 824 544 Aristoteles
839 478 886 544 ad
900 500 1058 544 commu·
1111 474 1344 557 commutari,
1371 477 1432 545 sed
1454 488 1489 544 et
1507 500 1677 567 personas
1699 477 1859 550 ordinari
1875 504 2016 550 necesse
2030 496 2095 568 est,
2148 494 2152 509 '

63 573 238 656 tativam,
263 587 300 644 et
319 575 421 643 facile
446 586 521 657 est,
547 576 724 644 rationem
741 577 991 668 applicationis
1005 578 1057 646 vi·
1109 575 1213 646 Plato
1232 591 1266 647 et
1280 577 1489 648 Aristoteles
1512 603 1752 649 summarum
1776 594 1960 652 venustate
1985 610 2094 678 quae·

61 678 161 747 dere.
214 676 313 747 Sicut
326 676 422 746 enim
439 672 498 746 bic
519 702 643 749 omnes
658 679 805 749 termini
821 680 954 749 distant
972 680 1057 750 sim·
1108 678 1268 749 siverunt
1285 681 1510 750 collationem
1526 706 1760 772 personarum
1778 697 1814 753 et
1828 685 2040 771 officiorum,
2057 702 2094 760 et
2200 774 2204 780 ,

61 778 207 870 pliciter
222 780 431 874 aequalibus
447 782 626 864 numeris,
652 782 702 851 sic
717 783 901 876 quaeritur
915 808 1054 853 summa
1107 795 1147 850 ut
1160 783 1287 853 mercis
1300 796 1335 853 et
1349 783 1456 874 pretii
1477 785 1671 877 aequalitas
1691 788 1821 855 tuenda
1845 801 1912 871 est,
1939 787 1988 858 ita
2010 813 2092 881 per·

61 881 261 975 aequalitas
277 881 371 954 inter
387 896 584 975 emptorem
602 896 637 953 et
651 886 887 968 venditorem,
912 900 954 956 ut
970 910 1054 955 con·
1106 909 1214 953 sonae
1232 899 1267 954 et
1283 887 1387 955 officii
1410 887 1714 971 convenientiam,
1740 890 1990 982 aequalitatem
2016 917 2090 963 esre

62 985 200 1054 servari
213 1009 325 1075 genus
339 981 536 1056 humanum
553 987 676 1078 possit.

163 1087 235 1170 Sic,
248 1100 289 1157 ut
303 1087 440 1179 integer
456 1091 546 1157 ordo
561 1103 716 1173 maneat,
732 1088 866 1159 iudicat
877 1089 1050 1183 sapientia

63 1187 148 1272 Dei,
173 1191 428 1283 aequalitatem
445 1216 517 1261 esse
536 1205 702 1283 oportere
716 1217 852 1282 poenae
870 1206 906 1262 et
921 1194 1051 1263 delicti.

64 1291 153 1361 llinc
166 1304 270 1363 vetus
285 1306 338 1364 est
354 1318 470 1384 poena
488 1295 643 1377 talionis,
669 1307 709 1363 ut
724 1296 931 1388 aequalitas,
959 1321 1050 1390 quae

65 1394 158 1486 prins
182 1395 269 1479 fuit,
308 1397 494 1466 sarciatur.
570 1395 623 1466 lta
647 1398 740 1466 lueet
761 1397 894 1468 iustitia
919 1398 986 1467 Dei
1011 1399 1050 1467 in

66 1496 372 1589 compensatione,
409 1523 517 1592 quam
552 1500 667 1570 voluit
694 1500 786 1569 solvi
818 1526 884 1592 pro
914 1502 1050 1571 delictis

65 1601 198 1690 generis
206 1595 370 1684 humani,
387 1626 466 1671 eum
475 1600 587 1672 Filius
601 1627 668 1695 pro
684 1602 788 1672 nobis
802 1627 957 1694 poenam
972 1605 1049 1674 luit.

66 1702 303 1773 Constitutum
336 1717 388 1773 est
417 1705 512 1772 enim
542 1705 697 1796 pretium
728 1706 976 1799 aequivalens,
1009 1720 1050 1776 ut

66 1806 269 1896 magnitudo
298 1806 510 1877 iustissimae
549 1807 623 1876 irae
663 1809 831 1879 adversus
865 1823 1048 1899 peccatum

67 1909 299 2000 conspiciatur
319 1921 384 1979 etc.

231 2077 333 2167 Quid
358 2089 414 2150 est
439 2078 680 2152 distributiva
708 2079 885 2155 iustitia?

156 2215 225 2287 Est
247 2239 482 2307 personarum
506 2216 686 2285 ordinatio
711 2217 750 2286 in
773 2219 872 2286 omui
893 2218 965 2286 vita
982 2244 1047 2309 pu-

69 2319 146 2388 blica
160 2332 199 2388 et
212 2318 375 2409 privata,
400 2342 546 2388 servans
568 2320 853 2388 convenientiam
878 2346 1048 2412 persona·

68 2434 185 2491 mmet
201 2421 421 2502 officiorum,
447 2421 537 2490 utin
551 2422 686 2490 familia
702 2425 791 2493 alius
805 2424 903 2493 locus
918 2437 970 2494 est
983 2448 1046 2515 pa·

10 2557 16 2566 ·
69 2536 212 2607 rentum,
228 2524 319 2592 alius
332 2523 496 2605 fratrum,
512 2523 601 2594 alius
616 2550 813 2595 servorum.
840 2523 880 2593 ln
889 2526 1045 2596 Ecclesia

10 2646 18 2684 ι
69 2651 214 2696 summus
231 2627 362 2716 gradus
380 2637 432 2696 est
447 2626 664 2712 officiorum,
692 2628 879 2720 explicatio
894 2641 929 2697 et
954 2629 1045 2698 diiu-

10 2750 20 2787 ι
70 2729 186 2799 ditatio
201 2728 399 2798 doctrinae.
451 2729 649 2811 Secundus,
677 2730 939 2800 administratio
954 2731 1045 2800 iudi-

10 2858 22 2891 ν
72 2832 196 2902 ciorum
208 2832 255 2900 de
269 2829 467 2921 disciplina.
520 2831 684 2916 Tertius,
710 2833 972 2903 administratio
989 2860 1044 2904 ce·

10 2955 24 2994 r
72 2934 316 3005 remoniarum.
343 2930 501 3017 Iubmus,
516 2935 721 3024 procuratio
739 2937 933 3022 redituum,
950 2938 1044 3007 aedi·

10 3057 25 3096 Ι
72 3038 264 3108 irationum
281 3049 317 3105 et
333 3036 649 3128 eleemosynarum.

17 3135 24 3145 ’
155 3139 397 3232 Quaerendae
418 3152 502 3208 sunt
524 3140 632 3229 igitur
656 3163 829 3232 personae
853 3155 955 3233 aptae
972 3143 1043 3213 sin-

10 3259 28 3303 e
73 3241 145 3331 gulis
160 3242 368 3333 generibus,
393 3243 440 3309 ad
454 3241 744 3312 diiudicationem
760 3247 966 3334 dogmatum
984 3247 1043 3314 de·

10 3352 29 3404 ί
72 3343 190 3434 ligendi
211 3357 297 3415 suut
317 3357 411 3412 recte
435 3345 550 3428 docti,
576 3344 701 3436 periti,
732 3347 794 3439 qui
816 3370 891 3414 non
910 3344 1044 3416 habent

10 3440 27 3510 :i
70 3447 196 3519 animos
217 3458 409 3536 occupatos
437 3447 619 3518 affectibus
646 3448 921 3539 impedientibus
951 3451 1042 3519 iudi·

10 3565 25 3650 ξ
68 3550 161 3623 tium.
213 3546 256 3620 In
280 3549 532 3640 procuratione
555 3551 735 3621 redituum
757 3576 832 3619 uon
847 3552 1042 3645 requiritur

10 3662 22 3706 i
66 3663 153 3722 nuta
176 3651 362 3734 doctrina,
396 3652 457 3720 sed
477 3652 561 3723 satis
584 3666 654 3736 est,
682 3678 755 3723 esse
778 3653 982 3744 diligentem
1008 3668 1043 3725 et

10 3760 14 3797 ¹
64 3754 187 3826 bisunu
212 3779 463 3825 oeconomum.
513 3752 568 3824 Ex
589 3752 656 3824 hac
678 3756 832 3846 imagine
854 3771 1041 3827 sumantur

62 3859 215 3950 exempla
238 3860 283 3927 de
307 3857 532 3927 ordinatione
553 3882 788 3949 personarum
812 3859 851 3926 in
873 3861 972 3929 omni
985 3887 1041 3931 so-

59 3961 191 4031 cietate.
244 3960 303 4029 Sic
316 3959 480 4052 princeps
496 3962 615 4051 potius
636 3963 753 4029 tradet
774 3961 853 4030 viro
875 3963 1041 4055 sapienti,

59 4063 208 4146 erudito,
224 4062 331 4144 iusto,
347 4063 540 4155 eloquenti,
557 4089 687 4135 munus
702 4065 914 4149 cancellarii,
932 4091 1038 4160 qnam

57 4161 190 4249 bcbeti,
215 4189 348 4247 avaro,
373 4164 513 4235 infanti.

152 4267 254 4339 Haec
268 4291 502 4360 personarum
521 4266 700 4337 ordinatio
717 4293 797 4338 cum
812 4269 965 4337 maxime
979 4294 1041 4338 ne-

53 4371 204 4442 cessaria
238 4370 304 4453 sit,
340 4369 444 4439 Plato
479 4370 587 4453 dixit,
625 4371 801 4462 optimum
823 4371 1039 4463 reipublicae

53 4487 186 4544 statum
197 4497 292 4555 esse,
316 4472 347 4542 si
361 4472 408 4542 sit
420 4475 629 4543 constitutus
651 4476 863 4563 geometrica
889 4498 1039 4565 propor-

10 4636 12 4643 .
54 4576 165 4647 tione.
217 4575 313 4642 Haec
328 4575 425 4643 enim
442 4575 587 4644 ordinat
599 4598 781 4665 personas,
798 4576 882 4669 quia
899 4601 1039 4667 geome-

54 4679 141 4749 trica
154 4677 346 4770 proportio
368 4690 439 4760 est,
465 4702 545 4748 cum
569 4677 683 4747 tribus
706 4692 767 4749 aut
788 4680 949 4770 pluribus
971 4692 1039 4748 ter·

55 4781 162 4852 minis
175 4779 376 4873 dispositis,
400 4804 476 4851 non
491 4803 724 4851 numerorum
741 4781 940 4851 differentia
955 4807 1039 4851 con·

56 4883 252 4966 rideretur,
278 4884 341 4953 sed
355 4896 517 4953 servatur
536 4882 732 4976 aequalitas
749 4885 1039 4976 proportionum,

10 5044 14 5071 ,
56 4986 206 5058 utsicut
220 5009 257 5056 se
276 4981 512 5056 babent8ad
529 4984 565 5068 4,
581 4987 631 5054 sic
651 5009 687 5054 se
702 4982 836 5055 habent
850 4991 901 5062 20
916 4990 962 5057 ad
979 4991 1038 5060 10.

56 5084 153 5159 Sicut
167 5113 205 5158 se
221 5083 330 5157 babet
347 5090 393 5156 ad
409 5089 541 5157 bellum
557 5086 737 5183 iniusti),
752 5089 801 5158 sic
818 5116 855 5160 se
871 5087 979 5161 babet
993 5093 1039 5160 ad

58 5191 311 5283 rempublicam
327 5191 427 5260 domi
439 5194 631 5282 regendam
647 5192 835 5283 Augustus.

90 5418 138 5485 v)
154 5419 245 5473 tntu
257 5422 374 5477 Cruor.

63 5504 241 5572 lustru.
264 5507 370 5574 Oeen.
392 5509 478 5573 Vox.
499 5507 589 5570 XVt.
682 5530 687 5538 ’

1106 987 1282 1060 dixerunt.
1331 989 1378 1057 Et
1390 990 1518 1059 deiude
1533 991 1784 1085 aequalitatem
1806 1005 1936 1061 vocant
1950 994 1988 1062 in
2011 1009 2088 1065 toto

1105 1091 1230 1158 ordine
1246 1093 1434 1180 graduum,
1450 1118 1529 1162 cum
1546 1118 1629 1163 suus
1644 1094 1788 1187 cuilibet
1801 1118 1974 1185 personae
1990 1098 2090 1168 locus

1103 1193 1285 1264 tribuitur.

1204 1329 1432 1420 Singulorum
1448 1329 1557 1420 igitur
1571 1332 1642 1399 vita
1666 1331 1801 1422 regitur
1813 1345 1967 1427 utraque
1989 1335 2088 1406 iusti-

1210 1457 1330 1502 rerum
1354 1434 1670 1502 commutationem
1692 1436 1867 1524 gubernat
1890 1452 2087 1507 commuta-

1219 1535 1442 1604 distributiva
1458 1560 1628 1626 personas
1645 1536 1798 1608 ordinat.
1849 1537 1945 1609 Fons
1959 1554 2011 1610 est
2024 1562 2087 1613 au-

1102 1650 1172 1704 tem
1189 1638 1395 1730 aequalitas,
1421 1638 1504 1730 quia
1520 1636 1617 1710 Deus
1631 1639 1745 1708 voluit
1761 1640 1838 1708 fieri
1853 1643 2086 1712 consociatio·

1101 1763 1182 1808 nem
1209 1753 1244 1808 et
1269 1741 1323 1810 sui
1339 1755 1373 1808 et
1395 1735 1603 1826 bominum,
1630 1755 1664 1810 et
1684 1737 1871 1812 bominum
1889 1744 1983 1813 inter
1999 1770 2085 1817 sese.

1100 1841 1290 1911 Vinculum
1305 1856 1424 1912 autem
1441 1844 1713 1914 consociationis
1727 1856 1779 1914 est
1793 1845 1999 1938 aequalitas.

1103 1431 1171 1514 tia,

1102 1533 1193 1615 tiva,

1201 1974 1247 2044 Et
1271 1976 1353 2070 quia
1375 1977 1549 2047 virtutum
1570 1977 1725 2067 cognitio
1741 1976 1986 2071 principaliter
2001 1981 2095 2051 ideo'

1100 2079 1221 2168 generi
1245 2074 1403 2148 bumano
1428 2079 1533 2149 insita
1558 2093 1627 2165 est,
1652 2091 1693 2150 ut
1716 2093 1893 2151 monstret
1909 2084 2023 2176 qualis
2039 2082 2085 2155 sit

1099 2179 1212 2250 Deus:
1243 2182 1394 2252 sciamus
1420 2180 1556 2265 Deum,
1591 2208 1669 2252 cum
1691 2182 1872 2253 verissime
1895 2185 2006 2256 iustus
2027 2187 2085 2270 sit,

1099 2283 1280 2354 verissime
1307 2285 1492 2379 aequalem
1516 2309 1608 2369 esse,
1634 2285 1724 2356 sicut
1747 2286 1931 2379 perspicue
1950 2289 2083 2359 dictum

1098 2400 1150 2455 est
1169 2385 1221 2480 (1.
1238 2384 1397 2456 Timoth.
1414 2393 1458 2470 2,
1475 2384 1544 2483 4.);
1571 2387 1668 2458 Deus
1684 2388 1761 2457 vult
1777 2415 1901 2460 omnes
1920 2385 2085 2463 homines

1097 2489 1214 2559 salvos
1234 2490 1322 2558 fieri.
1382 2487 1471 2557 ltem
1493 2490 1617 2585 (Rom.
1639 2496 1682 2574 2,
1709 2489 1802 2586 11.):
1837 2491 1944 2584 Apud
1966 2493 2083 2564 Deum

1097 2616 1172 2659 non
1192 2604 1243 2661 cst
1257 2587 1563 2687 προςωποληψία,
1590 2606 1774 2685 quaeest,
1801 2595 2008 2687 aequalibus
2030 2598 2083 2666 in-

1098 2693 1259 2788 aequalia
1273 2693 1449 2777 tribuere,
1477 2708 1537 2762 aut
1552 2694 1798 2787 inaequalibus
1813 2697 1987 2788 aequalia.
2036 2697 2091 2779 Et,

1096 2797 1135 2866 in
1171 2822 1297 2889 graeco
1331 2796 1524 2887 proverbio
1559 2796 1705 2865 dicitur:
1745 2797 1809 2868 ἰ’σα
1841 2791 2004 2889 πόλεμον
2037 2796 2083 2874 οὐ

1096 2902 1193 2971 ποιεῖ
1202 2898 1268 2995 2⁸),
1303 2924 1374 2993 quo
1399 2898 1633 2989 significatum
1659 2912 1730 2983 est,
1755 2898 1978 2993 aequalitatis
2000 2927 2083 2971 con·

1095 3003 1336 3072 servationem
1352 3001 1542 3070 convenire
1557 3014 1706 3070 naturae
1719 2995 1920 3085 bominum,
1938 3016 1973 3073 et
1986 3005 2083 3096 pacis

1096 3108 1276 3175 custodem
1293 3129 1379 3175 esse.
1431 3105 1500 3174 Sed
1515 3103 1731 3198 aequalitas,
1756 3116 1797 3175 ut
1820 3107 2082 3197 supradictum

1096 3222 1166 3291 est,
1198 3220 1293 3277 recte
1320 3206 1554 3298 intelligatur,
1589 3207 1772 3289 videlicet,
1803 3219 1843 3276 ut
1875 3209 2082 3300 aequalibus

1095 3311 1259 3404 aequalia
1281 3310 1497 3379 tribuantur.

1198 3446 1249 3515 Ac
1266 3457 1384 3515 servat
1399 3444 1496 3513 Deus
1518 3443 1788 3536 aequalitatem:
1823 3443 2083 3513 Universaliter

1095 3549 1133 3616 in
1157 3549 1322 3617 omnibus
1343 3549 1492 3615 damnat
1512 3556 1714 3637 peccatum,
1741 3558 1775 3613 et
1796 3568 1920 3615 rursus
1938 3546 2082 3615 univer·

1094 3652 1214 3721 saliter
1226 3650 1351 3741 recipit
1367 3673 1491 3719 omnes
1507 3652 1553 3716 ad
1568 3648 1699 3717 Filium
1718 3648 1970 3736 confugientes.
2004 3647 2081 3718 llos

1095 3754 1190 3823 enim
1205 3755 1332 3823 modos
1347 3751 1549 3835 coustituit,
1576 3751 1636 3844 qui
1656 3749 1862 3820 discrimina
1890 3753 2083 3820 ostendunt

1093 3857 1295 3927 reiectionis
1312 3867 1347 3924 et
1361 3853 1583 3924 liberationis
1593 3865 1658 3924 etc.
1683 3852 1785 3921 Hauc
1801 3853 2080 3923 consolationem

1094 3960 1250 4051 cogitare
1267 3959 1424 4050 prodest,
1452 3958 1550 4051 quod
1564 3980 1639 4024 non
1658 3969 1710 4025 est
1726 3957 1820 4046 apud
1837 3955 1955 4023 Deum
1969 3979 2078 4051 προς·

1094 4060 1310 4158 ωποληψία,
1343 4062 1403 4130 εε(1
1434 4059 1649 4153 aequalitas,
1683 4058 1778 4126 iuxta
1806 4060 1951 4140 modos,
1990 4081 2080 4149 qnos

1092 4164 1204 4256 ipsius
1217 4165 1381 4233 miranda
1398 4163 1529 4233 iustitia
1547 4176 1583 4230 et
1596 4161 1736 4229 bonitas
1753 4158 1956 4242 constituit,
1982 4158 2080 4227 vide-

1092 4268 1192 4349 licet,
1218 4281 1259 4336 ut
1272 4279 1454 4358 peccatum
1471 4267 1616 4333 damnet
1631 4263 1668 4328 in
1684 4260 1869 4342 omnibus,
1898 4273 1932 4329 et
1955 4285 2080 4330 omnes

1093 4370 1333 4462 confugientes
1347 4371 1392 4437 ad
1405 4367 1536 4437 Filium
1551 4363 1710 4454 recipiat.

1179 4573 1240 4642 De
1268 4573 1436 4643 usitata
1464 4565 1742 4638 delinitione
1767 4565 1989 4638 iustitiae.

1194 4742 1330 4829 lustitia
1363 4753 1415 4808 est
1444 4750 1609 4808 constans
1642 4747 1677 4804 et
1705 4749 1875 4828 perpetua
1899 4737 2078 4822 voluntas,

1091 4875 1194 4920 suum
1214 4847 1339 4940 cuique
1357 4841 1527 4913 tribuens.
1584 4838 1685 4908 Hanc
1701 4852 1886 4909 venustam
1904 4838 2079 4907 delinitio-

1125 5148 1173 5215 28)
1193 5148 1260 5199 cnm
1277 5149 1328 5198 boc
1342 5145 1489 5208 proverbio
1506 5143 1559 5195 tarn
1577 5159 1603 5207 p.
1621 5144 1681 5196 m
1705 5148 1734 5194 et
1750 5145 1785 5194 ab
1800 5143 1918 5192 nmmo
1937 5143 2032 5196 noter:
2050 5143 2078 5192 tu

1159 5219 1242 5279 anag.
1258 5216 1321 5266 etit.
1335 5217 1382 5268 tv.
1401 5218 1472 5268 cent.
1485 5214 1517 5263 u.
1536 5224 1579 5263 nr.
1594 5213 1636 5263 98.
1658 5225 1684 5276 p.
1698 5213 1758 5265 m.
1776 5216 1988 5262 conueniente
2007 5212 2078 5261 cour.

1160 5291 1300 5336 nostrum:
1319 5280 1415 5361 &leidp
1433 5282 1486 5336 nrt
1501 5277 1594 5346 &iridi
1612 5277 1687 5344 fobet
1705 5276 1793 5334 iilum
1808 5275 1892 5346 Stitg
1909 5290 1945 5332 ru
1965 5275 2014 5341 (2.
2029 5277 2077 5333 tn·

1158 5351 1254 5420 selein:
1273 5345 1538 5418 nitorimenta
1555 5350 1610 5402 out
1624 5346 1783 5425 &torretes
1800 5347 1846 5401 ns
1861 5342 1993 5411 term
2006 5344 2078 5403 not·

1159 5422 1205 5479 tet
1223 5419 1251 5478 in
1271 5420 1345 5477 riter
1365 5421 1417 5474 not
1436 5430 1518 5474 aruir
1533 5414 1603 5482 itit·
1638 5413 1775 5486 &rectum
1795 5417 1869 5467 teto
1894 5417 1920 5468 8.
1946 5411 2079 5482 Μαι).

1433 5488 1480 5562 15
