4544 5766
62 201 145 275 ato
341 208 369 267 .'
430 202 822 281 tlt-eumundo
852 207 981 283 Lfflttl
1001 208 1045 282 Π.

1077 207 1370 283 araleouuat
1402 205 1728 299 ARISTOTELIS.
2005 210 2082 287 814

59 373 281 445 Ilolorvero
298 390 350 447 est
364 380 545 449 contraria
561 381 652 450 actio
667 383 869 472 potentiae,
902 408 993 476 quae
1015 384 1048 453 ei
1099 383 1167 452 Dei
1181 382 1366 453 fabricatio
1386 395 1454 465 est,
1490 394 1525 450 et
1542 396 1669 453 natura
1688 383 1825 476 appetit
1840 385 2080 454 conscrvatio-

57 478 213 547 molitur
228 480 523 566 destrudionem,
550 497 590 552 ut
603 485 835 555 immodicum
849 485 961 576 frigus
983 512 1048 555 no-

55 594 118 650 cet
133 583 266 652 nervis.

166 684 326 754 Tristitia
352 686 557 777 comprimit
580 712 661 773 cor,
688 701 723 757 ct
747 683 956 758 exhaustum
976 688 1046 780 spi-

51 786 155 869 ritu,
180 811 221 855 ac
237 787 448 857 desiccatum
465 804 599 861 enecat.

164 889 280 959 Porro
299 891 463 963 omnibus
476 894 675 964 actionibus
695 895 887 963 voluntatis
913 906 948 961 et
967 917 1045 962 sen-

50 1016 138 1073 sus,
180 1004 263 1062 srmt
290 994 435 1064 comites
467 997 632 1088 voluptas
659 1009 722 1065 aut
751 997 873 1079 dolor,
912 995 950 1063 id
981 1009 1044 1079 est,

53 1095 211 1162 extremi
230 1094 374 1166 affectus
391 1110 473 1166 sunt
496 1100 657 1169 omnium
678 1099 832 1169 aliorum
855 1099 1042 1167 affectuum

54 1209 96 1264 et
111 1199 296 1266 actionum
319 1200 525 1284 delectatio,
550 1202 706 1285 laetitia,
733 1203 838 1272 dolor
859 1226 922 1271 seu
946 1226 1042 1269 moe-

50 1298 167 1370 stitia.
225 1301 294 1369 Sed
310 1302 378 1370 alia
396 1303 473 1372 aliis
492 1304 652 1395 partibus
668 1305 887 1396 voluptatem
904 1317 966 1372 aut
980 1306 1042 1372 do·

49 1401 174 1470 lorcm
194 1404 369 1474 adferunt.
426 1405 560 1500 Estque
582 1408 670 1475 mira
693 1408 865 1478 dissensio
884 1407 1041 1498 partium

50 1517 209 1597 propter
224 1505 501 1576 imbecillitatem
519 1505 734 1595 burtonam,
759 1524 823 1593 nt,
844 1532 965 1580 sensus
980 1535 1042 1577 vo·

47 1607 193 1697 luptatc
223 1609 375 1678 aflicitur
404 1611 525 1680 fruens
549 1613 721 1683 adultera.
788 1615 857 1682 Sed
878 1612 1042 1680 voluntas

50 1709 174 1793 dolet,
218 1713 273 1786 ecl
298 1724 396 1780 metu
418 1737 574 1803 poenae,
607 1718 663 1783 vel
684 1728 832 1807 propter
853 1714 1042 1805 turpitudi-

50 1836 154 1881 nem.
203 1810 288 1881 ldeo
304 1811 362 1883 hic
376 1831 498 1885 iuonct
514 1843 603 1908 opus
620 1843 693 1887 csse
710 1818 976 1900 assuefactione,
1003 1830 1042 1886 ιιι

52 1939 151 2007 quare
164 1916 366 2007 voluptates
382 1918 460 1988 aliis
476 1922 725 1989 anteferendae
743 1922 831 2003 sint,
866 1921 1041 1989 discamus

50 2030 89 2085 et
105 2042 166 2088 eas
182 2019 380 2108 fugiamus,
409 2047 499 2114 quae
518 2023 730 2093 dissentiunt
745 2049 766 2093 a
781 2023 931 2093 ratione.

364 2171 425 2241 Dc
453 2167 728 2271 dudaseafl).

157 2303 199 2374 ln
216 2307 337 2375 multis
351 2307 652 2398 disputationibus
668 2336 885 2403 magnopere
907 2311 1040 2378 condu-

51 2407 100 2476 cit
115 2432 223 2478 nosse
246 2409 435 2479 affectuum
461 2424 648 2496 naturam,
681 2414 885 2483 discrimina
910 2427 944 2481 et
963 2437 1041 2504 spc-

53 2510 135 2581 cies.
187 2511 277 2580 Sunt
293 2513 388 2582 enim
408 2514 560 2604 illustres
579 2526 716 2599 motus,
742 2518 805 2610 qui
828 2517 930 2584 valde
955 2515 1040 2583 cmi-

54 2625 141 2682 nent
157 2612 194 2681 in
210 2614 296 2686 vita.
353 2613 436 2685 Ideo
461 2630 495 2685 et
509 2616 716 2687 Aristotcles
739 2644 913 2712 quaerens
937 2630 1039 2686 nattu-

56 2740 131 2784 ram
147 2716 309 2801 virtutis,
331 2720 605 2810 prudentissime
622 2722 765 2790 deducit
785 2746 850 2792 nos
867 2720 970 2789 initio
994 2721 1039 2787 ad

56 2818 331 2890 considerandos
348 2822 510 2905 allectus,
538 2823 600 2916 qui
624 2824 736 2915 magis
760 2825 1038 2916 conspiciuntur,

59 2934 90 2988 et
104 2923 247 3012 penitus
262 2919 410 3008 haerent
428 2926 629 3008 intratura,
662 2940 697 2995 et
714 2928 854 2997 disserit
870 2928 1037 2996 virtutem

58 3047 125 3095 esse
141 3019 274 3093 horum
288 3026 479 3118 insignium
497 3041 673 3113 motuum,
698 3029 824 3113 idest,
846 3030 1035 3098 affectuum

59 3127 350 3199 moderationem.
401 3129 484 3199 Ideo
504 3131 623 3200 statim
647 3131 749 3201 initio
773 3144 949 3203 monstrat
970 3157 1035 3200 no-

59 3227 106 3297 bis
119 3232 325 3300 communia
342 3234 499 3316 obiecta,
524 3233 655 3303 scilicet
672 3236 890 3326 voluptatem
917 3249 951 3304 et
973 3237 1036 3303 do-

60 3328 182 3418 lorem,
211 3334 294 3427 quia
319 3350 402 3406 sum
426 3337 573 3404 extremi
596 3337 761 3421 allectus,
793 3352 832 3407 ut
854 3363 961 3430 supra
983 3337 1036 3405 di-

63 3444 146 3502 ctum
166 3449 232 3505 est.
283 3437 416 3532 Estque
439 3439 624 3529 diligenter
644 3436 713 3508 lioc
729 3440 929 3510 Aristotelis
953 3467 1035 3509 con·

61 3534 167 3606 silium
184 3540 495 3612 considerandum.
548 3543 687 3612 Diserte
704 3557 823 3613 autem
840 3541 898 3612 hic
913 3555 1036 3612 monet

63 3651 89 3704 ct
100 3643 283 3731 praefatur
299 3669 374 3712 non
397 3670 469 3714 csse
492 3639 695 3719 ἀπάθειαν.
748 3647 816 3715 Sed
832 3658 953 3738 postea
972 3645 1034 3713 ali-

63 3743 187 3833 quoties
211 3745 280 3828 ait,
308 3748 451 3817 allectus
476 3748 610 3817 utiliter
628 3748 760 3818 inditos
786 3774 857 3818 csse
880 3744 1034 3816 homini-

62 3841 115 3915 bus
129 3871 148 3914 a
163 3858 309 3920 natura.
360 3849 455 3919 llaec
471 3848 777 3942 reprehenderunt
792 3851 920 3935 Stoici,
945 3878 1033 3945 quo-

62 3968 128 4017 rum
145 3944 366 4042 hyperbolae
390 3947 524 4022 liabent
545 3955 793 4046 applausores,
827 3954 933 4022 etiam
959 3979 1033 4022 non

63 4048 231 4141 volgares,
258 4055 321 4149 qui
345 4055 502 4127 fortassis
524 4056 644 4124 mirati
666 4069 840 4141 sunteas,
868 4055 950 4150 quia
969 4059 1033 4127 ‹lu-

10 4242 14 4249 .
63 4148 146 4224 rities
169 4153 233 4223 illa
259 4161 435 4252 quaedam
462 4170 532 4242 cst,
560 4160 615 4227 vel
637 4158 852 4243 similitudo,
880 4159 935 4229 vel
953 4158 1032 4226 imi-

10 4328 16 4339 ,
64 4254 135 4326 talio
155 4256 312 4331 virtutis.
378 4261 446 4330 Sed
471 4261 601 4330 rcellus
624 4274 676 4330 est
704 4262 888 4331 veritatem
916 4262 1032 4330 incor-

10 4354 17 4367 ’
64 4370 191 4453 ruptam
208 4386 381 4455 quaerero
404 4378 439 4434 et
460 4363 570 4448 tueri,
593 4388 658 4431 nec
681 4387 802 4432 arnme
825 4365 1032 4456 praestigias

10 4458 21 4470 ’
65 4456 328 4553 sophismatum,
355 4467 482 4561 quibus
498 4461 716 4561 hyperbolae
731 4466 813 4535 illae
837 4466 1031 4536 defendun-

10 4638 15 4649 ,
66 4568 119 4634 latr.
165 4564 285 4637 Porro
307 4566 346 4636 in
368 4568 562 4639 refutandis
586 4567 713 4638 Stoicis
738 4570 894 4660 primum
918 4571 1032 4640 consi-

66 4654 202 4736 banda
223 4682 310 4739 sunt
331 4672 589 4765 appetitionum
615 4668 841 4757 discrimina,
866 4686 900 4742 et
924 4697 1031 4767 quac-

67 4768 196 4865 tptdum
210 4773 382 4865 proprie,
403 4774 493 4870 ,quid
511 4773 556 4844 sit
573 4773 731 4843 affectus.

145 4872 329 4964 Appetitio
344 4874 536 4960 naturalis,
563 4888 603 4944 ιιι
616 4878 745 4958 saintes,
771 4886 823 4945 est
839 4873 952 4945 suctio
971 4900 1030 4943 vc-

10 5024 20 5037 .
68 4991 172 5073 tarum
194 5001 216 5043 a
236 4990 369 5049 natura
394 4979 571 5049 ordinata.
636 4977 737 5047 Hanc
758 5001 833 5045 non
856 5002 928 5049 esse
953 4977 1030 5068 opi-

68 5070 209 5173 l'mem,
232 5077 336 5149 facile
358 5094 476 5174 potest
497 5079 665 5171 intelligi,
695 5078 777 5174 quia
799 5078 891 5151 inest
914 5079 1030 5149 omni-

67 5169 117 5247 ἢ
133 5180 393 5268 animantibus,
427 5198 462 5253 et
484 5197 536 5254 est
559 5184 595 5251 in
617 5195 719 5274 parte
741 5206 815 5250 non
840 5182 1029 5276 cogitante.

10 5330 17 5343 .
68 5270 266 5354 &vitiosa
290 5299 362 5370 est,
403 5312 470 5356 nec
494 5287 649 5375 tollenda
681 5311 725 5354 ex
754 5297 903 5369 natura,
944 5285 1027 5381 quia

68 5394 245 5420 &nnn-

10 5456 23 5498 t
84 5444 128 5510 ‘to
141 5451 200 5505 ιιι
215 5462 287 5504 vose
305 5452 472 5506 Λειιιοιοιοι
487 5452 576 5504 natur
593 5452 620 5517 s.
633 5452 659 5503 a.
681 5449 763 5502 inu·
778 5449 886 5516 capim
935 5467 939 5476 ·

1098 510 1180 555 nem
1199 511 1265 555 sm.

1199 588 1379 657 Secundus
1393 588 1522 677 gradus
1537 586 1796 678 appetitionum
1814 601 1864 657 est
1880 586 2080 671 delectatio,

1098 691 1155 759 vel
1178 691 1281 760 dolor
1307 703 1439 758 tactum
1470 691 1663 772 comitans,
1704 689 1817 783 qualis
1840 703 1892 759 est
1910 689 2014 757 dolor
2037 714 2081 758 ex

1097 793 1262 875 vulnere,
1290 794 1345 860 rel
1366 792 1550 860 delectatio
1576 817 1665 884 quae
1688 793 1866 884 sequitur,
1899 792 1928 861 si
1952 815 2080 882 corpus

1096 897 1315 985 frigefactum
1333 895 1525 964 calefacias.
1585 894 1681 964 Haec
1696 919 1770 962 non
1789 920 1861 964 esse
1878 894 2077 985 opiniones,

1096 1023 1159 1067 nec
1175 999 1321 1082 vitiosa,
1348 1023 1413 1066 nec
1429 1023 1470 1066 cx
1493 1010 1623 1066 natura
1649 997 1804 1065 tollenda
1827 1022 1920 1079 esse,
1946 996 2078 1067 similes

1096 1102 1251 1170 rationes
1276 1103 1484 1184 ostendunt,
1517 1114 1556 1169 ut
1580 1101 1652 1168 iam
1676 1102 1719 1168 dc
1739 1102 1832 1167 farrae
1854 1099 1938 1168 dixi.
1987 1099 2078 1169 Sunt

1096 1206 1190 1272 enim
1210 1205 1352 1295 proprie
1367 1204 1405 1271 in
1422 1202 1552 1285 nervis,
1573 1215 1607 1271 et
1623 1215 1705 1272 sunt
1718 1201 1902 1271 fabricatio
1918 1201 2051 1270 divina.
2068 1246 2070 1251 -

1196 1307 1338 1376 Tertius
1361 1308 1489 1396 gradus
1506 1320 1557 1375 cst
1573 1305 1851 1396 appetitionum,
1887 1329 1977 1397 quae
1994 1328 2077 1395 pro·

1094 1409 1170 1501 prie
1186 1410 1332 1479 affectus
1348 1409 1527 1490 dicuntur,
1548 1407 1722 1491 videlicet,
1746 1408 1807 1502 qui
1823 1407 1956 1478 suntin
1971 1408 2077 1475 corde

1094 1525 1155 1581 ant
1172 1512 1366 1593 voluntate,
1394 1524 1429 1579 et
1443 1510 1607 1579 notitiam
1626 1510 1783 1604 aliquam
1798 1522 2011 1603 sequuntur,
2037 1522 2078 1578 ut

1092 1614 1246 1698 laetitia,
1278 1640 1376 1707 spes,
1409 1626 1544 1696 metus,
1575 1613 1736 1695 tristitia,
1766 1613 1908 1695 odium,
1940 1612 2078 1681 miseri·

1094 1717 1234 1799 cordia,
1268 1718 1332 1787 ira.
1397 1715 1451 1785 De
1471 1712 1526 1785 his
1550 1729 1585 1784 et
1606 1715 1779 1785 similibus
1802 1715 1985 1785 sciendum
2013 1727 2076 1797 cst,

1094 1819 1238 1888 affectus
1263 1845 1335 1890 csse
1356 1833 1475 1889 motus
1500 1818 1616 1888 cordis
1639 1832 1701 1887 aiut
1721 1817 1931 1900 voluntatis,
1955 1841 2076 1909 prose-

1094 1934 1241 2016 quentes
1259 1937 1320 1992 aut
1338 1923 1511 2012 fugientes
1528 1921 1724 2003 obiectum,
1752 1921 1813 2015 qui
1830 1946 1909 1989 cum
1926 1932 1986 1988 aut
2004 1920 2076 1986 lae·

1093 2027 1181 2093 dant
1201 2039 1385 2108 naturam,
1413 2038 1473 2094 aut
1488 2026 1679 2107 delectent,
1705 2048 1843 2113 semper
1861 2022 2075 2091 comitantur

1094 2128 1241 2197 extremi
1259 2143 1395 2210 motus,
1422 2128 1479 2195 vel
1495 2128 1619 2209 dolor,
1644 2128 1737 2196 laesa
1753 2139 1902 2209 natura,
1928 2125 1980 2192 vel
1997 2147 2075 2193 sua·

1094 2231 1182 2300 vitas
1201 2245 1235 2298 et
1250 2231 1403 2312 laetitia,
1431 2231 1673 2323 acquiescente
1689 2241 1831 2299 natura.

1195 2334 1289 2402 Scrnt
1318 2345 1437 2403 autem
1467 2335 1538 2402 duo
1566 2357 1692 2423 genera
1720 2328 1850 2400 horum
1873 2330 2075 2411 affectuum,

1092 2435 1154 2503 alii
1170 2450 1330 2527 pugnant
1345 2462 1425 2504 cum
1441 2437 1600 2516 ratione,
1626 2461 1689 2505 scu
1706 2436 1781 2524 lege
1796 2433 1883 2514 Dei,
1909 2444 1968 2513 ut,
1995 2457 2074 2500 cum

1092 2539 1176 2607 Saul
1201 2539 1337 2608 invidet
1360 2538 1502 2608 Davidi.
1568 2538 1640 2605 Alii
1667 2537 1893 2606 consentiunt
1917 2559 1997 2603 cum
2018 2558 2074 2601 ra·

1092 2641 1207 2724 tione,
1232 2666 1295 2721 seu
1317 2641 1392 2730 lege
1412 2640 1500 2723 Dei,
1527 2654 1584 2722 ut,
1612 2640 1756 2728 diligere
1781 2649 1963 2730 parentes,
1991 2661 2074 2703 con-

1091 2744 1226 2834 iugem,
1252 2744 1402 2824 liberos,
1428 2743 1579 2823 amicos,
1615 2742 1720 2811 cives.
1778 2740 1854 2809 Etsi
1879 2750 1997 2806 atucm
2023 2739 2073 2804 al-

1089 2850 1198 2915 fcctus
1216 2860 1413 2938 pugnantes
1429 2872 1508 2915 cum
1524 2845 1682 2926 ratione,
1709 2869 1771 2913 seu
1784 2845 1860 2933 lege
1878 2840 1965 2922 Dei,
1991 2853 2073 2909 sunt

1089 2973 1150 3020 sua
1166 2961 1295 3018 natura
1315 2949 1452 3031 vitiosi,
1480 2963 1515 3018 et
1529 2948 1599 3016 orti
1615 2972 1634 3015 a
1650 2960 1799 3015 naturae
1819 2942 1998 3014 humanae
2012 2943 2072 3010 de·
2100 3000 2108 3019 .

1088 3052 1318 3144 pravatione,
1357 3065 1477 3120 tamen
1502 3051 1645 3118 interim
1670 3050 1731 3116 alii
1756 3049 1901 3117 aflectus
1925 3068 2072 3114 consen-

1088 3157 1214 3225 tientes
1230 3181 1309 3225 cum
1326 3155 1466 3222 ratione
1484 3166 1518 3222 et
1535 3155 1610 3242 lege
1628 3152 1715 3234 Dei,
1740 3176 1814 3220 non
1829 3163 1913 3220 sunt
1928 3173 1989 3218 sua
2009 3172 2072 3215 na-

1087 3274 1167 3328 tura
1189 3259 1327 3338 vitiosi,
1353 3281 1418 3326 nec
1444 3256 1606 3325 eiiciendi
1629 3266 1730 3336 sunt,
1756 3256 1818 3324 sed
1840 3253 1959 3344 potius
1982 3250 2072 3319 exci-

1087 3361 1205 3443 tandi,
1247 3375 1282 3430 et
1309 3360 1447 3427 ratione
1474 3357 1630 3449 regendi.
1695 3356 1742 3425 Et
1766 3353 1832 3426 hos
1855 3367 1974 3426 motus
1996 3379 2071 3422 non

1087 3488 1160 3534 esse
1183 3463 1387 3553 opiniones,
1423 3463 1505 3530 inde
1529 3461 1757 3530 manifestum
1779 3471 1848 3540 est,
1884 3457 1966 3550 quia
1989 3469 2072 3526 sunt

1087 3571 1124 3636 in
1140 3567 1265 3647 corde,
1292 3564 1415 3654 opinio
1433 3577 1549 3632 autem
1567 3562 1671 3632 estin
1694 3574 1795 3652 parte
1822 3572 2069 3650 cognoscente.

1086 3669 1223 3740 Deinde
1244 3663 1332 3735 haec
1354 3680 1562 3755 argumenta
1594 3668 1785 3735 ostendunt
1815 3665 1959 3732 affectus
1987 3686 2070 3731 con-

1086 3773 1276 3846 sentientes
1292 3795 1371 3838 cum
1395 3773 1555 3852 ratione,
1580 3794 1641 3839 seu
1665 3770 1739 3858 lege
1756 3766 1844 3850 Dei,
1870 3780 1904 3835 et
1928 3782 1983 3836 res
2006 3766 2070 3834 bo-

1084 3903 1149 3947 nas
1164 3869 1257 3957 esse,
1283 3884 1318 3941 et
1335 3897 1409 3942 non
1425 3875 1598 3943 tollendas
1614 3897 1655 3940 ex
1670 3884 1810 3941 natura.

1185 3977 1367 4047 Primum:
1407 3976 1609 4045 Fabricatio
1632 3974 1700 4043 Dei
1725 3987 1776 4043 est
1802 3997 1859 4041 res
1877 3973 1992 4051 bona,
2035 3983 2069 4036 et

1084 4107 1159 4151 non
1175 4081 1351 4162 tollenda,
1378 4080 1548 4149 divinitus
1562 4089 1681 4147 aunem
1699 4076 1832 4144 inditae
1852 4086 1935 4141 sunt
1957 4071 2068 4152 cordi,

1085 4200 1120 4255 et
1134 4185 1186 4253 vis
1204 4183 1277 4274 ipsa
1293 4194 1480 4272 appetens,
1509 4195 1544 4249 et
1558 4180 1698 4272 aliquae
1718 4170 1888 4270 στοργαὶ,
1912 4187 1951 4241 ιιι
1966 4197 2068 4240 antor

1084 4286 1233 4369 sobolis,
1260 4283 1520 4364 misericordia,
1545 4295 1580 4351 et
1594 4279 1755 4373 plerique
1768 4276 1856 4345 boui
1871 4288 2002 4358 motus,
2029 4274 2068 4342 in

1084 4392 1161 4461 aliis
1182 4388 1314 4479 magis,
1342 4387 1379 4453 in
1404 4387 1481 4454 aliis
1501 4385 1618 4452 ruirms
1644 4407 1758 4450 acres:
1799 4402 1882 4467 ergo
1905 4390 1989 4447 sunt
2010 4402 2066 4446 res
2159 4396 2163 4403 ·

1082 4495 1198 4562 bonae
1215 4506 1250 4561 et
1265 4515 1339 4559 non
1355 4489 1532 4556 tollendae
1547 4511 1587 4555 ex
1601 4497 1742 4554 natura.

1184 4595 1403 4663 Secundum:
1431 4592 1526 4659 Deus
1547 4587 1740 4679 praecipit,
1765 4598 1806 4655 ut
1827 4584 1899 4654 sint
1921 4584 2066 4650 allectus

1083 4699 1120 4768 in
1138 4698 1241 4768 nobis
1254 4697 1454 4786 flagrantes.
1505 4691 1657 4760 Dilectio
1673 4689 1760 4771 Dei,
1787 4687 1999 4776 coniugum,
2025 4684 2066 4751 li·

1081 4803 1269 4883 berorum,
1303 4797 1456 4880 civium,
1488 4808 1603 4863 metus
1625 4793 1698 4862 irae
1724 4792 1886 4873 divinae,
1927 4790 1978 4857 ira
2004 4787 2065 4854 ad·

1081 4929 1202 4973 versus
1215 4899 1465 4970 maledicentes
1477 4899 1575 4982 Deo,
1601 4899 1770 4966 adversus
1784 4895 1962 4975 crudeles,
1987 4890 2065 4982 pol·

1081 5008 1174 5077 lutos
1188 5003 1406 5073 libidinibus.

1182 5106 1361 5176 Tertium:
1395 5102 1500 5185 Veri,
1534 5114 1569 5169 et
1583 5125 1658 5169 non
1673 5097 1828 5169 sinmlati
1839 5110 1967 5192 ¹motus
1981 5108 2064 5166 sunt

1081 5211 1117 5278 in
1137 5205 1298 5292 Christo,
1331 5207 1472 5276 dilectio
1495 5203 1631 5274 aeterni
1656 5203 1786 5295 patris,
1819 5200 1961 5270 dilectio
1984 5198 2063 5288 pio-

1079 5338 1181 5396 rum,
1221 5310 1484 5392 misericordia,
1523 5306 1678 5389 laetitia,
1718 5302 1882 5386 tristitia,
1918 5315 1959 5370 ut
1981 5324 2062 5368 cnm

1079 5415 1196 5511 inquit
1225 5408 1455 5511 (Manlum,
1480 5410 1541 5483 88.
1567 5404 1768 5491 Marc.14,
1792 5394 1888 5500 84.):
1932 5400 2063 5473 Tristis
