4544 5766
10 4366 14 4447 l

52 195 131 293 ⁸6⁶
333 226 512 289 ‚aar
605 194 1803 283 stssTfflCAEDOCTfflNAEfflMENJAs⁴=.f'‚t.3.·
2002 208 2083 286 ω

54 396 177 468 prusa
192 397 282 444 voce
295 371 381 443 Filii
396 370 465 442 Dei
480 373 682 445 institutum
700 400 791 461 esse,
818 401 897 447 cum
914 374 1044 447 dicitur
1195 371 1279 442 Non
1300 369 1447 441 dubium
1472 383 1524 440 est
1545 384 1684 458 autem,
1710 398 1909 466 expressam
1934 405 2007 452 csse
2024 384 2079 452 in-

54 474 201 571 (loann.
218 477 282 560 20,
298 475 395 570 21.):
427 476 526 547 Sicut
540 478 637 547 misit
649 504 707 548 mc
724 481 833 549 Pater
846 504 947 549 meus
965 502 1044 547 coe·
1095 474 1316 547 stitutionem
1340 470 1445 542 huius
1474 475 1657 563 potestatis
1686 475 1727 545 in
1751 483 1944 567 mandato,
1982 490 2079 580 quod

52 577 170 661 lestis,
205 577 256 646 ita
279 602 344 669 ego
368 578 473 649 mitto
494 605 570 651 vos.
621 579 662 649 ln
686 582 796 652 veteri
812 583 1042 652 Testamenta
1094 573 1219 647 Nohae
1245 576 1415 645 traditum
1448 588 1500 644 est
1520 576 1646 646 Gencs.
1663 577 1703 664 9,
1733 579 1820 677 (6.):
1865 586 2078 682 Quicunque

53 681 188 776 (Exod.
205 682 267 754 28.
287 679 365 773 29.)
382 681 490 750 etiam
509 708 672 775 expressa
696 711 782 754 voce
806 709 965 755 summus
988 707 1043 753 sa·
1093 681 1225 750 fuderit
1239 676 1437 748 humanum
1452 679 1682 767 sangninem,
1710 708 1774 774 per
1792 682 1976 760 hominem
1997 695 2079 761 fun-

53 785 181 854 cerdos
204 785 391 854 ordinatus
410 798 480 869 est,
513 798 684 856 ettotam
708 787 906 857 Leviticnm
928 810 1042 856 sacer·
1094 786 1198 853 detur
1214 782 1356 872 sangnis
1374 781 1495 871 ipsius,
1522 781 1605 873 quia
1621 786 1667 851 ad
1683 784 1873 882 imaginem
1882 791 1949 862 Dei
1965 798 2096 865 factus

52 887 195 957 dotium
219 888 462 958 constitutum.
520 887 627 973 ltem,
661 914 823 981 expressa
848 917 934 960 voce
952 891 1042 958 Pro·
1094 899 1146 955 est
1170 882 1292 954 homo.
1360 884 1431 952 Ubi
1460 883 1498 949 in
1524 883 1818 976 interpretatione
1840 894 1950 964 latina
1980 899 2078 968 deest

53 985 183 1083 phetae
207 990 326 1058 vocati
348 988 513 1084 sumn),
549 1004 583 1058 et
610 993 730 1061 addita
753 1007 836 1064 sunt
856 993 1041 1076 miracula,
1093 989 1285 1080 particula,
1326 1012 1391 1077 per
1411 983 1613 1070 hominem,
1656 1014 1747 1083 quae
1779 1007 1874 1063 extat
1904 998 1941 1066 in
1968 1001 2079 1068 fonti-

54 1104 326 1162 attestarentur
342 1091 379 1159 id
400 1093 637 1163 ministerium
660 1096 822 1165 divinum
847 1122 932 1168 csse.
984 1095 1040 1164 Sic
1093 1091 1236 1185 1)ιιε7“),
1269 1102 1303 1158 et
1324 1114 1551 1183 nequaqnam
1575 1091 1772 1161 omittenda
1794 1111 1863 1180 est,
1898 1101 1981 1193 quia
2007 1099 2075 1172 hoc

57 1209 91 1265 et
112 1206 221 1263 antea
253 1195 397 1277 Patres,
440 1197 569 1289 quilius
601 1199 815 1269 nominatim
849 1197 1039 1290 promissio
1092 1196 1210 1285 ipsum
1240 1193 1316 1261 vult
1343 1204 1477 1274 textus,
1523 1193 1633 1263 tribui
1664 1197 1892 1267 autoritatem
1924 1200 2075 1289 homini,

57 1298 304 1369 commendata
321 1309 391 1380 est,
417 1299 535 1367 vocati
551 1303 692 1370 suntad
707 1298 1040 1383 hoeministerinm,
1091 1297 1221 1366 scilicet
1247 1295 1412 1364 ordinato
1436 1295 1481 1362 ad
1504 1297 1817 1385 gubernationem,
1855 1316 1896 1372 nt
1926 1303 2075 1376 homici-

58 1414 94 1473 ut
110 1399 231 1468 Adam
255 1402 484 1470 confirmatus
508 1403 700 1473 illustribus
722 1404 921 1489 miraculis,
947 1405 1039 1475 scili·
1091 1403 1173 1469 dam
1190 1397 1344 1468 vicissim
1360 1397 1559 1467 interficiat.

59 1516 124 1587 cet,
150 1502 334 1596 colloquio
351 1502 440 1586 Dei,
472 1504 682 1574 liberatione
701 1533 742 1577 ex
760 1521 894 1589 morte,
929 1521 964 1576 et
985 1509 1039 1575 in·
1191 1501 1256 1571 Est
1271 1513 1409 1584 aulem,
1435 1513 1474 1569 Ul
1491 1499 1575 1582 dlxi,
1601 1526 1718 1592 P⁰ena
1737 1507 1897 1596 capitalis
1914 1534 2074 1585 summus

60 1606 297 1675 flammatione
312 1605 540 1677 victimarum
553 1608 644 1676 facta
666 1612 709 1679 de
732 1612 831 1680 coelo
846 1610 892 1704 7ὅ)
918 1624 982 1679 cte.
1005 1622 1040 1676 et
1090 1629 1220 1673 nervus
1242 1603 1407 1696 politicae
1436 1603 1721 1693 gubernationis,
1765 1621 1799 1676 et
1816 1613 2075 1704 ‘complectitur

59 1705 146 1779 haud
169 1709 278 1778 dubie
300 1708 379 1778 aliis
399 1710 531 1780 multis.
598 1710 654 1778 Sic
687 1715 850 1804 deinceps
881 1712 960 1795 alii,
998 1725 1039 1780 ut
1090 1720 1247 1776 caeteros
1272 1709 1401 1796 gradus
1416 1731 1614 1796 poenarum
1631 1721 1666 1775 et
1682 1733 1880 1783 causasarum.
1930 1713 1982 1785 lta
2004 1732 2074 1788 sta·

61 1807 255 1894 Abraham,
280 1811 379 1881 cuius
398 1814 551 1882 coniunx
576 1812 722 1900 effoeta,
756 1817 794 1885 in
815 1828 954 1886 senecta
977 1839 1041 1908 pe<
1090 1810 1153 1878 tim
1170 1823 1251 1900 post
1266 1809 1439 1878 dilnvium
1461 1833 1622 1899 expressa
1644 1834 1730 1879 voce
1746 1811 1831 1898 Dei,
1857 1815 2017 1888 instituta
2039 1836 2078 1890 et

62 1913 143 2005 perit
155 1912 308 2008 (Genes.
327 1915 389 1997 21,
403 1914 469 2007 2.).
503 1917 739 1989 Necdubium
756 1933 825 2002 est,
852 1915 1037 2009 haspror-
1089 1911 1222 1981 sancita
1252 1926 1303 1981 est
1331 1911 1475 2003 politica
1508 1913 1730 2000 gubernatio.
1798 1914 1937 1988 Deinde
1960 1948 2072 2015 quan-

63 2043 111 2086 sns
125 2020 254 2087 codem
271 2020 381 2086 modo
396 2018 501 2087 luisse
520 2019 976 2107 gubernatorcsEcclesiac,
1004 2031 1039 2087 et
1090 2039 1198 2108 quam
1211 2014 1268 2082 lex
1283 2014 1391 2084 Moisi
1405 2013 1467 2084 uni
1482 2015 1618 2105 populo
1632 2016 1702 2083 lata
1722 2029 1785 2100 est,
1812 2031 1932 2091 tamen
1947 2026 2073 2097 volun-

63 2133 198 2190 vocatos
214 2144 379 2211 expressa
395 2146 480 2189 vace
496 2146 516 2188 a
532 2121 630 2203 Deo,
653 2138 693 2196 ut
711 2127 827 2195 vocati
844 2137 927 2194 suut
941 2123 1038 2214 Apo-

61 2223 141 2294 stoli.

147 2343 205 2411 Ac
221 2368 312 2434 opus
329 2341 433 2412 estin
450 2341 649 2410 ministerio
665 2341 852 2433 Evangelii
874 2369 1036 2437 expressa

60 2443 288 2527 institutione,
306 2445 477 2536 expressis
494 2445 671 2514 mandatis
689 2459 723 2514 et
736 2447 929 2530 miraculis,
953 2451 1036 2541 quia

56 2547 242 2637 promissio
275 2546 370 2616 illius
404 2546 607 2616 admirandi
639 2561 673 2616 et
705 2551 840 2617 aeterni
877 2550 1038 2619 beneficii

56 2652 172 2739 ignota
192 2662 247 2720 est
258 2649 411 2733 rationi,
434 2663 468 2718 et
483 2646 711 2741 reprehensio
728 2651 920 2736 idolorum,
947 2678 1036 2746 (pirae

52 2754 245 2823 mandatur
264 2753 438 2823 ministris
462 2753 647 2843 Evangelii
668 2755 879 2849 plerumque
900 2769 1036 2848 pugnat

50 2880 124 2925 cnm
139 2856 308 2947 imperiis
330 2868 365 2924 et
385 2857 567 2925 ordinaria
592 2868 777 2949 potestate.
829 2857 913 2928 Ideo
931 2883 1038 2950 opor·

46 2959 216 3041 trtsciri,
244 2982 406 3050 expressa
424 2983 510 3027 voce
526 2959 594 3027 Dei
613 2961 844 3032 constitutum
871 2986 943 3031 esse
969 2958 1036 3030 hoc

43 3061 311 3144 mirristerium‚
337 3063 545 3132 dissentiens
567 3064 611 3130 ab
635 3062 813 3154 imperiis,
840 3078 875 3133 et
892 3064 1037 3133 severis-

39 3165 133 3234 simo
162 3165 264 3233 dicto
292 3167 500 3233 confirmata
533 3177 584 3233 est
616 3178 772 3257 potestas
806 3167 1036 3237 ecclesiastica

39 3267 148 3361 (Luc.
170 3266 348 3360 10‚16.):
376 3268 450 3359 Qui
466 3292 528 3336 vos
544 3269 691 3358 spernit,
717 3295 775 3337 me
790 3271 937 3361 spernit,
965 3295 1035 3363 quo

37 3372 138 3440 dicto
157 3395 242 3439 non
262 3370 406 3439 additur
429 3371 479 3439 eis
498 3383 653 3461 potestas
677 3385 774 3440 extra
790 3373 1037 3463 Evangelium,

35 3475 104 3544 sed
119 3486 269 3543 tantum
285 3472 333 3541 ita
348 3473 565 3566 praecipitur
582 3475 795 3558 obedientia,
814 3502 894 3545 cum
909 3485 1037 3545 sonant

36 3602 170 3647 vocem
187 3574 390 3666 Evangelii.

116 3759 188 3830 De
216 3783 431 3850 expressa
459 3759 682 3850 politicae
712 3759 961 3849 potestatis

383 3861 700 3931 institutione.

144 4000 294 4073 Nervus
334 3999 520 4091 potestatis
560 3999 726 4089 politicae
758 4000 969 4090 praecipuus
1005 4011 1038 4067 et

40 4128 209 4175 mmmns
233 4114 303 4184 est,
338 4102 550 4194 supplicium
574 4101 743 4192 capitale,
777 4103 860 4195 qnia
885 4114 919 4170 et
940 4126 1038 4171 mors

43 4210 194 4276 tandem
211 4206 399 4274 audaciam
418 4204 627 4296 compescit,
654 4215 689 4271 et
709 4202 770 4269 alii
792 4217 891 4274 meta
911 4206 1037 4273 mortis

43 4310 240 4402 praecipue
257 4303 502 4376 coherceatur.
554 4306 648 4373 Haec
675 4307 740 4374 etsi
765 4332 847 4376 vera
878 4322 978 4391 suat,
1004 4319 1038 4375 et

45 4414 137 4483 racio
152 4414 272 4502 legem
288 4423 418 4479 natura
435 4410 646 4499 intelligens,
671 4409 768 4475 videt
785 4411 1034 4504 aequalitatem

48 4540 137 4598 esse,
165 4540 251 4584 enm
276 4513 349 4580 vita
373 4513 523 4604 eripitur
540 4508 757 4594 homicidae,
784 4526 904 4581 tamen
925 4508 1036 4581 homo

50 4621 231 4689 modestus
248 4640 324 4684 non
340 4619 487 4685 auderet
502 4616 698 4683 interficere
712 4610 908 4701 hominem,
929 4617 1036 4684 etiam

53 4735 208 4804 sontem,
234 4720 265 4789 si
286 4743 362 4786 non
385 4720 508 4801 sciret,
541 4743 577 4786 se
602 4717 680 4806 cogi
705 4722 876 4788 mandato
900 4718 1036 4790 divino.

55 4822 305 4915 Quaerendum
325 4835 378 4891 est
395 4823 503 4913 igitur
519 4822 749 4905 mandatum,
784 4849 855 4917 quo
876 4822 955 4892 talis
972 4846 1037 4914 po-

57 4938 154 4998 testas
170 4927 227 4994 vel
244 4925 417 4995 autoritas
433 4948 593 5016 expresse
610 4923 715 4991 aDeo
731 4927 788 4995 vel
804 4928 962 4997 instituta
980 4927 1037 4994 vel

59 5032 261 5099 ennemase
277 5041 341 5098 est.

90 5264 135 5326 71)
152 5266 233 5316 cont.
251 5265 304 5314 Ier.
321 5266 346 5328 1,
362 5266 388 5314 5.
405 5264 430 5316 9.
453 5264 492 5313 10.

92 5368 135 5433 75)
152 5371 227 5420 unce
245 5382 301 5419 nen
319 5368 353 5417 de
370 5369 488 5432 Adana,
508 5370 558 5418 sed
575 5370 608 5418 de
625 5369 688 5417 Elia
706 5368 836 5429 propbeta
854 5367 880 5414 tn
898 5368 1036 5430 scriptura

124 5450 204 5491 nen
217 5439 379 5489 rdematur
396 5436 483 5503 (sosas,
502 5440 524 5489 t.
538 5440 605 5502 fleg.
624 5438 754 5489 ta-ta.
773 5436 799 5487 2
813 5437 880 5499 aeg.
895 5437 919 5487 1.
936 5437 985 5496 7.).

1091 2130 1198 2186 tatem
1213 2116 1281 2185 Dei
1299 2117 1462 2187 ostendit.
1511 2116 1606 2185 Haec
1621 2131 1739 2188 autem
1756 2145 1915 2214 expresse
1930 2128 2074 2199 ordinat

1090 2222 1313 2312 magistratus
1329 2233 1363 2289 et
1378 2244 1530 2312 poenas,
1556 2233 1596 2289 ut
1608 2219 1721 2291 Exod.
1735 2228 1797 2307 22,
1821 2226 1934 2323 (28.)
1968 2232 2073 2302 Prin.

1090 2325 1160 2415 cipi
1177 2323 1301 2415 populi
1318 2323 1369 2391 tui
1385 2348 1460 2391 non
1475 2322 1675 2395 maledices.
1724 2325 1830 2400 Dent.
1849 2330 1907 2402 19.
1935 2332 2074 2407 Consti.

1089 2439 1238 2497 tuantur
1254 2439 1464 2518 potestates,
1491 2425 1620 2495 indicia
1640 2441 1673 2496 et
1687 2452 1844 2519 poenae,
1871 2447 1907 2503 et
1927 2439 2074 2509 severis-

1088 2529 1176 2599 sima
1191 2554 1260 2597 vox
1277 2529 1419 2597 additur
1441 2527 1547 2620 (vers.
1567 2529 1624 2599 19.
1642 2529 1738 2623 20.);
1764 2531 1848 2602 Νοῃ
1872 2538 2073 2612 miserearis

1089 2633 1181 2715 eius,
1222 2632 1283 2700 sed
1307 2632 1445 2699 auferas
1470 2631 1604 2700 malum
1629 2635 1672 2701 de
1697 2635 1815 2703 medio
1837 2638 1908 2721 tui,
1948 2655 1988 2710 ut
2011 2668 2073 2713 an-

1089 2735 1223 2803 dientes
1238 2733 1365 2802 caeteri
1383 2733 1543 2802 timeant.

1191 2837 1280 2906 Cum
1305 2849 1422 2905 autem
1447 2836 1496 2902 ibi
1520 2837 1730 2926 expresserit
1752 2836 1849 2911 Deus
1869 2869 1971 2913 suam
1994 2872 2073 2916 sen-

1090 2939 1259 3022 tentiam,
1285 2939 1518 3008 certissimum
1534 2952 1604 3021 est,
1630 2938 1781 3009 similem
1807 2945 2073 3019 ordinationem

1090 3043 1120 3110 ei
1153 3043 1191 3110 in
1218 3055 1294 3110 toto
1318 3066 1446 3131 genere
1473 3037 1633 3110 humano
1658 3043 1809 3132 placere.
1870 3044 1946 3118 lmo
1969 3077 2073 3145 saepe

1089 3144 1175 3215 alias
1191 3147 1296 3213 docet
1309 3170 1379 3213 vox
1401 3143 1542 3225 divina,
1571 3143 1735 3214 ordinem
1757 3146 1795 3214 in
1817 3148 1977 3242 imperiis
1999 3180 2072 3225 esse

1090 3273 1179 3339 opus
1199 3248 1287 3329 Dei,
1315 3260 1349 3315 et
1363 3244 1441 3315 Deo
1463 3246 1607 3315 iuvante
1632 3251 1855 3334 conservari,
1882 3268 1922 3323 nt
1944 3256 2074 3327 Daniel
2115 3273 2118 3279 '

1089 3351 1221 3445 inquit:
1249 3350 1345 3419 Deus
1363 3349 1530 3417 transfert
1554 3362 1588 3416 et
1604 3349 1737 3418 stabilit
1757 3356 1934 3452 regnan).
1987 3358 2074 3431 [tem

1089 3454 1126 3520 in
1140 3452 1346 3523 Proverbiis
1364 3453 1417 3546 (8,
1437 3447 1512 3545 15.)
1531 3451 1616 3518 dicit
1629 3453 1802 3542 sapientia
1816 3455 1902 3527 Dei:
1930 3462 2000 3529 Per
2015 3489 2073 3532 me

1089 3582 1188 3647 reges
1207 3566 1370 3645 regnant.
1434 3549 1524 3620 Item
1548 3550 1736 3644 (Proverb.
1757 3557 1928 3655 16‚11.):
1964 3563 2073 3635 Libra

1090 3673 1125 3727 et
1141 3661 1280 3750 pondus
1296 3656 1425 3725 iudicia
1441 3654 1590 3722 Domini
1607 3670 1708 3741 sunt,
1736 3672 1770 3726 et
1793 3685 1916 3733 omnes
1938 3666 2074 3759 lapides

1090 3761 1237 3843 sacculi,
1262 3761 1387 3841 idest,
1413 3755 1512 3849 Deus.
1527 3770 1578 3826 est
1596 3771 1718 3843 autor,
1747 3781 1988 3853 conservator,
2014 3775 2074 3841 de.

1089 3867 1208 3935 fensor
1222 3863 1330 3932 totius
1349 3861 1483 3930 ordinis
1503 3859 1650 3952 politici.
1708 3861 1755 3932 Et
1777 3868 1968 3939 clarissima
1991 3899 2074 3942 con-

1091 3969 1144 4036 cio
1162 3980 1213 4036 cst
1226 3965 1328 4035 Pauli
1345 3966 1390 4032 ad
1409 3988 1532 4032 ornnes
1553 3977 1692 4053 gentes,
1720 3992 1789 4058 qua
1813 3983 1961 4041 testatur
1984 3975 2073 4042 divi-

1090 4072 1184 4139 nitus
1213 4067 1405 4160 approbari
1437 4079 1471 4135 et
1498 4066 1613 4134 iuvari
1639 4067 1821 4157 politicam
1845 4075 2073 4160 gubernatio-

1090 4199 1190 4254 nem,
1222 4171 1404 4252 lt0n1.13‚
1433 4164 1523 4263 (5.),
1557 4169 1618 4237 ubi
1641 4169 1739 4236 addit
1761 4184 1794 4238 et
1818 4169 1909 4242 hanc
1934 4191 2073 4247 senteu-

1089 4277 1192 4345 tiam:
1234 4273 1382 4343 Necesse
1405 4285 1457 4341 cst
1483 4271 1647 4351 obedire,
1688 4295 1762 4339 non
1786 4275 1900 4344 salum
1925 4295 2073 4372 propter

1091 4381 1200 4461 iram,
1227 4378 1287 4446 sed
1302 4388 1449 4468 propter
1463 4371 1726 4441 conscientiam.

1191 4480 1281 4549 Cum
1298 4479 1406 4570 igitur
1429 4477 1580 4546 sciamus
1600 4498 1761 4565 expressa
1782 4503 1867 4546 voce
1882 4479 1949 4548 Dei
1974 4483 2074 4557 insti-

1090 4597 1201 4654 tutam
1220 4595 1254 4651 et
1276 4583 1519 4649 confirmatam
1545 4601 1618 4646 essc
1642 4589 1854 4666 potestatem
1879 4583 2074 4673 politicam,

1088 4685 1287 4755 breuissime
1303 4696 1518 4763 statuamus,
1543 4678 1621 4748 Deo
1637 4680 1794 4750 debitum
1814 4709 1888 4753 csse
1906 4688 2074 4774 officium,

1090 4789 1328 4858 obedientiam
1353 4809 1443 4878 quae
1468 4781 1647 4874 legitimae
1671 4787 1838 4874 potestati
1860 4805 2073 4879 praestatur.

1088 4892 1195 4961 Multi
1215 4886 1377 4980 frigidius
1400 4885 1540 4981 loquuti
1562 4899 1663 4968 sxmt,
1689 4887 1751 4979 qui
1774 4888 1957 4977 dixerunt,
1984 4896 2074 4986 poli-

1088 5034 1293 5046 —---

1121 5125 1170 5185 76)
1188 5123 1281 5172 Verba
1299 5124 1372 5174 hebr.
1392 5124 1472 5175 strat:
1507 5108 1589 5195 *13⁸2*
1612 5108 1673 5189 ‘5723
1693 5118 1780 5198 ²3⁸3}
1805 5120 1895 5200 :⁸2³3ss
1915 5123 1956 5189 0¹2!
1978 5119 2075 5202 35²5,

1156 5195 1241 5241 verba
1260 5193 1357 5255 vulg:
1386 5193 1579 5256 „Qtticumque
1599 5194 1724 5242 ettvadertt
1741 5206 1884 5244 srumnaum
1903 5205 2073 5262 sauguinem,

1156 5276 1283 5325 scindetur
1301 5275 1416 5339 sanguis
1434 5271 1544 5338 tttias'',
1569 5275 1595 5322 ta
1615 5276 1712 5336 quibas
1731 5274 1819 5351 ²:¹33
1836 5295 1907 5342 „per
1925 5284 2075 5336 homiaera”

1156 5346 1287 5397 omissum
1305 5349 1358 5394 est.

1121 5430 1169 5496 77)
1189 5431 1267 5481 Coat.
1286 5432 1354 5482 Data.
1372 5430 1513 5568 2³13*ss
1535 5430 1574 5478 14.
1597 5430 1624 5491 5,
1642 5429 1695 5481 at.
