<?xml version="1.0" encoding="UTF-8"?>
<!DOCTYPE html PUBLIC "-//W3C//DTD XHTML 1.0 Transitional//EN"
    "http://www.w3.org/TR/xhtml1/DTD/xhtml1-transitional.dtd">
<html xmlns="http://www.w3.org/1999/xhtml" xml:lang="en" lang="en">
 <head>
  <title>
</title>
<meta http-equiv="Content-Type" content="text/html;charset=utf-8" />
  <meta name='ocr-system' content='tesseract 3.04.00' />
  <meta name='ocr-capabilities' content='ocr_page ocr_carea ocr_par ocr_line ocrx_word'/>
</head>
<body>
  <div class='ocr_page' id='page_1' title='image "./corpusreformato12melagoog/corpusreformato12melagoog_0310.png"; bbox 0 0 4544 5766; ppageno 0'>
   <div class='ocr_carea' id='block_1_1' title="bbox 61 200 2071 290">
    <p class='ocr_par' dir='ltr' id='par_1_1' title="bbox 61 200 2071 290">
     <span class='ocr_line' id='line_1_1' title="bbox 61 200 2071 290; baseline 0.003 -8"><span class='ocrx_word' id='word_1_1' title='bbox 61 202 141 282; x_wconf 75' lang='grc'>689</span> <span class='ocrx_word' id='word_1_2' title='bbox 549 212 575 288; x_wconf 84' lang='grc' dir='ltr'>Ι.</span> <span class='ocrx_word' id='word_1_3' title='bbox 631 200 998 289; x_wconf 72' lang='lat' dir='ltr'>anomooiint‘a</span> <span class='ocrx_word' id='word_1_4' title='bbox 1028 210 1078 290; x_wconf 90' lang='lat' dir='ltr'>IN</span> <span class='ocrx_word' id='word_1_5' title='bbox 1111 206 1586 287; x_wconf 61' lang='lat' dir='ltr'>omniacicnnouis</span> <span class='ocrx_word' id='word_1_6' title='bbox 1995 210 2071 288; x_wconf 75' lang='lat'>500</span> 
     </span>
    </p>
   </div>
   <div class='ocr_carea' id='block_1_2' title="bbox 56 371 2076 2742">
    <p class='ocr_par' dir='ltr' id='par_1_2' title="bbox 56 371 2076 2742">
     <span class='ocr_line' id='line_1_2' title="bbox 60 371 2069 479; baseline 0.002 -27"><span class='ocrx_word' id='word_1_7' title='bbox 60 406 133 452; x_wconf 89' lang='lat' dir='ltr'>rem</span> <span class='ocrx_word' id='word_1_8' title='bbox 156 381 287 454; x_wconf 80' lang='lat' dir='ltr'>facere.</span> <span class='ocrx_word' id='word_1_9' title='bbox 320 371 408 455; x_wconf 80' lang='lat' dir='ltr'>¹Est</span> <span class='ocrx_word' id='word_1_10' title='bbox 431 397 547 455; x_wconf 87' lang='lat' dir='ltr'>autem</span> <span class='ocrx_word' id='word_1_11' title='bbox 570 372 720 461; x_wconf 85' lang='lat' dir='ltr'>usitatus</span> <span class='ocrx_word' id='word_1_12' title='bbox 743 400 963 473; x_wconf 85' lang='lat' dir='ltr'>contractus,</span> <span class='ocrx_word' id='word_1_13' title='bbox 1001 400 1042 459; x_wconf 89' lang='lat' dir='ltr'>ut</span> <span class='ocrx_word' id='word_1_14' title='bbox 1093 374 1167 459; x_wconf 87' lang='lat' dir='ltr'>non</span> <span class='ocrx_word' id='word_1_15' title='bbox 1182 400 1234 459; x_wconf 86' lang='lat' dir='ltr'>est</span> <span class='ocrx_word' id='word_1_16' title='bbox 1248 408 1409 478; x_wconf 83' lang='lat' dir='ltr'>expresse</span> <span class='ocrx_word' id='word_1_17' title='bbox 1426 384 1560 455; x_wconf 88' lang='lat' dir='ltr'>mentio</span> <span class='ocrx_word' id='word_1_18' title='bbox 1581 387 1673 454; x_wconf 82' lang='lat' dir='ltr'>facta</span> <span class='ocrx_word' id='word_1_19' title='bbox 1695 386 1790 456; x_wconf 84' lang='lat' dir='ltr'>illius</span> <span class='ocrx_word' id='word_1_20' title='bbox 1811 389 2069 479; x_wconf 87' lang='lat' dir='ltr'>compensatio-</span> 
     </span>
     <span class='ocr_line' id='line_1_3' title="bbox 60 482 2070 582; baseline 0.003 -30"><span class='ocrx_word' id='word_1_21' title='bbox 60 486 271 579; x_wconf 88' lang='lat' dir='ltr'>plcrumque</span> <span class='ocrx_word' id='word_1_22' title='bbox 287 497 408 555; x_wconf 90' lang='lat' dir='ltr'>tenent</span> <span class='ocrx_word' id='word_1_23' title='bbox 422 482 491 558; x_wconf 91' lang='lat' dir='ltr'>hoc</span> <span class='ocrx_word' id='word_1_24' title='bbox 508 492 616 560; x_wconf 93' lang='lat' dir='ltr'>modo</span> <span class='ocrx_word' id='word_1_25' title='bbox 632 493 808 582; x_wconf 74' lang='lat' dir='ltr'>agricolae</span> <span class='ocrx_word' id='word_1_26' title='bbox 829 494 977 575; x_wconf 85' lang='lat' dir='ltr'>fundos,</span> <span class='ocrx_word' id='word_1_27' title='bbox 1003 490 1041 559; x_wconf 93' lang='lat' dir='ltr'>in</span> <span class='ocrx_word' id='word_1_28' title='bbox 1090 493 1158 566; x_wconf 90' lang='lat' dir='ltr'>nis.</span> <span class='ocrx_word' id='word_1_29' title='bbox 1208 490 1426 561; x_wconf 86' lang='lat' dir='ltr'>Numeratur</span> <span class='ocrx_word' id='word_1_30' title='bbox 1443 511 1526 578; x_wconf 86' lang='lat' dir='ltr'>ergo</span> <span class='ocrx_word' id='word_1_31' title='bbox 1541 489 1669 557; x_wconf 90' lang='lat' dir='ltr'>locatio</span> <span class='ocrx_word' id='word_1_32' title='bbox 1683 490 1777 559; x_wconf 91' lang='lat' dir='ltr'>inter</span> <span class='ocrx_word' id='word_1_33' title='bbox 1790 503 1990 562; x_wconf 90' lang='lat' dir='ltr'>contractus</span> <span class='ocrx_word' id='word_1_34' title='bbox 2006 492 2070 560; x_wconf 89' lang='lat' dir='ltr'>bo-</span> 
     </span>
     <span class='ocr_line' id='line_1_4' title="bbox 59 587 1826 686; baseline 0.003 -30"><span class='ocrx_word' id='word_1_35' title='bbox 59 587 190 681; x_wconf 86' lang='lat' dir='ltr'>quibus</span> <span class='ocrx_word' id='word_1_36' title='bbox 213 601 352 659; x_wconf 90' lang='lat' dir='ltr'>tantum</span> <span class='ocrx_word' id='word_1_37' title='bbox 376 587 509 661; x_wconf 87' lang='lat' dir='ltr'>habent</span> <span class='ocrx_word' id='word_1_38' title='bbox 528 593 614 663; x_wconf 91' lang='lat' dir='ltr'>utile</span> <span class='ocrx_word' id='word_1_39' title='bbox 638 592 837 666; x_wconf 88' lang='lat' dir='ltr'>dominium</span> <span class='ocrx_word' id='word_1_40' title='bbox 858 619 924 686; x_wconf 91' lang='lat' dir='ltr'>pro</span> <span class='ocrx_word' id='word_1_41' title='bbox 947 607 1041 664; x_wconf 91' lang='lat' dir='ltr'>certa</span> <span class='ocrx_word' id='word_1_42' title='bbox 1092 621 1159 665; x_wconf 90' lang='lat' dir='ltr'>nae</span> <span class='ocrx_word' id='word_1_43' title='bbox 1176 593 1268 664; x_wconf 88' lang='lat' dir='ltr'>fidei.</span> <span class='ocrx_word' id='word_1_44' title='bbox 1821 601 1826 623; x_wconf 78' lang='lat'>⁸</span> 
     </span>
     <span class='ocr_line' id='line_1_5' title="bbox 60 691 2070 782; baseline 0.003 -23"><span class='ocrx_word' id='word_1_45' title='bbox 60 691 245 782; x_wconf 84' lang='lat' dir='ltr'>pensione.</span> <span class='ocrx_word' id='word_1_46' title='bbox 1191 697 1342 766; x_wconf 80' lang='lat' dir='ltr'>Prodest</span> <span class='ocrx_word' id='word_1_47' title='bbox 1357 704 1474 760; x_wconf 89' lang='lat' dir='ltr'>autem</span> <span class='ocrx_word' id='word_1_48' title='bbox 1490 693 1649 763; x_wconf 88' lang='lat' dir='ltr'>moribus</span> <span class='ocrx_word' id='word_1_49' title='bbox 1661 717 1764 767; x_wconf 91' lang='lat' dir='ltr'>nosse</span> <span class='ocrx_word' id='word_1_50' title='bbox 1788 710 1824 766; x_wconf 89' lang='lat' dir='ltr'>ct</span> <span class='ocrx_word' id='word_1_51' title='bbox 1846 696 2070 767; x_wconf 89' lang='lat' dir='ltr'>considerare</span> 
     </span>
     <span class='ocr_line' id='line_1_6' title="bbox 157 793 2071 882; baseline 0.004 -20"><span class='ocrx_word' id='word_1_52' title='bbox 157 793 261 864; x_wconf 77' lang='lat' dir='ltr'>Alius</span> <span class='ocrx_word' id='word_1_53' title='bbox 296 808 348 865; x_wconf 92' lang='lat' dir='ltr'>est</span> <span class='ocrx_word' id='word_1_54' title='bbox 378 809 578 868; x_wconf 90' lang='lat' dir='ltr'>contractus</span> <span class='ocrx_word' id='word_1_55' title='bbox 607 794 690 870; x_wconf 92' lang='lat' dir='ltr'>huic</span> <span class='ocrx_word' id='word_1_56' title='bbox 719 797 855 870; x_wconf 88' lang='lat' dir='ltr'>vicinus</span> <span class='ocrx_word' id='word_1_57' title='bbox 881 798 1041 870; x_wconf 84' lang='lat' dir='ltr'>feudalis.</span> <span class='ocrx_word' id='word_1_58' title='bbox 1092 799 1281 871; x_wconf 86' lang='lat' dir='ltr'>discrimen</span> <span class='ocrx_word' id='word_1_59' title='bbox 1296 806 1540 866; x_wconf 77' lang='lat' dir='ltr'>contractuum</span> <span class='ocrx_word' id='word_1_60' title='bbox 1556 798 1671 865; x_wconf 89' lang='lat' dir='ltr'>honae</span> <span class='ocrx_word' id='word_1_61' title='bbox 1683 798 1777 882; x_wconf 86' lang='lat' dir='ltr'>fidei,</span> <span class='ocrx_word' id='word_1_62' title='bbox 1801 813 1835 869; x_wconf 90' lang='lat' dir='ltr'>et</span> <span class='ocrx_word' id='word_1_63' title='bbox 1850 812 2071 869; x_wconf 89' lang='lat' dir='ltr'>contractum</span> 
     </span>
     <span class='ocr_line' id='line_1_7' title="bbox 57 890 2072 998; baseline 0.002 -32"><span class='ocrx_word' id='word_1_64' title='bbox 57 894 200 966; x_wconf 90' lang='lat' dir='ltr'>Nomen</span> <span class='ocrx_word' id='word_1_65' title='bbox 219 910 350 967; x_wconf 77' lang='lat' dir='ltr'>autem</span> <span class='ocrx_word' id='word_1_66' title='bbox 372 897 402 966; x_wconf 87' lang='lat' dir='ltr'><strong>F</strong></span> <span class='ocrx_word' id='word_1_67' title='bbox 404 901 534 970; x_wconf 90' lang='lat' dir='ltr'>endum</span> <span class='ocrx_word' id='word_1_68' title='bbox 565 914 617 971; x_wconf 89' lang='lat' dir='ltr'>est</span> <span class='ocrx_word' id='word_1_69' title='bbox 647 902 885 994; x_wconf 83' lang='lat' dir='ltr'>germanicum</span> <span class='ocrx_word' id='word_1_70' title='bbox 915 900 1041 993; x_wconf 75' lang='lat' dir='ltr'>foeben,</span> <span class='ocrx_word' id='word_1_71' title='bbox 1091 903 1202 975; x_wconf 89' lang='lat' dir='ltr'>stricti</span> <span class='ocrx_word' id='word_1_72' title='bbox 1216 901 1313 971; x_wconf 90' lang='lat' dir='ltr'>iuris.</span> <span class='ocrx_word' id='word_1_73' title='bbox 1367 895 1575 970; x_wconf 87' lang='lat' dir='ltr'>Contractus</span> <span class='ocrx_word' id='word_1_74' title='bbox 1590 900 1704 968; x_wconf 89' lang='lat' dir='ltr'>bonae</span> <span class='ocrx_word' id='word_1_75' title='bbox 1719 902 1801 971; x_wconf 86' lang='lat' dir='ltr'>fidei</span> <span class='ocrx_word' id='word_1_76' title='bbox 1815 890 1915 987; x_wconf 90' lang='lat' dir='ltr'>sunt,</span> <span class='ocrx_word' id='word_1_77' title='bbox 1941 902 1979 970; x_wconf 92' lang='lat' dir='ltr'>in</span> <span class='ocrx_word' id='word_1_78' title='bbox 1994 902 2072 998; x_wconf 80' lang='lat' dir='ltr'>qui-</span> 
     </span>
     <span class='ocr_line' id='line_1_8' title="bbox 58 1000 2071 1099; baseline 0.003 -32"><span class='ocrx_word' id='word_1_79' title='bbox 58 1000 157 1092; x_wconf 89' lang='lat' dir='ltr'>quod</span> <span class='ocrx_word' id='word_1_80' title='bbox 173 1011 227 1069; x_wconf 89' lang='lat' dir='ltr'>est</span> <span class='ocrx_word' id='word_1_81' title='bbox 245 1025 387 1091; x_wconf 85' lang='lat' dir='ltr'>pascere</span> <span class='ocrx_word' id='word_1_82' title='bbox 395 1002 463 1097; x_wconf 75' lang='lat'>³⁹),</span> <span class='ocrx_word' id='word_1_83' title='bbox 489 1006 583 1073; x_wconf 86' lang='lat' dir='ltr'>unde</span> <span class='ocrx_word' id='word_1_84' title='bbox 601 1018 652 1074; x_wconf 89' lang='lat' dir='ltr'>cst</span> <span class='ocrx_word' id='word_1_85' title='bbox 671 1030 802 1075; x_wconf 90' lang='lat' dir='ltr'>nomen</span> <span class='ocrx_word' id='word_1_86' title='bbox 818 1004 979 1099; x_wconf 53' lang='lat' dir='ltr'>iiiviri),</span> <span class='ocrx_word' id='word_1_87' title='bbox 1004 1005 1041 1074; x_wconf 90' lang='lat' dir='ltr'>id</span> <span class='ocrx_word' id='word_1_88' title='bbox 1090 1008 1157 1078; x_wconf 89' lang='lat' dir='ltr'>bus</span> <span class='ocrx_word' id='word_1_89' title='bbox 1171 1005 1290 1099; x_wconf 87' lang='lat' dir='ltr'>aliqua</span> <span class='ocrx_word' id='word_1_90' title='bbox 1307 1024 1382 1072; x_wconf 92' lang='lat' dir='ltr'>non</span> <span class='ocrx_word' id='word_1_91' title='bbox 1397 1015 1601 1093; x_wconf 86' lang='lat' dir='ltr'>nuncupata</span> <span class='ocrx_word' id='word_1_92' title='bbox 1618 1002 1757 1093; x_wconf 84' lang='lat' dir='ltr'>lingua,</span> <span class='ocrx_word' id='word_1_93' title='bbox 1784 1008 1902 1074; x_wconf 83' lang='lat' dir='ltr'>tamen</span> <span class='ocrx_word' id='word_1_94' title='bbox 1923 1018 2071 1097; x_wconf 85' lang='lat' dir='ltr'>propter</span> 
     </span>
     <span class='ocr_line' id='line_1_9' title="bbox 59 1101 2071 1203; baseline 0.002 -32"><span class='ocrx_word' id='word_1_95' title='bbox 59 1112 127 1184; x_wconf 86' lang='lat' dir='ltr'>est,</span> <span class='ocrx_word' id='word_1_96' title='bbox 155 1101 316 1173; x_wconf 87' lang='lat' dir='ltr'>Villieus.</span> <span class='ocrx_word' id='word_1_97' title='bbox 373 1102 454 1174; x_wconf 91' lang='lat' dir='ltr'>ltali</span> <span class='ocrx_word' id='word_1_98' title='bbox 475 1106 596 1176; x_wconf 91' lang='lat' dir='ltr'>dicunt</span> <span class='ocrx_word' id='word_1_99' title='bbox 618 1132 750 1177; x_wconf 89' lang='lat' dir='ltr'>nomen</span> <span class='ocrx_word' id='word_1_100' title='bbox 772 1133 792 1177; x_wconf 92' lang='lat' dir='ltr'>a</span> <span class='ocrx_word' id='word_1_101' title='bbox 818 1109 886 1177; x_wconf 91' lang='lat' dir='ltr'>fide</span> <span class='ocrx_word' id='word_1_102' title='bbox 909 1108 1040 1177; x_wconf 87' lang='lat' dir='ltr'>lactum</span> <span class='ocrx_word' id='word_1_103' title='bbox 1092 1108 1342 1203; x_wconf 88' lang='lat' dir='ltr'>aequalitatem</span> <span class='ocrx_word' id='word_1_104' title='bbox 1361 1104 1544 1175; x_wconf 84' lang='lat' dir='ltr'>debentur.</span> <span class='ocrx_word' id='word_1_105' title='bbox 1594 1105 1685 1175; x_wconf 83' lang='lat' dir='ltr'>Sunt</span> <span class='ocrx_word' id='word_1_106' title='bbox 1707 1120 1825 1177; x_wconf 88' lang='lat' dir='ltr'>autem</span> <span class='ocrx_word' id='word_1_107' title='bbox 1850 1104 1906 1176; x_wconf 93' lang='lat' dir='ltr'>hi:</span> <span class='ocrx_word' id='word_1_108' title='bbox 1939 1107 2071 1177; x_wconf 86' lang='lat' dir='ltr'>Vendi-</span> 
     </span>
     <span class='ocr_line' id='line_1_10' title="bbox 58 1205 2071 1304; baseline 0.003 -32"><span class='ocrx_word' id='word_1_109' title='bbox 58 1228 152 1287; x_wconf 86' lang='lat' dir='ltr'>esse‚</span> <span class='ocrx_word' id='word_1_110' title='bbox 186 1205 272 1299; x_wconf 89' lang='lat' dir='ltr'>quia</span> <span class='ocrx_word' id='word_1_111' title='bbox 291 1219 413 1277; x_wconf 92' lang='lat' dir='ltr'>mutua</span> <span class='ocrx_word' id='word_1_112' title='bbox 439 1211 612 1304; x_wconf 88' lang='lat' dir='ltr'>quaedam</span> <span class='ocrx_word' id='word_1_113' title='bbox 631 1210 702 1281; x_wconf 93' lang='lat' dir='ltr'>sint</span> <span class='ocrx_word' id='word_1_114' title='bbox 722 1209 836 1280; x_wconf 89' lang='lat' dir='ltr'>officia</span> <span class='ocrx_word' id='word_1_115' title='bbox 860 1210 954 1279; x_wconf 89' lang='lat' dir='ltr'>inter</span> <span class='ocrx_word' id='word_1_116' title='bbox 978 1212 1041 1279; x_wconf 94' lang='lat' dir='ltr'>do·</span> <span class='ocrx_word' id='word_1_117' title='bbox 1091 1214 1164 1294; x_wconf 90' lang='lat' dir='ltr'>tio,</span> <span class='ocrx_word' id='word_1_118' title='bbox 1190 1209 1342 1302; x_wconf 88' lang='lat' dir='ltr'>emptio,</span> <span class='ocrx_word' id='word_1_119' title='bbox 1367 1206 1517 1290; x_wconf 90' lang='lat' dir='ltr'>locatio,</span> <span class='ocrx_word' id='word_1_120' title='bbox 1542 1208 1751 1292; x_wconf 90' lang='lat' dir='ltr'>conductio,</span> <span class='ocrx_word' id='word_1_121' title='bbox 1777 1211 1990 1303; x_wconf 86' lang='lat' dir='ltr'>depositum,-</span> <span class='ocrx_word' id='word_1_122' title='bbox 2015 1236 2071 1279; x_wconf 93' lang='lat' dir='ltr'>so-</span> 
     </span>
     <span class='ocr_line' id='line_1_11' title="bbox 57 1300 2072 1396; baseline 0.004 -23"><span class='ocrx_word' id='word_1_123' title='bbox 57 1306 199 1377; x_wconf 90' lang='lat' dir='ltr'>minum</span> <span class='ocrx_word' id='word_1_124' title='bbox 236 1309 334 1380; x_wconf 82' lang='lat' dir='ltr'>feudi</span> <span class='ocrx_word' id='word_1_125' title='bbox 374 1323 410 1379; x_wconf 91' lang='lat' dir='ltr'>ct</span> <span class='ocrx_word' id='word_1_126' title='bbox 445 1312 539 1381; x_wconf 91' lang='lat' dir='ltr'>inter</span> <span class='ocrx_word' id='word_1_127' title='bbox 566 1325 745 1382; x_wconf 86' lang='lat' dir='ltr'>tenentem</span> <span class='ocrx_word' id='word_1_128' title='bbox 779 1314 836 1382; x_wconf 84' lang='lat' dir='ltr'>vel</span> <span class='ocrx_word' id='word_1_129' title='bbox 866 1317 1040 1383; x_wconf 83' lang='lat' dir='ltr'>fruentem</span> <span class='ocrx_word' id='word_1_130' title='bbox 1092 1319 1218 1396; x_wconf 88' lang='lat' dir='ltr'>cietas,</span> <span class='ocrx_word' id='word_1_131' title='bbox 1257 1310 1539 1390; x_wconf 64' lang='lat' dir='ltr'>commodatum</span> <span class='ocrx_word' id='word_1_132' title='bbox 1591 1323 1632 1380; x_wconf 91' lang='lat' dir='ltr'>ut</span> <span class='ocrx_word' id='word_1_133' title='bbox 1662 1335 1742 1380; x_wconf 89' lang='lat' dir='ltr'>curn</span> <span class='ocrx_word' id='word_1_134' title='bbox 1774 1309 1938 1389; x_wconf 78' lang='lat' dir='ltr'>venditor</span> <span class='ocrx_word' id='word_1_135' title='bbox 1960 1300 2072 1383; x_wconf 87' lang='lat' dir='ltr'>sciens</span> 
     </span>
     <span class='ocr_line' id='line_1_12' title="bbox 56 1411 2072 1507; baseline 0.003 -30"><span class='ocrx_word' id='word_1_136' title='bbox 56 1411 177 1480; x_wconf 82' lang='lat' dir='ltr'>leudo.</span> <span class='ocrx_word' id='word_1_137' title='bbox 355 1450 361 1459; x_wconf 92' lang='lat'><em>-</em></span> <span class='ocrx_word' id='word_1_138' title='bbox 1091 1416 1215 1491; x_wconf 85' lang='lat' dir='ltr'>selellit</span> <span class='ocrx_word' id='word_1_139' title='bbox 1235 1427 1451 1507; x_wconf 84' lang='lat' dir='ltr'>emptorem,</span> <span class='ocrx_word' id='word_1_140' title='bbox 1478 1426 1567 1482; x_wconf 89' lang='lat' dir='ltr'>esset</span> <span class='ocrx_word' id='word_1_141' title='bbox 1588 1414 1840 1506; x_wconf 87' lang='lat' dir='ltr'>inaequalitas,</span> <span class='ocrx_word' id='word_1_142' title='bbox 1867 1418 1896 1486; x_wconf 92' lang='lat' dir='ltr'>si</span> <span class='ocrx_word' id='word_1_143' title='bbox 1919 1417 2072 1507; x_wconf 89' lang='lat' dir='ltr'>pretium</span> 
     </span>
     <span class='ocr_line' id='line_1_13' title="bbox 160 1511 2073 1611; baseline 0.003 -29"><span class='ocrx_word' id='word_1_144' title='bbox 160 1511 227 1583; x_wconf 86' lang='lat' dir='ltr'>Est</span> <span class='ocrx_word' id='word_1_145' title='bbox 247 1526 366 1585; x_wconf 90' lang='lat' dir='ltr'>autem</span> <span class='ocrx_word' id='word_1_146' title='bbox 385 1517 533 1587; x_wconf 85' lang='lat' dir='ltr'>feudalis</span> <span class='ocrx_word' id='word_1_147' title='bbox 558 1530 758 1589; x_wconf 89' lang='lat' dir='ltr'>contractus</span> <span class='ocrx_word' id='word_1_148' title='bbox 784 1517 971 1610; x_wconf 83' lang='lat' dir='ltr'>obligatio,</span> <span class='ocrx_word' id='word_1_149' title='bbox 1002 1517 1041 1585; x_wconf 91' lang='lat' dir='ltr'>in</span> <span class='ocrx_word' id='word_1_150' title='bbox 1092 1526 1237 1593; x_wconf 90' lang='lat' dir='ltr'>daretur</span> <span class='ocrx_word' id='word_1_151' title='bbox 1259 1543 1326 1611; x_wconf 92' lang='lat' dir='ltr'>pro</span> <span class='ocrx_word' id='word_1_152' title='bbox 1351 1541 1390 1585; x_wconf 93' lang='lat' dir='ltr'>re</span> <span class='ocrx_word' id='word_1_153' title='bbox 1414 1515 1544 1585; x_wconf 90' lang='lat' dir='ltr'>inutili.</span> <span class='ocrx_word' id='word_1_154' title='bbox 1607 1514 1693 1583; x_wconf 89' lang='lat' dir='ltr'>lnde</span> <span class='ocrx_word' id='word_1_155' title='bbox 1724 1531 1824 1589; x_wconf 87' lang='lat' dir='ltr'>vetus</span> <span class='ocrx_word' id='word_1_156' title='bbox 1848 1520 2073 1589; x_wconf 86' lang='lat' dir='ltr'>dictumest:</span> 
     </span>
     <span class='ocr_line' id='line_1_14' title="bbox 57 1615 2072 1713; baseline 0.002 -29"><span class='ocrx_word' id='word_1_157' title='bbox 57 1638 126 1710; x_wconf 85' lang='lat' dir='ltr'>qua</span> <span class='ocrx_word' id='word_1_158' title='bbox 160 1618 377 1687; x_wconf 83' lang='lat' dir='ltr'>transferens</span> <span class='ocrx_word' id='word_1_159' title='bbox 398 1619 436 1687; x_wconf 91' lang='lat' dir='ltr'>in</span> <span class='ocrx_word' id='word_1_160' title='bbox 459 1620 567 1690; x_wconf 89' lang='lat' dir='ltr'>alium</span> <span class='ocrx_word' id='word_1_161' title='bbox 589 1622 691 1692; x_wconf 90' lang='lat' dir='ltr'>fundi</span> <span class='ocrx_word' id='word_1_162' title='bbox 719 1622 918 1691; x_wconf 90' lang='lat' dir='ltr'>dominium</span> <span class='ocrx_word' id='word_1_163' title='bbox 943 1621 1041 1704; x_wconf 85' lang='lat' dir='ltr'>utile,</span> <span class='ocrx_word' id='word_1_164' title='bbox 1091 1623 1314 1695; x_wconf 91' lang='lat' dir='ltr'>lnterbonos</span> <span class='ocrx_word' id='word_1_165' title='bbox 1329 1621 1419 1689; x_wconf 87' lang='lat' dir='ltr'>bene</span> <span class='ocrx_word' id='word_1_166' title='bbox 1435 1615 1605 1712; x_wconf 72' lang='lat' dir='ltr'>agier⁴¹),</span> <span class='ocrx_word' id='word_1_167' title='bbox 1631 1617 1667 1686; x_wconf 91' lang='lat' dir='ltr'>id</span> <span class='ocrx_word' id='word_1_168' title='bbox 1690 1631 1760 1704; x_wconf 90' lang='lat' dir='ltr'>est,</span> <span class='ocrx_word' id='word_1_169' title='bbox 1786 1634 1941 1713; x_wconf 89' lang='lat' dir='ltr'>praestet</span> <span class='ocrx_word' id='word_1_170' title='bbox 1961 1617 2072 1691; x_wconf 90' lang='lat' dir='ltr'>homo</span> 
     </span>
     <span class='ocr_line' id='line_1_15' title="bbox 56 1718 2074 1818; baseline 0.003 -31"><span class='ocrx_word' id='word_1_171' title='bbox 56 1718 190 1788; x_wconf 86' lang='lat' dir='ltr'>retinet</span> <span class='ocrx_word' id='word_1_172' title='bbox 204 1720 402 1791; x_wconf 90' lang='lat' dir='ltr'>dominium</span> <span class='ocrx_word' id='word_1_173' title='bbox 415 1722 608 1808; x_wconf 86' lang='lat' dir='ltr'>directum,</span> <span class='ocrx_word' id='word_1_174' title='bbox 635 1737 670 1794; x_wconf 90' lang='lat' dir='ltr'>et</span> <span class='ocrx_word' id='word_1_175' title='bbox 693 1725 825 1814; x_wconf 83' lang='lat' dir='ltr'>obligat</span> <span class='ocrx_word' id='word_1_176' title='bbox 846 1724 944 1794; x_wconf 93' lang='lat' dir='ltr'>illum</span> <span class='ocrx_word' id='word_1_177' title='bbox 967 1748 1042 1792; x_wconf 93' lang='lat' dir='ltr'>non</span> <span class='ocrx_word' id='word_1_178' title='bbox 1079 1726 1260 1799; x_wconf 80' lang='lat' dir='ltr'>honestus</span> <span class='ocrx_word' id='word_1_179' title='bbox 1273 1749 1333 1807; x_wconf 87' lang='lat' dir='ltr'>ea,</span> <span class='ocrx_word' id='word_1_180' title='bbox 1360 1745 1450 1816; x_wconf 83' lang='lat' dir='ltr'>quae</span> <span class='ocrx_word' id='word_1_181' title='bbox 1468 1721 1664 1790; x_wconf 91' lang='lat' dir='ltr'>communis</span> <span class='ocrx_word' id='word_1_182' title='bbox 1679 1725 1772 1792; x_wconf 92' lang='lat' dir='ltr'>ratio</span> <span class='ocrx_word' id='word_1_183' title='bbox 1788 1725 1921 1794; x_wconf 91' lang='lat' dir='ltr'>iudicat</span> <span class='ocrx_word' id='word_1_184' title='bbox 1943 1747 2074 1818; x_wconf 88' lang='lat' dir='ltr'>aequa-</span> 
     </span>
     <span class='ocr_line' id='line_1_16' title="bbox 57 1821 2073 1919; baseline 0.002 -29"><span class='ocrx_word' id='word_1_185' title='bbox 57 1823 100 1890; x_wconf 92' lang='lat' dir='ltr'>ad</span> <span class='ocrx_word' id='word_1_186' title='bbox 116 1821 332 1913; x_wconf 89' lang='lat' dir='ltr'>pensionem</span> <span class='ocrx_word' id='word_1_187' title='bbox 347 1824 524 1918; x_wconf 82' lang='lat' dir='ltr'>aliquam,</span> <span class='ocrx_word' id='word_1_188' title='bbox 559 1829 620 1898; x_wconf 88' lang='lat' dir='ltr'>sed</span> <span class='ocrx_word' id='word_1_189' title='bbox 643 1831 689 1897; x_wconf 90' lang='lat' dir='ltr'>ad</span> <span class='ocrx_word' id='word_1_190' title='bbox 709 1828 900 1897; x_wconf 89' lang='lat' dir='ltr'>militarem</span> <span class='ocrx_word' id='word_1_191' title='bbox 920 1851 1041 1918; x_wconf 92' lang='lat' dir='ltr'>perso·</span> <span class='ocrx_word' id='word_1_192' title='bbox 1092 1835 1138 1903; x_wconf 93' lang='lat' dir='ltr'>lia</span> <span class='ocrx_word' id='word_1_193' title='bbox 1158 1853 1251 1913; x_wconf 89' lang='lat' dir='ltr'>csse,</span> <span class='ocrx_word' id='word_1_194' title='bbox 1277 1825 1506 1896; x_wconf 88' lang='lat' dir='ltr'>etiamsinon</span> <span class='ocrx_word' id='word_1_195' title='bbox 1531 1835 1615 1893; x_wconf 91' lang='lat' dir='ltr'>sunt</span> <span class='ocrx_word' id='word_1_196' title='bbox 1637 1825 1756 1894; x_wconf 89' lang='lat' dir='ltr'>omnia</span> <span class='ocrx_word' id='word_1_197' title='bbox 1780 1838 1982 1919; x_wconf 89' lang='lat' dir='ltr'>nuncupata</span> <span class='ocrx_word' id='word_1_198' title='bbox 2004 1827 2073 1894; x_wconf 90' lang='lat' dir='ltr'>lin·</span> 
     </span>
     <span class='ocr_line' id='line_1_17' title="bbox 56 1925 2073 2030; baseline 0.001 -37"><span class='ocrx_word' id='word_1_199' title='bbox 56 1948 123 1994; x_wconf 91' lang='lat' dir='ltr'>nae</span> <span class='ocrx_word' id='word_1_200' title='bbox 147 1925 321 1996; x_wconf 87' lang='lat' dir='ltr'>laborem.</span> <span class='ocrx_word' id='word_1_201' title='bbox 387 1928 443 1996; x_wconf 90' lang='lat' dir='ltr'>Sic</span> <span class='ocrx_word' id='word_1_202' title='bbox 465 1929 717 2000; x_wconf 87' lang='lat' dir='ltr'>Constantinus</span> <span class='ocrx_word' id='word_1_203' title='bbox 739 1930 820 2000; x_wconf 93' lang='lat' dir='ltr'>tulit</span> <span class='ocrx_word' id='word_1_204' title='bbox 837 1930 971 2020; x_wconf 85' lang='lat' dir='ltr'>legem,</span> <span class='ocrx_word' id='word_1_205' title='bbox 1001 1940 1043 1999; x_wconf 92' lang='lat' dir='ltr'>ut</span> <span class='ocrx_word' id='word_1_206' title='bbox 1093 1960 1172 2030; x_wconf 80' lang='lat' dir='ltr'>gua.</span> <span class='ocrx_word' id='word_1_207' title='bbox 1223 1929 1275 1999; x_wconf 90' lang='lat' dir='ltr'>lta</span> <span class='ocrx_word' id='word_1_208' title='bbox 1292 1929 1323 2000; x_wconf 92' lang='lat' dir='ltr'>si</span> <span class='ocrx_word' id='word_1_209' title='bbox 1344 1927 1430 2022; x_wconf 91' lang='lat' dir='ltr'>quid</span> <span class='ocrx_word' id='word_1_210' title='bbox 1451 1937 1659 2017; x_wconf 89' lang='lat' dir='ltr'>corruptum</span> <span class='ocrx_word' id='word_1_211' title='bbox 1683 1939 1735 1996; x_wconf 89' lang='lat' dir='ltr'>cst</span> <span class='ocrx_word' id='word_1_212' title='bbox 1758 1931 1859 2022; x_wconf 88' lang='lat' dir='ltr'>culpa</span> <span class='ocrx_word' id='word_1_213' title='bbox 1884 1931 1977 2012; x_wconf 90' lang='lat' dir='ltr'>eius,</span> <span class='ocrx_word' id='word_1_214' title='bbox 2011 1929 2073 2023; x_wconf 88' lang='lat' dir='ltr'>qui</span> 
     </span>
     <span class='ocr_line' id='line_1_18' title="bbox 57 2027 2074 2124; baseline 0.002 -28"><span class='ocrx_word' id='word_1_215' title='bbox 57 2027 131 2096; x_wconf 91' lang='lat' dir='ltr'>dati</span> <span class='ocrx_word' id='word_1_216' title='bbox 146 2028 252 2098; x_wconf 81' lang='lat' dir='ltr'>fundi</span> <span class='ocrx_word' id='word_1_217' title='bbox 264 2029 436 2102; x_wconf 84' lang='lat' dir='ltr'>militibus</span> <span class='ocrx_word' id='word_1_218' title='bbox 448 2031 486 2100; x_wconf 92' lang='lat' dir='ltr'>in</span> <span class='ocrx_word' id='word_1_219' title='bbox 501 2033 665 2124; x_wconf 88' lang='lat' dir='ltr'>imperio,</span> <span class='ocrx_word' id='word_1_220' title='bbox 691 2034 883 2102; x_wconf 83' lang='lat' dir='ltr'>transirent</span> <span class='ocrx_word' id='word_1_221' title='bbox 896 2033 942 2101; x_wconf 92' lang='lat' dir='ltr'>ad</span> <span class='ocrx_word' id='word_1_222' title='bbox 958 2028 1041 2100; x_wconf 90' lang='lat' dir='ltr'>hae·</span> <span class='ocrx_word' id='word_1_223' title='bbox 1092 2064 1175 2111; x_wconf 93' lang='lat' dir='ltr'>usus</span> <span class='ocrx_word' id='word_1_224' title='bbox 1191 2048 1298 2106; x_wconf 84' lang='lat' dir='ltr'>estre</span> <span class='ocrx_word' id='word_1_225' title='bbox 1318 2031 1453 2114; x_wconf 86' lang='lat' dir='ltr'>locata,</span> <span class='ocrx_word' id='word_1_226' title='bbox 1481 2030 1543 2098; x_wconf 87' lang='lat' dir='ltr'>fiat</span> <span class='ocrx_word' id='word_1_227' title='bbox 1564 2032 1827 2121; x_wconf 84' lang='lat' dir='ltr'>compensatio,</span> <span class='ocrx_word' id='word_1_228' title='bbox 1851 2031 1987 2102; x_wconf 89' lang='lat' dir='ltr'>etiamsi</span> <span class='ocrx_word' id='word_1_229' title='bbox 2009 2056 2074 2100; x_wconf 93' lang='lat' dir='ltr'>no-</span> 
     </span>
     <span class='ocr_line' id='line_1_19' title="bbox 57 2125 2076 2229; baseline 0.001 -30"><span class='ocrx_word' id='word_1_230' title='bbox 57 2132 161 2201; x_wconf 84' lang='lat' dir='ltr'>redes</span> <span class='ocrx_word' id='word_1_231' title='bbox 185 2125 256 2200; x_wconf 92' lang='lat' dir='ltr'>hoc</span> <span class='ocrx_word' id='word_1_232' title='bbox 277 2134 404 2218; x_wconf 90' lang='lat' dir='ltr'>modo,</span> <span class='ocrx_word' id='word_1_233' title='bbox 438 2134 676 2207; x_wconf 85' lang='lat' dir='ltr'>utRomanus</span> <span class='ocrx_word' id='word_1_234' title='bbox 697 2137 891 2227; x_wconf 91' lang='lat' dir='ltr'>imperator</span> <span class='ocrx_word' id='word_1_235' title='bbox 911 2136 1041 2203; x_wconf 90' lang='lat' dir='ltr'>retine·</span> <span class='ocrx_word' id='word_1_236' title='bbox 1092 2137 1254 2213; x_wconf 65' lang='lat' dir='ltr'>minutim</span> <span class='ocrx_word' id='word_1_237' title='bbox 1271 2136 1309 2205; x_wconf 94' lang='lat' dir='ltr'>id</span> <span class='ocrx_word' id='word_1_238' title='bbox 1323 2158 1399 2204; x_wconf 91' lang='lat' dir='ltr'>non</span> <span class='ocrx_word' id='word_1_239' title='bbox 1420 2157 1621 2224; x_wconf 87' lang='lat' dir='ltr'>expressum</span> <span class='ocrx_word' id='word_1_240' title='bbox 1643 2145 1714 2216; x_wconf 86' lang='lat' dir='ltr'>cst,</span> <span class='ocrx_word' id='word_1_241' title='bbox 1748 2136 1831 2229; x_wconf 83' lang='lat' dir='ltr'>quia</span> <span class='ocrx_word' id='word_1_242' title='bbox 1854 2160 1909 2205; x_wconf 88' lang='lat' dir='ltr'>res</span> <span class='ocrx_word' id='word_1_243' title='bbox 1932 2159 2007 2203; x_wconf 91' lang='lat' dir='ltr'>non</span> <span class='ocrx_word' id='word_1_244' title='bbox 2030 2135 2076 2203; x_wconf 89' lang='lat' dir='ltr'>ad</span> 
     </span>
     <span class='ocr_line' id='line_1_20' title="bbox 58 2234 2016 2338; baseline 0.003 -37"><span class='ocrx_word' id='word_1_245' title='bbox 58 2244 109 2302; x_wconf 85' lang='lat' dir='ltr'>ret</span> <span class='ocrx_word' id='word_1_246' title='bbox 127 2234 305 2303; x_wconf 91' lang='lat' dir='ltr'>directum</span> <span class='ocrx_word' id='word_1_247' title='bbox 320 2237 539 2321; x_wconf 90' lang='lat' dir='ltr'>dominium,</span> <span class='ocrx_word' id='word_1_248' title='bbox 571 2239 701 2309; x_wconf 89' lang='lat' dir='ltr'>milites</span> <span class='ocrx_word' id='word_1_249' title='bbox 723 2239 809 2310; x_wconf 93' lang='lat' dir='ltr'>utile</span> <span class='ocrx_word' id='word_1_250' title='bbox 829 2238 1041 2320; x_wconf 90' lang='lat' dir='ltr'>dominium,</span> <span class='ocrx_word' id='word_1_251' title='bbox 1094 2261 1234 2338; x_wconf 83' lang='lat' dir='ltr'>turpem</span> <span class='ocrx_word' id='word_1_252' title='bbox 1248 2264 1371 2321; x_wconf 88' lang='lat' dir='ltr'>usum,</span> <span class='ocrx_word' id='word_1_253' title='bbox 1397 2259 1463 2304; x_wconf 89' lang='lat' dir='ltr'>nec</span> <span class='ocrx_word' id='word_1_254' title='bbox 1478 2237 1524 2304; x_wconf 91' lang='lat' dir='ltr'>ad</span> <span class='ocrx_word' id='word_1_255' title='bbox 1543 2237 1810 2325; x_wconf 90' lang='lat' dir='ltr'>corruptionem</span> <span class='ocrx_word' id='word_1_256' title='bbox 1822 2239 1936 2307; x_wconf 88' lang='lat' dir='ltr'>locata</span> <span class='ocrx_word' id='word_1_257' title='bbox 1954 2249 2016 2308; x_wconf 89' lang='lat' dir='ltr'>est.</span> 
     </span>
     <span class='ocr_line' id='line_1_21' title="bbox 58 2336 2075 2432; baseline 0 -28"><span class='ocrx_word' id='word_1_258' title='bbox 58 2349 90 2406; x_wconf 89' lang='lat' dir='ltr'>ct</span> <span class='ocrx_word' id='word_1_259' title='bbox 106 2337 381 2408; x_wconf 89' lang='lat' dir='ltr'>continuaretur</span> <span class='ocrx_word' id='word_1_260' title='bbox 396 2340 434 2409; x_wconf 91' lang='lat' dir='ltr'>in</span> <span class='ocrx_word' id='word_1_261' title='bbox 449 2341 575 2411; x_wconf 88' lang='lat' dir='ltr'>iisdem</span> <span class='ocrx_word' id='word_1_262' title='bbox 588 2342 732 2413; x_wconf 88' lang='lat' dir='ltr'>familiis</span> <span class='ocrx_word' id='word_1_263' title='bbox 752 2338 867 2412; x_wconf 86' lang='lat' dir='ltr'>honos</span> <span class='ocrx_word' id='word_1_264' title='bbox 883 2340 1041 2411; x_wconf 89' lang='lat' dir='ltr'>militiae.</span> <span class='ocrx_word' id='word_1_265' title='bbox 1194 2344 1263 2416; x_wconf 88' lang='lat' dir='ltr'>Sed</span> <span class='ocrx_word' id='word_1_266' title='bbox 1279 2351 1478 2411; x_wconf 89' lang='lat' dir='ltr'>contractus</span> <span class='ocrx_word' id='word_1_267' title='bbox 1494 2336 1606 2408; x_wconf 87' lang='lat' dir='ltr'>stricti</span> <span class='ocrx_word' id='word_1_268' title='bbox 1628 2336 1714 2410; x_wconf 90' lang='lat' dir='ltr'>iuris</span> <span class='ocrx_word' id='word_1_269' title='bbox 1735 2341 1919 2424; x_wconf 88' lang='lat' dir='ltr'>dicuntur,</span> <span class='ocrx_word' id='word_1_270' title='bbox 1944 2339 1981 2408; x_wconf 94' lang='lat' dir='ltr'>in</span> <span class='ocrx_word' id='word_1_271' title='bbox 1997 2338 2075 2432; x_wconf 91' lang='lat' dir='ltr'>qui-</span> 
     </span>
     <span class='ocr_line' id='line_1_22' title="bbox 1092 2441 2075 2534; baseline -0.015 -11"><span class='ocrx_word' id='word_1_272' title='bbox 1092 2455 1159 2523; x_wconf 92' lang='lat' dir='ltr'>bus</span> <span class='ocrx_word' id='word_1_273' title='bbox 1172 2459 1311 2519; x_wconf 92' lang='lat' dir='ltr'>tantum</span> <span class='ocrx_word' id='word_1_274' title='bbox 1326 2466 1367 2511; x_wconf 88' lang='lat' dir='ltr'>ea</span> <span class='ocrx_word' id='word_1_275' title='bbox 1384 2442 1557 2511; x_wconf 89' lang='lat' dir='ltr'>debentur</span> <span class='ocrx_word' id='word_1_276' title='bbox 1575 2457 1762 2533; x_wconf 89' lang='lat' dir='ltr'>quaesunt</span> <span class='ocrx_word' id='word_1_277' title='bbox 1782 2454 1984 2534; x_wconf 90' lang='lat' dir='ltr'>nuncupata</span> <span class='ocrx_word' id='word_1_278' title='bbox 2007 2441 2075 2509; x_wconf 91' lang='lat' dir='ltr'>lin-</span> 
     </span>
     <span class='ocr_line' id='line_1_23' title="bbox 335 2527 2076 2649; baseline -0.005 -28"><span class='ocrx_word' id='word_1_279' title='bbox 335 2527 453 2621; x_wconf 67' lang='lat' dir='ltr'>Quid</span> <span class='ocrx_word' id='word_1_280' title='bbox 479 2542 546 2600; x_wconf 62' lang='lat'>²⁵²</span> <span class='ocrx_word' id='word_1_281' title='bbox 570 2528 767 2599; x_wconf 58' lang='lat' dir='ltr'>¹⁰⁰³¹i⁰i</span> <span class='ocrx_word' id='word_1_282' title='bbox 1094 2579 1181 2649; x_wconf 84' lang='lat' dir='ltr'>gua,</span> <span class='ocrx_word' id='word_1_283' title='bbox 1206 2547 1298 2620; x_wconf 91' lang='lat' dir='ltr'>utin</span> <span class='ocrx_word' id='word_1_284' title='bbox 1313 2557 1458 2627; x_wconf 89' lang='lat' dir='ltr'>mutuo,</span> <span class='ocrx_word' id='word_1_285' title='bbox 1485 2543 1567 2638; x_wconf 92' lang='lat' dir='ltr'>quia</span> <span class='ocrx_word' id='word_1_286' title='bbox 1586 2545 1672 2611; x_wconf 89' lang='lat' dir='ltr'>dans</span> <span class='ocrx_word' id='word_1_287' title='bbox 1687 2559 1831 2630; x_wconf 91' lang='lat' dir='ltr'>mutuo,</span> <span class='ocrx_word' id='word_1_288' title='bbox 1857 2572 1936 2615; x_wconf 91' lang='lat' dir='ltr'>cum</span> <span class='ocrx_word' id='word_1_289' title='bbox 1951 2555 2076 2636; x_wconf 87' lang='lat' dir='ltr'>potue-</span> 
     </span>
     <span class='ocr_line' id='line_1_24' title="bbox 1093 2645 2074 2742; baseline -0.016 -13"><span class='ocrx_word' id='word_1_290' title='bbox 1093 2660 1141 2729; x_wconf 89' lang='lat' dir='ltr'>rit</span> <span class='ocrx_word' id='word_1_291' title='bbox 1156 2652 1225 2726; x_wconf 94' lang='lat' dir='ltr'>hoc</span> <span class='ocrx_word' id='word_1_292' title='bbox 1242 2648 1396 2721; x_wconf 86' lang='lat' dir='ltr'>officium</span> <span class='ocrx_word' id='word_1_293' title='bbox 1415 2645 1599 2728; x_wconf 89' lang='lat' dir='ltr'>omittere,</span> <span class='ocrx_word' id='word_1_294' title='bbox 1632 2669 1859 2742; x_wconf 85' lang='lat' dir='ltr'>nequaquam</span> <span class='ocrx_word' id='word_1_295' title='bbox 1876 2649 1954 2740; x_wconf 91' lang='lat' dir='ltr'>plus</span> <span class='ocrx_word' id='word_1_296' title='bbox 1972 2646 2074 2715; x_wconf 91' lang='lat' dir='ltr'>intel-</span> 
     </span>
    </p>
   </div>
   <div class='ocr_carea' id='block_1_3' title="bbox 59 2750 2075 2880">
    <p class='ocr_par' dir='ltr' id='par_1_3' title="bbox 59 2750 2075 2880">
     <span class='ocr_line' id='line_1_25' title="bbox 59 2750 2075 2880; baseline -0.004 -28"><span class='ocrx_word' id='word_1_297' title='bbox 59 2783 239 2853; x_wconf 89' lang='lat' dir='ltr'>concessio</span> <span class='ocrx_word' id='word_1_298' title='bbox 262 2808 329 2874; x_wconf 92' lang='lat' dir='ltr'>pro</span> <span class='ocrx_word' id='word_1_299' title='bbox 352 2786 502 2877; x_wconf 88' lang='lat' dir='ltr'>pecunia</span> <span class='ocrx_word' id='word_1_300' title='bbox 527 2788 768 2867; x_wconf 87' lang='lat' dir='ltr'>numeranda,</span> <span class='ocrx_word' id='word_1_301' title='bbox 801 2787 845 2855; x_wconf 90' lang='lat' dir='ltr'>dc</span> <span class='ocrx_word' id='word_1_302' title='bbox 867 2810 937 2880; x_wconf 91' lang='lat' dir='ltr'>qua</span> <span class='ocrx_word' id='word_1_303' title='bbox 961 2810 1044 2855; x_wconf 92' lang='lat' dir='ltr'>con·</span> <span class='ocrx_word' id='word_1_304' title='bbox 1093 2762 1215 2854; x_wconf 54' lang='lat' dir='ltr'>libitus</span> <span class='ocrx_word' id='word_1_305' title='bbox 1231 2752 1318 2824; x_wconf 59' lang='lat' dir='ltr'>velle</span> <span class='ocrx_word' id='word_1_306' title='bbox 1334 2750 1538 2820; x_wconf 65' lang='lat' dir='ltr'>³⁰¹d⁰b⁰f⁶</span> <span class='ocrx_word' id='word_1_307' title='bbox 1561 2771 1735 2838; x_wconf 55' lang='lat' dir='ltr'><strong>tempere,</strong></span> <span class='ocrx_word' id='word_1_308' title='bbox 1769 2776 1877 2845; x_wconf 61' lang='lat' dir='ltr'>‘luam</span> <span class='ocrx_word' id='word_1_309' title='bbox 1901 2761 2075 2844; x_wconf 66' lang='grc' dir='ltr'>(Ιῑιὸῐιωιῐι</span> 
     </span>
    </p>
   </div>
   <div class='ocr_carea' id='block_1_4' title="bbox 59 2852 2076 3086">
    <p class='ocr_par' dir='ltr' id='par_1_4' title="bbox 59 2852 2076 3086">
     <span class='ocr_line' id='line_1_26' title="bbox 59 2852 2062 2977; baseline -0.008 -25"><span class='ocrx_word' id='word_1_310' title='bbox 59 2886 175 2955; x_wconf 78' lang='lat' dir='ltr'>venit:</span> <span class='ocrx_word' id='word_1_311' title='bbox 205 2886 294 2956; x_wconf 90' lang='lat' dir='ltr'>Cum</span> <span class='ocrx_word' id='word_1_312' title='bbox 318 2887 446 2958; x_wconf 88' lang='lat' dir='ltr'>dicitur</span> <span class='ocrx_word' id='word_1_313' title='bbox 467 2890 513 2957; x_wconf 92' lang='lat' dir='ltr'>ad</span> <span class='ocrx_word' id='word_1_314' title='bbox 535 2913 660 2974; x_wconf 91' lang='lat' dir='ltr'>usum,</span> <span class='ocrx_word' id='word_1_315' title='bbox 696 2889 893 2959; x_wconf 87' lang='lat' dir='ltr'>excluditur</span> <span class='ocrx_word' id='word_1_316' title='bbox 916 2890 1043 2958; x_wconf 91' lang='lat' dir='ltr'>abusus</span> <span class='ocrx_word' id='word_1_317' title='bbox 1095 2865 1209 2945; x_wconf 92' lang='lat' dir='ltr'>dedit,</span> <span class='ocrx_word' id='word_1_318' title='bbox 1233 2853 1425 2977; x_wconf 36' lang='lat' dir='ltr'>”idibem</span> <span class='ocrx_word' id='word_1_319' title='bbox 1440 2853 1571 2971; x_wconf 59' lang='lat' dir='ltr'>damfm</span> <span class='ocrx_word' id='word_1_320' title='bbox 1587 2852 1742 2968; x_wconf 49' lang='lat' dir='ltr'>{ffectffi-</span> <span class='ocrx_word' id='word_1_321' title='bbox 2054 2952 2062 2969; x_wconf 93' lang='lat'>.</span> 
     </span>
     <span class='ocr_line' id='line_1_27' title="bbox 60 2955 2076 3086; baseline -0.019 -29"><span class='ocrx_word' id='word_1_322' title='bbox 60 3001 93 3057; x_wconf 89' lang='lat' dir='ltr'>et</span> <span class='ocrx_word' id='word_1_323' title='bbox 106 2990 294 3081; x_wconf 85' lang='lat' dir='ltr'>corruptio</span> <span class='ocrx_word' id='word_1_324' title='bbox 308 2990 361 3058; x_wconf 76' lang='lat' dir='ltr'>rei</span> <span class='ocrx_word' id='word_1_325' title='bbox 375 2993 522 3062; x_wconf 70' lang='lat' dir='ltr'>locatae,</span> <span class='ocrx_word' id='word_1_326' title='bbox 568 2993 688 3086; x_wconf 64' lang='lat' dir='ltr'>Quare</span> <span class='ocrx_word' id='word_1_327' title='bbox 704 2994 899 3063; x_wconf 55' lang='lat' dir='ltr'>conducto,-</span> <span class='ocrx_word' id='word_1_328' title='bbox 913 2992 944 3062; x_wconf 65' lang='lat' dir='ltr'>,i</span> <span class='ocrx_word' id='word_1_329' title='bbox 957 2992 1044 3086; x_wconf 72' lang='lat' dir='ltr'>quid</span> <span class='ocrx_word' id='word_1_330' title='bbox 1197 2963 1286 3034; x_wconf 88' lang='lat' dir='ltr'>Cum</span> <span class='ocrx_word' id='word_1_331' title='bbox 1303 2969 1411 3050; x_wconf 77' lang='lat' dir='ltr'>igitur</span> <span class='ocrx_word' id='word_1_332' title='bbox 1426 2956 1555 3023; x_wconf 82' lang='lat' dir='ltr'>locatio</span> <span class='ocrx_word' id='word_1_333' title='bbox 1570 2966 1615 3023; x_wconf 84' lang='lat' dir='ltr'>su</span> <span class='ocrx_word' id='word_1_334' title='bbox 1631 2966 1830 3024; x_wconf 89' lang='lat' dir='ltr'>contractus</span> <span class='ocrx_word' id='word_1_335' title='bbox 1845 2955 1961 3022; x_wconf 88' lang='lat' dir='ltr'>bonae</span> <span class='ocrx_word' id='word_1_336' title='bbox 1981 2955 2076 3035; x_wconf 83' lang='lat' dir='ltr'>fider,</span> 
     </span>
    </p>
   </div>
   <div class='ocr_carea' id='block_1_5' title="bbox 59 3059 2076 3257">
    <p class='ocr_par' dir='ltr' id='par_1_5' title="bbox 59 3059 2076 3257">
     <span class='ocr_line' id='line_1_28' title="bbox 59 3059 2074 3187; baseline -0.017 -30"><span class='ocrx_word' id='word_1_337' title='bbox 59 3116 121 3161; x_wconf 87' lang='lat' dir='ltr'>sua</span> <span class='ocrx_word' id='word_1_338' title='bbox 140 3092 244 3184; x_wconf 78' lang='lat' dir='ltr'>culpa</span> <span class='ocrx_word' id='word_1_339' title='bbox 261 3094 477 3186; x_wconf 70' lang='lat' dir='ltr'>corrumpit,</span> <span class='ocrx_word' id='word_1_340' title='bbox 504 3097 871 3187; x_wconf 58' lang='lat' dir='ltr'>compensaredebep,</span> <span class='ocrx_word' id='word_1_341' title='bbox 905 3094 1043 3165; x_wconf 58' lang='lat' dir='ltr'><strong>etiamsi</strong></span> <span class='ocrx_word' id='word_1_342' title='bbox 1095 3068 1294 3141; x_wconf 87' lang='lat' dir='ltr'>conducens</span> <span class='ocrx_word' id='word_1_343' title='bbox 1313 3084 1390 3130; x_wconf 89' lang='lat' dir='ltr'>non</span> <span class='ocrx_word' id='word_1_344' title='bbox 1413 3069 1620 3150; x_wconf 89' lang='lat' dir='ltr'>corrumpat</span> <span class='ocrx_word' id='word_1_345' title='bbox 1641 3082 1695 3127; x_wconf 88' lang='lat' dir='ltr'>res</span> <span class='ocrx_word' id='word_1_346' title='bbox 1713 3059 1865 3139; x_wconf 89' lang='lat' dir='ltr'>locatas,</span> <span class='ocrx_word' id='word_1_347' title='bbox 1902 3070 1967 3125; x_wconf 88' lang='lat' dir='ltr'>n&#39;ec</span> <span class='ocrx_word' id='word_1_348' title='bbox 1989 3078 2074 3124; x_wconf 88' lang='lat' dir='ltr'>con-</span> 
     </span>
     <span class='ocr_line' id='line_1_29' title="bbox 1093 3159 2076 3257; baseline -0.017 -13"><span class='ocrx_word' id='word_1_349' title='bbox 1093 3176 1185 3244; x_wconf 82' lang='lat' dir='ltr'>ferat</span> <span class='ocrx_word' id='word_1_350' title='bbox 1211 3170 1255 3238; x_wconf 92' lang='lat' dir='ltr'>ad</span> <span class='ocrx_word' id='word_1_351' title='bbox 1278 3178 1418 3257; x_wconf 90' lang='lat' dir='ltr'>turpem</span> <span class='ocrx_word' id='word_1_352' title='bbox 1441 3186 1565 3245; x_wconf 90' lang='lat' dir='ltr'>usum,</span> <span class='ocrx_word' id='word_1_353' title='bbox 1596 3184 1663 3229; x_wconf 89' lang='lat' dir='ltr'>nec</span> <span class='ocrx_word' id='word_1_354' title='bbox 1681 3161 1865 3230; x_wconf 82' lang='lat' dir='ltr'>defraudet</span> <span class='ocrx_word' id='word_1_355' title='bbox 1889 3159 2076 3241; x_wconf 85' lang='lat' dir='ltr'>locatores,</span> 
     </span>
    </p>
   </div>
   <div class='ocr_carea' id='block_1_6' title="bbox 1094 3263 2076 3347">
    <p class='ocr_par' dir='ltr' id='par_1_6' title="bbox 1094 3263 2076 3347">
     <span class='ocr_line' id='line_1_30' title="bbox 1094 3263 2076 3347; baseline -0.02 0"><span class='ocrx_word' id='word_1_356' title='bbox 1094 3277 1175 3347; x_wconf 91' lang='lat' dir='ltr'>ideo</span> <span class='ocrx_word' id='word_1_357' title='bbox 1192 3296 1247 3342; x_wconf 89' lang='lat' dir='ltr'>res</span> <span class='ocrx_word' id='word_1_358' title='bbox 1264 3264 1490 3338; x_wconf 88' lang='lat' dir='ltr'>conducentis</span> <span class='ocrx_word' id='word_1_359' title='bbox 1507 3265 1667 3332; x_wconf 86' lang='lat' dir='ltr'>invectae</span> <span class='ocrx_word' id='word_1_360' title='bbox 1685 3264 1721 3332; x_wconf 89' lang='lat' dir='ltr'>in</span> <span class='ocrx_word' id='word_1_361' title='bbox 1744 3266 1891 3332; x_wconf 91' lang='lat' dir='ltr'>domum</span> <span class='ocrx_word' id='word_1_362' title='bbox 1909 3263 2076 3343; x_wconf 88' lang='lat' dir='ltr'>locatam,</span> 
     </span>
    </p>
   </div>
   <div class='ocr_carea' id='block_1_7' title="bbox 94 3357 2076 3493">
    <p class='ocr_par' dir='ltr' id='par_1_7' title="bbox 94 3357 2076 3493">
     <span class='ocr_line' id='line_1_31' title="bbox 94 3357 2076 3493; baseline -0.012 -14"><span class='ocrx_word' id='word_1_363' title='bbox 94 3359 757 3493; x_wconf 57' lang='lat' dir='ltr'>”thil-titi:tititil⁶iltt¹¹tit</span> <span class='ocrx_word' id='word_1_364' title='bbox 776 3361 850 3480; x_wconf 70' lang='lat' dir='ltr'>iii</span> <span class='ocrx_word' id='word_1_365' title='bbox 858 3357 1045 3479; x_wconf 57' lang='lat' dir='ltr'>titii:</span> <span class='ocrx_word' id='word_1_366' title='bbox 1095 3378 1367 3469; x_wconf 65' lang='lat' dir='ltr'>obligauerunt</span> <span class='ocrx_word' id='word_1_367' title='bbox 1385 3367 1537 3436; x_wconf 72' lang='lat' dir='ltr'>¹⁰⁶³¹⁰ri</span> <span class='ocrx_word' id='word_1_368' title='bbox 1555 3378 1725 3460; x_wconf 65' lang='lat' dir='ltr'>unquam</span> <span class='ocrx_word' id='word_1_369' title='bbox 1750 3367 1897 3458; x_wconf 65' lang='lat' dir='ltr'>riuus,</span> <span class='ocrx_word' id='word_1_370' title='bbox 1921 3389 1996 3432; x_wconf 75' lang='lat' dir='ltr'>non</span> <span class='ocrx_word' id='word_1_371' title='bbox 2020 3388 2076 3434; x_wconf 75' lang='lat'>³0-</span> 
     </span>
    </p>
   </div>
   <div class='ocr_carea' id='block_1_8' title="bbox 130 3467 2077 3570">
    <p class='ocr_par' dir='ltr' id='par_1_8' title="bbox 130 3467 2077 3570">
     <span class='ocr_line' id='line_1_32' title="bbox 130 3467 2077 3570; baseline -0.008 -22"><span class='ocrx_word' id='word_1_372' title='bbox 130 3498 286 3561; x_wconf 64' lang='lat' dir='ltr'>cotom,</span> <span class='ocrx_word' id='word_1_373' title='bbox 313 3510 365 3560; x_wconf 83' lang='lat' dir='ltr'>quo</span> <span class='ocrx_word' id='word_1_374' title='bbox 384 3499 579 3560; x_wconf 82' lang='lat' dir='ltr'>proprietatem</span> <span class='ocrx_word' id='word_1_375' title='bbox 595 3501 636 3550; x_wconf 88' lang='lat' dir='ltr'>rei</span> <span class='ocrx_word' id='word_1_376' title='bbox 653 3499 769 3549; x_wconf 79' lang='lat' dir='ltr'>alicuius</span> <span class='ocrx_word' id='word_1_377' title='bbox 789 3500 933 3562; x_wconf 79' lang='lat' dir='ltr'>designat,</span> <span class='ocrx_word' id='word_1_378' title='bbox 960 3497 1043 3546; x_wconf 77' lang='lat' dir='ltr'>etlam</span> <span class='ocrx_word' id='word_1_379' title='bbox 1093 3484 1168 3553; x_wconf 89' lang='lat' dir='ltr'>lum</span> <span class='ocrx_word' id='word_1_380' title='bbox 1189 3488 1337 3570; x_wconf 82' lang='lat' dir='ltr'>propter</span> <span class='ocrx_word' id='word_1_381' title='bbox 1357 3468 1545 3540; x_wconf 72' lang='lat' dir='ltr'>locationis</span> <span class='ocrx_word' id='word_1_382' title='bbox 1564 3472 1783 3552; x_wconf 81' lang='lat' dir='ltr'>mercedem,</span> <span class='ocrx_word' id='word_1_383' title='bbox 1818 3467 2005 3537; x_wconf 76' lang='lat' dir='ltr'>sedetiam</span> <span class='ocrx_word' id='word_1_384' title='bbox 2031 3469 2077 3535; x_wconf 76' lang='lat' dir='ltr'>ad</span> 
     </span>
    </p>
   </div>
   <div class='ocr_carea' id='block_1_9' title="bbox 126 3566 2075 3773">
    <p class='ocr_par' dir='ltr' id='par_1_9' title="bbox 126 3566 2075 3773">
     <span class='ocr_line' id='line_1_33' title="bbox 128 3566 1833 3645; baseline -0.004 -27"><span class='ocrx_word' id='word_1_385' title='bbox 128 3568 167 3618; x_wconf 77' lang='lat' dir='ltr'>aa</span> <span class='ocrx_word' id='word_1_386' title='bbox 183 3568 316 3617; x_wconf 62' lang='lat' dir='ltr'>mermes</span> <span class='ocrx_word' id='word_1_387' title='bbox 335 3567 532 3633; x_wconf 81' lang='lat' dir='ltr'>transitorem,</span> <span class='ocrx_word' id='word_1_388' title='bbox 550 3568 667 3618; x_wconf 82' lang='lat' dir='ltr'>retentis</span> <span class='ocrx_word' id='word_1_389' title='bbox 682 3568 851 3619; x_wconf 80' lang='lat' dir='ltr'>solumnodo</span> <span class='ocrx_word' id='word_1_390' title='bbox 868 3566 998 3616; x_wconf 78' lang='lat' dir='ltr'>clientela</span> <span class='ocrx_word' id='word_1_391' title='bbox 1016 3570 1044 3615; x_wconf 83' lang='lat' dir='ltr'>et</span> <span class='ocrx_word' id='word_1_392' title='bbox 1284 3578 1312 3645; x_wconf 66' lang='lat' dir='ltr'>ti</span> <span class='ocrx_word' id='word_1_393' title='bbox 1436 3596 1557 3640; x_wconf 62' lang='lat' dir='ltr'>rerum</span> <span class='ocrx_word' id='word_1_394' title='bbox 1573 3595 1676 3640; x_wconf 61' lang='lat' dir='ltr'>cortu</span> <span class='ocrx_word' id='word_1_395' title='bbox 1704 3584 1833 3640; x_wconf 52' lang='lat' dir='ltr'>pamm·</span> 
     </span>
     <span class='ocr_line' id='line_1_34' title="bbox 127 3596 2048 3700; baseline -0.002 -13"><span class='ocrx_word' id='word_1_396' title='bbox 127 3636 417 3700; x_wconf 69' lang='lat' dir='ltr'>superterrenorum,</span> <span class='ocrx_word' id='word_1_397' title='bbox 438 3649 497 3685; x_wconf 83' lang='lat' dir='ltr'>eum</span> <span class='ocrx_word' id='word_1_398' title='bbox 516 3634 830 3700; x_wconf 70' lang='lat' dir='ltr'>qurausnmiervmn,</span> <span class='ocrx_word' id='word_1_399' title='bbox 855 3635 1042 3687; x_wconf 74' lang='lat' dir='ltr'>maximem-</span> <span class='ocrx_word' id='word_1_400' title='bbox 1095 3601 1283 3674; x_wconf 59' lang='grc' dir='ltr'>εοῐῃΡ81183</span> <span class='ocrx_word' id='word_1_401' title='bbox 1314 3598 1420 3644; x_wconf 68' lang='lat' dir='ltr'><strong>⁰¹¹⁸m</strong></span> <span class='ocrx_word' id='word_1_402' title='bbox 1459 3674 1468 3690; x_wconf 88' lang='lat'>.</span> <span class='ocrx_word' id='word_1_403' title='bbox 1550 3674 1557 3690; x_wconf 91' lang='lat'>.</span> <span class='ocrx_word' id='word_1_404' title='bbox 1640 3675 1647 3688; x_wconf 90' lang='lat'>.</span> <span class='ocrx_word' id='word_1_405' title='bbox 1679 3596 1701 3663; x_wconf 77' lang='lat' dir='ltr'>P</span> <span class='ocrx_word' id='word_1_406' title='bbox 1897 3671 1905 3687; x_wconf 92' lang='lat'>.</span> <span class='ocrx_word' id='word_1_407' title='bbox 2039 3670 2048 3687; x_wconf 94' lang='lat'>.</span> 
     </span>
     <span class='ocr_line' id='line_1_35' title="bbox 126 3669 2075 3773; baseline -0.009 -16"><span class='ocrx_word' id='word_1_408' title='bbox 126 3706 272 3773; x_wconf 76' lang='lat' dir='ltr'>iliarum,</span> <span class='ocrx_word' id='word_1_409' title='bbox 307 3717 341 3753; x_wconf 86' lang='lat' dir='ltr'>ex</span> <span class='ocrx_word' id='word_1_410' title='bbox 364 3709 443 3767; x_wconf 87' lang='lat' dir='ltr'>pacto</span> <span class='ocrx_word' id='word_1_411' title='bbox 468 3708 598 3767; x_wconf 77' lang='lat' dir='ltr'>statutis,</span> <span class='ocrx_word' id='word_1_412' title='bbox 628 3708 652 3759; x_wconf 83' lang='lat' dir='ltr'>tr.</span> <span class='ocrx_word' id='word_1_413' title='bbox 673 3707 692 3755; x_wconf 92' lang='lat' dir='ltr'>l.</span> <span class='ocrx_word' id='word_1_414' title='bbox 717 3705 858 3756; x_wconf 77' lang='lat' dir='ltr'>derivetur</span> <span class='ocrx_word' id='word_1_415' title='bbox 881 3715 898 3754; x_wconf 82' lang='lat' dir='ltr'>a</span> <span class='ocrx_word' id='word_1_416' title='bbox 921 3714 1043 3768; x_wconf 74' lang='lat' dir='ltr'>gernon.</span> <span class='ocrx_word' id='word_1_417' title='bbox 1194 3681 1313 3751; x_wconf 79' lang='lat' dir='ltr'>Verba</span> <span class='ocrx_word' id='word_1_418' title='bbox 1328 3689 1442 3746; x_wconf 80' lang='lat' dir='ltr'>textus</span> <span class='ocrx_word' id='word_1_419' title='bbox 1457 3699 1493 3741; x_wconf 86' lang='lat' dir='ltr'>in</span> <span class='ocrx_word' id='word_1_420' title='bbox 1511 3673 1666 3764; x_wconf 70' lang='lat' dir='ltr'>Digestis</span> <span class='ocrx_word' id='word_1_421' title='bbox 1683 3669 1769 3742; x_wconf 82' lang='lat' dir='ltr'>haec</span> <span class='ocrx_word' id='word_1_422' title='bbox 1783 3686 1866 3744; x_wconf 82' lang='lat' dir='ltr'>sitiit</span> <span class='ocrx_word' id='word_1_423' title='bbox 1882 3672 1943 3742; x_wconf 86' lang='lat' dir='ltr'>lib.</span> <span class='ocrx_word' id='word_1_424' title='bbox 1959 3673 2020 3744; x_wconf 75' lang='lat'>20.</span> <span class='ocrx_word' id='word_1_425' title='bbox 2037 3695 2075 3740; x_wconf 88' lang='lat' dir='ltr'>in</span> 
     </span>
    </p>
   </div>
   <div class='ocr_carea' id='block_1_10' title="bbox 125 3770 2075 3912">
    <p class='ocr_par' dir='ltr' id='par_1_10' title="bbox 125 3770 2075 3912">
     <span class='ocr_line' id='line_1_36' title="bbox 125 3770 2075 3912; baseline -0.011 -50"><span class='ocrx_word' id='word_1_426' title='bbox 125 3775 263 3904; x_wconf 52' lang='lat' dir='ltr'>{affl</span> <span class='ocrx_word' id='word_1_427' title='bbox 277 3773 524 3895; x_wconf 45' lang='grc' dir='ltr'>ξξζῦθξξθξῗῗέ</span> <span class='ocrx_word' id='word_1_428' title='bbox 538 3776 816 3912; x_wconf 48' lang='lat' dir='ltr'>,ffffldffi‘fflt&#39;</span> <span class='ocrx_word' id='word_1_429' title='bbox 831 3774 1043 3909; x_wconf 51' lang='grc' dir='ltr'>ἒοῇᾞᾙξ</span> <span class='ocrx_word' id='word_1_430' title='bbox 1095 3790 1198 3860; x_wconf 89' lang='lat' dir='ltr'>titulo</span> <span class='ocrx_word' id='word_1_431' title='bbox 1231 3784 1285 3855; x_wconf 81' lang='lat' dir='ltr'>Ex</span> <span class='ocrx_word' id='word_1_432' title='bbox 1316 3781 1444 3877; x_wconf 90' lang='lat' dir='ltr'>quibus</span> <span class='ocrx_word' id='word_1_433' title='bbox 1472 3777 1585 3848; x_wconf 87' lang='lat' dir='ltr'>causis</span> <span class='ocrx_word' id='word_1_434' title='bbox 1619 3777 1747 3869; x_wconf 85' lang='lat' dir='ltr'>pignus</span> <span class='ocrx_word' id='word_1_435' title='bbox 1784 3777 1840 3845; x_wconf 84' lang='lat' dir='ltr'>vcl</span> <span class='ocrx_word' id='word_1_436' title='bbox 1876 3770 2075 3868; x_wconf 86' lang='lat' dir='ltr'>hypotheca</span> 
     </span>
    </p>
   </div>
   <div class='ocr_carea' id='block_1_11' title="bbox 126 3878 2076 3981">
    <p class='ocr_par' dir='ltr' id='par_1_11' title="bbox 126 3878 2076 3981">
     <span class='ocr_line' id='line_1_37' title="bbox 126 3878 2076 3981; baseline -0.009 -18"><span class='ocrx_word' id='word_1_437' title='bbox 126 3913 311 3975; x_wconf 76' lang='lat' dir='ltr'>anglosaxon.</span> <span class='ocrx_word' id='word_1_438' title='bbox 334 3914 362 3961; x_wconf 86' lang='lat' dir='ltr'>et</span> <span class='ocrx_word' id='word_1_439' title='bbox 386 3912 472 3974; x_wconf 78' lang='lat' dir='ltr'>antiq.</span> <span class='ocrx_word' id='word_1_440' title='bbox 496 3924 591 3968; x_wconf 80' lang='lat' dir='ltr'>aaron.</span> <span class='ocrx_word' id='word_1_441' title='bbox 620 3915 743 3981; x_wconf 63' lang='lat' dir='ltr'>soemo,</span> <span class='ocrx_word' id='word_1_442' title='bbox 776 3915 868 3976; x_wconf 78' lang='lat' dir='ltr'>alere,</span> <span class='ocrx_word' id='word_1_443' title='bbox 904 3914 1042 3974; x_wconf 83' lang='lat' dir='ltr'>pascereJ.</span> <span class='ocrx_word' id='word_1_444' title='bbox 1094 3893 1199 3962; x_wconf 85' lang='lat' dir='ltr'>tacite</span> <span class='ocrx_word' id='word_1_445' title='bbox 1230 3880 1471 3964; x_wconf 83' lang='lat' dir='ltr'>contrahitur,</span> <span class='ocrx_word' id='word_1_446' title='bbox 1511 3881 1586 3972; x_wconf 83' lang='lat' dir='ltr'>lege</span> <span class='ocrx_word' id='word_1_447' title='bbox 1609 3878 1881 3973; x_wconf 72' lang='lat' dir='ltr'>Pomponia⁴²):</span> <span class='ocrx_word' id='word_1_448' title='bbox 1920 3878 2076 3968; x_wconf 90' lang='lat' dir='ltr'>Pompo-</span> 
     </span>
    </p>
   </div>
   <div class='ocr_carea' id='block_1_12' title="bbox 125 3979 2075 4117">
    <p class='ocr_par' dir='ltr' id='par_1_12' title="bbox 125 3979 2075 4117">
     <span class='ocr_line' id='line_1_38' title="bbox 125 3979 2075 4075; baseline -0.001 -41"><span class='ocrx_word' id='word_1_449' title='bbox 125 3981 231 4034; x_wconf 70' lang='lat' dir='ltr'>nauem</span> <span class='ocrx_word' id='word_1_450' title='bbox 254 3982 362 4031; x_wconf 82' lang='lat' dir='ltr'>ratione</span> <span class='ocrx_word' id='word_1_451' title='bbox 386 3982 604 4033; x_wconf 71' lang='lat' dir='ltr'>stierniieimiur</span> <span class='ocrx_word' id='word_1_452' title='bbox 628 3995 646 4034; x_wconf 86' lang='lat' dir='ltr'>a</span> <span class='ocrx_word' id='word_1_453' title='bbox 669 3984 821 4036; x_wconf 79' lang='lat' dir='ltr'>wachtero</span> <span class='ocrx_word' id='word_1_454' title='bbox 852 3984 880 4032; x_wconf 86' lang='lat' dir='ltr'>tu</span> <span class='ocrx_word' id='word_1_455' title='bbox 904 3982 1043 4062; x_wconf 76' lang='lat' dir='ltr'>glossario</span> <span class='ocrx_word' id='word_1_456' title='bbox 1094 3994 1175 4065; x_wconf 62' lang='lat' dir='ltr'>nius</span> <span class='ocrx_word' id='word_1_457' title='bbox 1209 3987 1331 4064; x_wconf 61' lang='lat' dir='ltr'>scribiq</span> <span class='ocrx_word' id='word_1_458' title='bbox 1361 4009 1437 4055; x_wconf 74' lang='lat' dir='ltr'>non</span> <span class='ocrx_word' id='word_1_459' title='bbox 1470 3984 1584 4055; x_wconf 69' lang='lat' dir='ltr'><strong>solum</strong></span> <span class='ocrx_word' id='word_1_460' title='bbox 1620 4008 1687 4073; x_wconf 68' lang='lat' dir='ltr'>pro</span> <span class='ocrx_word' id='word_1_461' title='bbox 1718 3979 1965 4075; x_wconf 62' lang='lat' dir='ltr'>pensionibus,</span> <span class='ocrx_word' id='word_1_462' title='bbox 2015 3981 2075 4047; x_wconf 65' lang='lat' dir='ltr'>sed</span> 
     </span>
     <span class='ocr_line' id='line_1_39' title="bbox 125 4050 1043 4117; baseline -0.001 -16"><span class='ocrx_word' id='word_1_463' title='bbox 125 4062 251 4117; x_wconf 69' lang='lat' dir='ltr'>german.</span> <span class='ocrx_word' id='word_1_464' title='bbox 268 4062 294 4100; x_wconf 78' lang='lat' dir='ltr'>r.</span> <span class='ocrx_word' id='word_1_465' title='bbox 310 4050 335 4099; x_wconf 85' lang='lat' dir='ltr'>h.</span> <span class='ocrx_word' id='word_1_466' title='bbox 348 4062 377 4099; x_wconf 82' lang='lat' dir='ltr'>v.</span> <span class='ocrx_word' id='word_1_467' title='bbox 394 4050 522 4100; x_wconf 83' lang='lat' dir='ltr'>laudatus</span> <span class='ocrx_word' id='word_1_468' title='bbox 541 4053 650 4102; x_wconf 77' lang='lat' dir='ltr'>seudum</span> <span class='ocrx_word' id='word_1_469' title='bbox 667 4055 702 4104; x_wconf 74' lang='lat' dir='ltr'>at&gt;</span> <span class='ocrx_word' id='word_1_470' title='bbox 719 4053 818 4104; x_wconf 81' lang='lat' dir='ltr'>alendo</span> <span class='ocrx_word' id='word_1_471' title='bbox 837 4051 961 4108; x_wconf 83' lang='lat' dir='ltr'>deducit,</span> <span class='ocrx_word' id='word_1_472' title='bbox 979 4062 1043 4111; x_wconf 79' lang='lat' dir='ltr'>qma</span> 
     </span>
    </p>
   </div>
   <div class='ocr_carea' id='block_1_13' title="bbox 127 4080 2075 4190">
    <p class='ocr_par' dir='ltr' id='par_1_13' title="bbox 127 4080 2075 4190">
     <span class='ocr_line' id='line_1_40' title="bbox 127 4080 2075 4190; baseline -0.012 -19"><span class='ocrx_word' id='word_1_473' title='bbox 127 4120 218 4187; x_wconf 74' lang='lat' dir='ltr'>roam</span> <span class='ocrx_word' id='word_1_474' title='bbox 234 4119 271 4168; x_wconf 76' lang='lat' dir='ltr'>nt</span> <span class='ocrx_word' id='word_1_475' title='bbox 287 4119 410 4183; x_wconf 80' lang='lat' dir='ltr'>nutrire,</span> <span class='ocrx_word' id='word_1_476' title='bbox 430 4122 457 4169; x_wconf 80' lang='lat' dir='ltr'>et</span> <span class='ocrx_word' id='word_1_477' title='bbox 473 4121 546 4185; x_wconf 72' lang='lat' dir='ltr'>rora</span> <span class='ocrx_word' id='word_1_478' title='bbox 561 4122 718 4173; x_wconf 75' lang='lat' dir='ltr'>elimentum</span> <span class='ocrx_word' id='word_1_479' title='bbox 734 4121 764 4171; x_wconf 83' lang='lat' dir='ltr'>ir</span> <span class='ocrx_word' id='word_1_480' title='bbox 782 4123 906 4172; x_wconf 78' lang='lat' dir='ltr'>omnious</span> <span class='ocrx_word' id='word_1_481' title='bbox 920 4121 1043 4170; x_wconf 80' lang='lat' dir='ltr'>veterum</span> <span class='ocrx_word' id='word_1_482' title='bbox 1094 4099 1201 4168; x_wconf 90' lang='lat' dir='ltr'>etiam</span> <span class='ocrx_word' id='word_1_483' title='bbox 1213 4095 1262 4190; x_wconf 74' lang='lat'>⁴³)</span> <span class='ocrx_word' id='word_1_484' title='bbox 1275 4093 1307 4165; x_wconf 90' lang='lat' dir='ltr'>si</span> <span class='ocrx_word' id='word_1_485' title='bbox 1322 4089 1536 4161; x_wconf 89' lang='lat' dir='ltr'>deteriorem</span> <span class='ocrx_word' id='word_1_486' title='bbox 1551 4082 1805 4156; x_wconf 88' lang='lat' dir='ltr'>habitationem</span> <span class='ocrx_word' id='word_1_487' title='bbox 1829 4082 1951 4152; x_wconf 84' lang='lat' dir='ltr'>iecerit</span> <span class='ocrx_word' id='word_1_488' title='bbox 1972 4080 2075 4171; x_wconf 88' lang='lat' dir='ltr'>culpa</span> 
     </span>
    </p>
   </div>
   <div class='ocr_carea' id='block_1_14' title="bbox 127 4183 2075 4324">
    <p class='ocr_par' dir='ltr' id='par_1_14' title="bbox 127 4183 2075 4324">
     <span class='ocr_line' id='line_1_41' title="bbox 127 4183 2075 4292; baseline -0.002 -53"><span class='ocrx_word' id='word_1_489' title='bbox 127 4188 263 4239; x_wconf 72' lang='lat' dir='ltr'>dialectis</span> <span class='ocrx_word' id='word_1_490' title='bbox 297 4187 353 4269; x_wconf 77' lang='lat' dir='ltr'>Atii</span> <span class='ocrx_word' id='word_1_491' title='bbox 367 4188 438 4239; x_wconf 82' lang='lat' dir='ltr'>trano</span> <span class='ocrx_word' id='word_1_492' title='bbox 454 4200 550 4240; x_wconf 82' lang='lat' dir='ltr'>vocem</span> <span class='ocrx_word' id='word_1_493' title='bbox 566 4194 756 4243; x_wconf 78' lang='lat' dir='ltr'>arcesauutab</span> <span class='ocrx_word' id='word_1_494' title='bbox 768 4191 947 4255; x_wconf 77' lang='lat' dir='ltr'>anglosaxon.</span> <span class='ocrx_word' id='word_1_495' title='bbox 964 4186 1043 4255; x_wconf 71' lang='lat' dir='ltr'>feei,</span> <span class='ocrx_word' id='word_1_496' title='bbox 1093 4225 1157 4273; x_wconf 60' lang='lat' dir='ltr'>sua</span> <span class='ocrx_word' id='word_1_497' title='bbox 1172 4197 1368 4292; x_wconf 62' lang='lat' dir='ltr'>inquilinus</span> <span class='ocrx_word' id='word_1_498' title='bbox 1377 4192 1443 4288; x_wconf 58' lang='lat' dir='ltr'>aa),</span> <span class='ocrx_word' id='word_1_499' title='bbox 1470 4191 1606 4258; x_wconf 58' lang='lat' dir='ltr'><strong>invecta</strong></span> <span class='ocrx_word' id='word_1_500' title='bbox 1631 4202 1665 4256; x_wconf 63' lang='lat' dir='ltr'>ep</span> <span class='ocrx_word' id='word_1_501' title='bbox 1687 4188 1784 4255; x_wconf 63' lang='lat' dir='ltr'>illata</span> <span class='ocrx_word' id='word_1_502' title='bbox 1807 4183 1949 4277; x_wconf 63' lang='lat' dir='ltr'>pignori</span> <span class='ocrx_word' id='word_1_503' title='bbox 1970 4195 2075 4253; x_wconf 69' lang='lat' dir='ltr'>prum</span> 
     </span>
     <span class='ocr_line' id='line_1_42' title="bbox 129 4255 1044 4324; baseline 0.002 -18"><span class='ocrx_word' id='word_1_504' title='bbox 129 4255 204 4322; x_wconf 80' lang='lat' dir='ltr'>quod</span> <span class='ocrx_word' id='word_1_505' title='bbox 220 4257 384 4319; x_wconf 76' lang='lat' dir='ltr'>stipendium</span> <span class='ocrx_word' id='word_1_506' title='bbox 400 4258 634 4324; x_wconf 79' lang='lat' dir='ltr'>interpretantur3</span> <span class='ocrx_word' id='word_1_507' title='bbox 653 4261 704 4310; x_wconf 79' lang='lat' dir='ltr'>alti</span> <span class='ocrx_word' id='word_1_508' title='bbox 720 4272 779 4311; x_wconf 80' lang='lat' dir='ltr'>ean</span> <span class='ocrx_word' id='word_1_509' title='bbox 792 4259 968 4322; x_wconf 79' lang='lat' dir='ltr'>compositam</span> <span class='ocrx_word' id='word_1_510' title='bbox 983 4269 1044 4308; x_wconf 79' lang='lat' dir='ltr'>esse</span> 
     </span>
    </p>
   </div>
   <div class='ocr_carea' id='block_1_15' title="bbox 127 4277 2074 4393">
    <p class='ocr_par' dir='ltr' id='par_1_15' title="bbox 127 4277 2074 4393">
     <span class='ocr_line' id='line_1_43' title="bbox 127 4277 2074 4393; baseline -0.012 -15"><span class='ocrx_word' id='word_1_511' title='bbox 127 4331 245 4378; x_wconf 71' lang='lat' dir='ltr'>nerunt</span> <span class='ocrx_word' id='word_1_512' title='bbox 262 4325 375 4390; x_wconf 72' lang='lat' dir='ltr'>exfeo,</span> <span class='ocrx_word' id='word_1_513' title='bbox 399 4339 482 4392; x_wconf 82' lang='lat' dir='ltr'>pecu,</span> <span class='ocrx_word' id='word_1_514' title='bbox 508 4329 536 4375; x_wconf 83' lang='lat' dir='ltr'>et</span> <span class='ocrx_word' id='word_1_515' title='bbox 552 4330 605 4389; x_wconf 75' lang='lat' dir='ltr'>od,</span> <span class='ocrx_word' id='word_1_516' title='bbox 627 4331 741 4389; x_wconf 78' lang='lat' dir='ltr'>oouun,</span> <span class='ocrx_word' id='word_1_517' title='bbox 765 4329 805 4379; x_wconf 83' lang='lat' dir='ltr'>tta</span> <span class='ocrx_word' id='word_1_518' title='bbox 820 4332 852 4378; x_wconf 90' lang='lat' dir='ltr'>ut</span> <span class='ocrx_word' id='word_1_519' title='bbox 867 4328 988 4392; x_wconf 71' lang='lat' dir='ltr'>feudum</span> <span class='ocrx_word' id='word_1_520' title='bbox 1005 4329 1043 4376; x_wconf 85' lang='lat' dir='ltr'>stt</span> <span class='ocrx_word' id='word_1_521' title='bbox 1095 4303 1263 4393; x_wconf 79' lang='lat' dir='ltr'>obligata.</span> <span class='ocrx_word' id='word_1_522' title='bbox 1325 4296 1372 4367; x_wconf 85' lang='lat' dir='ltr'>Et</span> <span class='ocrx_word' id='word_1_523' title='bbox 1404 4296 1443 4364; x_wconf 87' lang='lat' dir='ltr'>in</span> <span class='ocrx_word' id='word_1_524' title='bbox 1465 4293 1595 4362; x_wconf 82' lang='lat' dir='ltr'>Codice</span> <span class='ocrx_word' id='word_1_525' title='bbox 1624 4290 1667 4357; x_wconf 81' lang='lat' dir='ltr'>de</span> <span class='ocrx_word' id='word_1_526' title='bbox 1688 4290 1806 4357; x_wconf 82' lang='lat' dir='ltr'>locato</span> <span class='ocrx_word' id='word_1_527' title='bbox 1829 4299 1864 4356; x_wconf 81' lang='lat' dir='ltr'>ot</span> <span class='ocrx_word' id='word_1_528' title='bbox 1886 4277 2074 4366; x_wconf 58' lang='lat' dir='ltr'>contium,</span> 
     </span>
    </p>
   </div>
   <div class='ocr_carea' id='block_1_16' title="bbox 126 4386 2024 4529">
    <p class='ocr_par' dir='ltr' id='par_1_16' title="bbox 126 4386 2024 4529">
     <span class='ocr_line' id='line_1_44' title="bbox 126 4386 2024 4485; baseline -0.009 -38"><span class='ocrx_word' id='word_1_529' title='bbox 126 4398 228 4447; x_wconf 83' lang='lat' dir='ltr'>bonurn</span> <span class='ocrx_word' id='word_1_530' title='bbox 245 4393 376 4444; x_wconf 76' lang='lat' dir='ltr'>rusticum</span> <span class='ocrx_word' id='word_1_531' title='bbox 395 4397 440 4445; x_wconf 88' lang='lat' dir='ltr'>vet</span> <span class='ocrx_word' id='word_1_532' title='bbox 457 4397 629 4460; x_wconf 79' lang='lat' dir='ltr'>pecuarium,</span> <span class='ocrx_word' id='word_1_533' title='bbox 658 4402 706 4449; x_wconf 81' lang='lat' dir='ltr'>aut</span> <span class='ocrx_word' id='word_1_534' title='bbox 724 4412 758 4449; x_wconf 84' lang='lat' dir='ltr'>ex</span> <span class='ocrx_word' id='word_1_535' title='bbox 774 4397 838 4463; x_wconf 72' lang='lat' dir='ltr'>feo,</span> <span class='ocrx_word' id='word_1_536' title='bbox 867 4395 1044 4477; x_wconf 72' lang='lat' dir='ltr'>stipendium,</span> <span class='ocrx_word' id='word_1_537' title='bbox 1094 4406 1191 4479; x_wconf 60' lang='lat' dir='ltr'><strong>Certi</strong></span> <span class='ocrx_word' id='word_1_538' title='bbox 1206 4386 2024 4485; x_wconf 35' lang='lat' dir='ltr'>iminaresinaqaspignorisiuoeteneriori)</span> 
     </span>
     <span class='ocr_line' id='line_1_45' title="bbox 126 4463 1044 4529; baseline -0.002 -14"><span class='ocrx_word' id='word_1_539' title='bbox 126 4463 418 4528; x_wconf 52' lang='lat' dir='ltr'>ratario-,meroem</span> <span class='ocrx_word' id='word_1_540' title='bbox 436 4468 464 4513; x_wconf 87' lang='lat' dir='ltr'>et</span> <span class='ocrx_word' id='word_1_541' title='bbox 481 4466 536 4525; x_wconf 77' lang='lat' dir='ltr'>od,</span> <span class='ocrx_word' id='word_1_542' title='bbox 558 4466 728 4529; x_wconf 76' lang='lat' dir='ltr'>substantia,</span> <span class='ocrx_word' id='word_1_543' title='bbox 751 4466 867 4529; x_wconf 81' lang='lat' dir='ltr'>iunius,</span> <span class='ocrx_word' id='word_1_544' title='bbox 889 4475 1044 4525; x_wconf 74' lang='lat' dir='ltr'>possessio,</span> 
     </span>
    </p>
   </div>
   <div class='ocr_carea' id='block_1_17' title="bbox 125 4531 1297 4598">
    <p class='ocr_par' dir='ltr' id='par_1_17' title="bbox 125 4531 1297 4598">
     <span class='ocr_line' id='line_1_46' title="bbox 125 4531 1297 4598; baseline -0.003 -14"><span class='ocrx_word' id='word_1_545' title='bbox 125 4537 159 4585; x_wconf 77' lang='lat' dir='ltr'>ut</span> <span class='ocrx_word' id='word_1_546' title='bbox 181 4533 301 4598; x_wconf 71' lang='lat' dir='ltr'>feudum</span> <span class='ocrx_word' id='word_1_547' title='bbox 323 4532 361 4581; x_wconf 83' lang='lat' dir='ltr'>sit</span> <span class='ocrx_word' id='word_1_548' title='bbox 382 4531 562 4595; x_wconf 76' lang='lat' dir='ltr'>stipendiarie</span> <span class='ocrx_word' id='word_1_549' title='bbox 586 4537 728 4597; x_wconf 79' lang='lat' dir='ltr'>possessio</span> <span class='ocrx_word' id='word_1_550' title='bbox 753 4536 835 4596; x_wconf 76' lang='lat' dir='ltr'>[oreo</span> <span class='ocrx_word' id='word_1_551' title='bbox 856 4535 900 4585; x_wconf 76' lang='lat' dir='ltr'>ost</span> <span class='ocrx_word' id='word_1_552' title='bbox 917 4534 1044 4596; x_wconf 72' lang='lat' dir='ltr'>lingonis</span> <span class='ocrx_word' id='word_1_553' title='bbox 1094 4567 1297 4585; x_wconf 47' lang='lat' dir='ltr'>m...-</span> 
     </span>
    </p>
   </div>
   <div class='ocr_carea' id='block_1_18' title="bbox 130 4600 1860 4770">
    <p class='ocr_par' dir='ltr' id='par_1_18' title="bbox 127 4600 2074 4770">
     <span class='ocr_line' id='line_1_47' title="bbox 130 4600 1860 4770; baseline -0.014 0.958"><span class='ocrx_word' id='word_1_554' title='bbox 127 4600 1045 4739; x_wconf 69' lang='lat' dir='ltr'>..salsurus</span> <span class='ocrx_word' id='word_1_555' title='bbox 1127 4638 1397 4770; x_wconf 63' lang='lat' dir='ltr'>‘papea</span> <span class='ocrx_word' id='word_1_556' title='bbox 1412 4627 1655 4769; x_wconf 55' lang='lat' dir='ltr'>sisaran</span> <span class='ocrx_word' id='word_1_557' title='bbox 1671 4626 2074 4765; x_wconf 73' lang='lat' dir='ltr'>alass.</span> 
     </span>
    </p>
   </div>
   <div class='ocr_carea' id='block_1_19' title="bbox 126 4738 2075 4875">
    <p class='ocr_par' dir='ltr' id='par_1_19' title="bbox 126 4738 2075 4875">
     <span class='ocr_line' id='line_1_48' title="bbox 126 4738 2075 4875; baseline -0.012 -36"><span class='ocrx_word' id='word_1_558' title='bbox 126 4740 405 4873; x_wconf 49' lang='grc' dir='ltr'>ἓξὲηῗαῑῑξῃξῒῃᾞ</span> <span class='ocrx_word' id='word_1_559' title='bbox 421 4738 1045 4875; x_wconf 40' lang='lat' dir='ltr'>ilqlffltilosseffinffffiqfffflaraxem?</span> <span class='ocrx_word' id='word_1_560' title='bbox 1160 4786 1225 4835; x_wconf 79' lang='lat' dir='ltr'>ian.</span> <span class='ocrx_word' id='word_1_561' title='bbox 1237 4780 1298 4832; x_wconf 87' lang='lat' dir='ltr'>vu.</span> <span class='ocrx_word' id='word_1_562' title='bbox 1315 4777 1370 4827; x_wconf 67' lang='grc' dir='ltr'>ηε</span> <span class='ocrx_word' id='word_1_563' title='bbox 1388 4774 1440 4824; x_wconf 86' lang='lat' dir='ltr'>Ubi</span> <span class='ocrx_word' id='word_1_564' title='bbox 1457 4782 1541 4835; x_wconf 89' lang='lat' dir='ltr'>porro</span> <span class='ocrx_word' id='word_1_565' title='bbox 1559 4770 1608 4820; x_wconf 83' lang='lat' dir='ltr'>itta</span> <span class='ocrx_word' id='word_1_566' title='bbox 1625 4770 1678 4819; x_wconf 81' lang='lat' dir='ltr'>erit</span> <span class='ocrx_word' id='word_1_567' title='bbox 1695 4770 1814 4819; x_wconf 84' lang='lat' dir='ltr'>turmula</span> <span class='ocrx_word' id='word_1_568' title='bbox 1830 4765 1959 4830; x_wconf 77' lang='lat' dir='ltr'>tirone,</span> <span class='ocrx_word' id='word_1_569' title='bbox 1978 4766 2010 4816; x_wconf 79' lang='lat' dir='ltr'>ut</span> <span class='ocrx_word' id='word_1_570' title='bbox 2026 4765 2075 4817; x_wconf 82' lang='lat' dir='ltr'>tu-</span> 
     </span>
    </p>
   </div>
   <div class='ocr_carea' id='block_1_20' title="bbox 124 4843 2075 5090">
    <p class='ocr_par' dir='ltr' id='par_1_20' title="bbox 124 4843 2075 5090">
     <span class='ocr_line' id='line_1_49' title="bbox 126 4843 1639 4943; baseline -0.026 -14"><span class='ocrx_word' id='word_1_571' title='bbox 126 4878 266 4931; x_wconf 69' lang='lat' dir='ltr'>warine</span> <span class='ocrx_word' id='word_1_572' title='bbox 285 4877 303 4929; x_wconf 89' lang='lat' dir='ltr'>t.</span> <span class='ocrx_word' id='word_1_573' title='bbox 317 4877 335 4929; x_wconf 90' lang='lat' dir='ltr'>i.</span> <span class='ocrx_word' id='word_1_574' title='bbox 355 4890 381 4938; x_wconf 91' lang='lat' dir='ltr'>p.</span> <span class='ocrx_word' id='word_1_575' title='bbox 397 4877 449 4927; x_wconf 82' lang='grc'>440</span> <span class='ocrx_word' id='word_1_576' title='bbox 460 4890 502 4941; x_wconf 65' lang='lat' dir='ltr'>sq.</span> <span class='ocrx_word' id='word_1_577' title='bbox 545 4880 587 4929; x_wconf 74' lang='lat' dir='ltr'>pu</span> <span class='ocrx_word' id='word_1_578' title='bbox 605 4878 699 4943; x_wconf 62' lang='lat' dir='ltr'>cange</span> <span class='ocrx_word' id='word_1_579' title='bbox 722 4880 750 4930; x_wconf 72' lang='lat'>1„</span> <span class='ocrx_word' id='word_1_580' title='bbox 773 4876 913 4943; x_wconf 48' lang='lat' dir='ltr'>glamio</span> <span class='ocrx_word' id='word_1_581' title='bbox 936 4875 1044 4927; x_wconf 61' lang='lat' dir='ltr'>„epp”</span> <span class='ocrx_word' id='word_1_582' title='bbox 1161 4857 1209 4905; x_wconf 79' lang='lat' dir='ltr'>ter</span> <span class='ocrx_word' id='word_1_583' title='bbox 1226 4852 1313 4902; x_wconf 75' lang='lat' dir='ltr'>bonor</span> <span class='ocrx_word' id='word_1_584' title='bbox 1330 4847 1398 4897; x_wconf 77' lang='lat' dir='ltr'>aene</span> <span class='ocrx_word' id='word_1_585' title='bbox 1415 4844 1498 4908; x_wconf 81' lang='lat' dir='ltr'>apter</span> <span class='ocrx_word' id='word_1_586' title='bbox 1515 4843 1639 4906; x_wconf 84' lang='lat' dir='ltr'>oportet.</span> 
     </span>
     <span class='ocr_line' id='line_1_50' title="bbox 127 4937 2075 5017; baseline -0.017 4"><span class='ocrx_word' id='word_1_587' title='bbox 127 4950 156 4997; x_wconf 46' lang='grc' dir='ltr'>*ἶ</span> <span class='ocrx_word' id='word_1_588' title='bbox 174 4945 282 4996; x_wconf 55' lang='grc' dir='ltr'>ΜΝ</span> <span class='ocrx_word' id='word_1_589' title='bbox 301 4944 448 4994; x_wconf 57' lang='lat' dir='ltr'>¹⁸i¹¹¹¹i⁸fl⁸</span> <span class='ocrx_word' id='word_1_590' title='bbox 463 4947 583 5012; x_wconf 70' lang='lat' dir='ltr'>{eudon</span> <span class='ocrx_word' id='word_1_591' title='bbox 599 4949 798 5010; x_wconf 58' lang='lat' dir='ltr'>interpretatur</span> <span class='ocrx_word' id='word_1_592' title='bbox 817 4945 939 4998; x_wconf 62' lang='lat' dir='ltr'>meflcss</span> <span class='ocrx_word' id='word_1_593' title='bbox 955 4956 1044 4995; x_wconf 70' lang='lat'>&#39;⁰⁴²-</span> <span class='ocrx_word' id='word_1_594' title='bbox 1126 4958 1175 5017; x_wconf 76' lang='lat'>⁴2)</span> <span class='ocrx_word' id='word_1_595' title='bbox 1193 4954 1255 5017; x_wconf 63' lang='lat' dir='ltr'>lita.</span> <span class='ocrx_word' id='word_1_596' title='bbox 1268 4950 1331 5002; x_wconf 76' lang='lat' dir='ltr'>XX.</span> <span class='ocrx_word' id='word_1_597' title='bbox 1350 4949 1393 5000; x_wconf 87' lang='lat' dir='ltr'>tlt.</span> <span class='ocrx_word' id='word_1_598' title='bbox 1405 4948 1431 4999; x_wconf 74' lang='lat'>2.</span> <span class='ocrx_word' id='word_1_599' title='bbox 1450 4943 1590 5006; x_wconf 78' lang='lat' dir='ltr'>inseripti:</span> <span class='ocrx_word' id='word_1_600' title='bbox 1614 4941 1647 4993; x_wconf 86' lang='lat' dir='ltr'>ln</span> <span class='ocrx_word' id='word_1_601' title='bbox 1671 4941 1767 5005; x_wconf 72' lang='lat' dir='ltr'>qulbus</span> <span class='ocrx_word' id='word_1_602' title='bbox 1790 4938 1882 4990; x_wconf 69' lang='lat' dir='ltr'>musis</span> <span class='ocrx_word' id='word_1_603' title='bbox 1906 4937 2005 5003; x_wconf 74' lang='lat' dir='ltr'>pignus</span> <span class='ocrx_word' id='word_1_604' title='bbox 2028 4938 2075 4989; x_wconf 83' lang='lat' dir='ltr'>vel</span> 
     </span>
     <span class='ocr_line' id='line_1_51' title="bbox 124 5009 1736 5090; baseline -0.013 -23"><span class='ocrx_word' id='word_1_605' title='bbox 124 5016 198 5066; x_wconf 67' lang='lat' dir='ltr'>uto.</span> <span class='ocrx_word' id='word_1_606' title='bbox 234 5015 311 5066; x_wconf 75' lang='lat' dir='ltr'>corii.</span> <span class='ocrx_word' id='word_1_607' title='bbox 332 5014 414 5064; x_wconf 83' lang='lat' dir='ltr'>ettam</span> <span class='ocrx_word' id='word_1_608' title='bbox 431 5019 497 5065; x_wconf 84' lang='lat' dir='ltr'>nota</span> <span class='ocrx_word' id='word_1_609' title='bbox 520 5028 537 5067; x_wconf 78' lang='lat' dir='ltr'><strong>a</strong></span> <span class='ocrx_word' id='word_1_610' title='bbox 554 5018 754 5068; x_wconf 80' lang='lat' dir='ltr'>Protenhauero</span> <span class='ocrx_word' id='word_1_611' title='bbox 778 5014 894 5067; x_wconf 80' lang='lat' dir='ltr'>editioni</span> <span class='ocrx_word' id='word_1_612' title='bbox 913 5014 938 5066; x_wconf 67' lang='grc' dir='ltr'>Ι.</span> <span class='ocrx_word' id='word_1_613' title='bbox 961 5013 1044 5064; x_wconf 85' lang='lat' dir='ltr'>libri:</span> <span class='ocrx_word' id='word_1_614' title='bbox 1159 5022 1313 5090; x_wconf 55' lang='lat' dir='ltr'>pppppoeoe</span> <span class='ocrx_word' id='word_1_615' title='bbox 1329 5016 1413 5068; x_wconf 54' lang='lat'>“0120</span> <span class='ocrx_word' id='word_1_616' title='bbox 1430 5010 1618 5077; x_wconf 60' lang='lat' dir='ltr'>concnam,</span> <span class='ocrx_word' id='word_1_617' title='bbox 1634 5010 1697 5076; x_wconf 69' lang='lat'>1030</span> <span class='ocrx_word' id='word_1_618' title='bbox 1709 5009 1736 5061; x_wconf 62' lang='grc' dir='ltr'>ς,</span> 
     </span>
    </p>
   </div>
   <div class='ocr_carea' id='block_1_21' title="bbox 123 5080 1908 5216">
    <p class='ocr_par' dir='ltr' id='par_1_21' title="bbox 123 5080 1908 5216">
     <span class='ocr_line' id='line_1_52' title="bbox 123 5080 1908 5216; baseline -0.02 -85"><span class='ocrx_word' id='word_1_619' title='bbox 123 5080 294 5216; x_wconf 53' lang='lat' dir='ltr'>mgr</span> <span class='ocrx_word' id='word_1_620' title='bbox 308 5083 455 5134; x_wconf 76' lang='lat' dir='ltr'>liudberti</span> <span class='ocrx_word' id='word_1_621' title='bbox 476 5085 522 5135; x_wconf 83' lang='lat' dir='ltr'>ior</span> <span class='ocrx_word' id='word_1_622' title='bbox 544 5086 704 5152; x_wconf 68' lang='lat' dir='ltr'>engeltrude</span> <span class='ocrx_word' id='word_1_623' title='bbox 724 5085 868 5151; x_wconf 74' lang='lat' dir='ltr'>scrinea,</span> <span class='ocrx_word' id='word_1_624' title='bbox 897 5093 963 5147; x_wconf 69' lang='lat' dir='ltr'>pag.</span> <span class='ocrx_word' id='word_1_625' title='bbox 980 5082 1042 5135; x_wconf 71' lang='lat' dir='ltr'>too.</span> <span class='ocrx_word' id='word_1_626' title='bbox 1126 5130 1175 5189; x_wconf 69' lang='lat'>⁴³)</span> <span class='ocrx_word' id='word_1_627' title='bbox 1194 5126 1293 5185; x_wconf 53' lang='lat' dir='ltr'>em]</span> <span class='ocrx_word' id='word_1_628' title='bbox 1309 5122 1351 5172; x_wconf 50' lang='lat' dir='ltr'>dc</span> <span class='ocrx_word' id='word_1_629' title='bbox 1367 5120 1516 5183; x_wconf 45' lang='lat' dir='ltr'>prom?</span> <span class='ocrx_word' id='word_1_630' title='bbox 1537 5114 1600 5180; x_wconf 53' lang='lat' dir='ltr'><strong><em>m</em></strong></span> <span class='ocrx_word' id='word_1_631' title='bbox 1617 5115 1733 5166; x_wconf 55' lang='lat' dir='ltr'>mm</span> <span class='ocrx_word' id='word_1_632' title='bbox 1761 5116 1797 5166; x_wconf 43' lang='lat' dir='ltr'>et·</span> <span class='ocrx_word' id='word_1_633' title='bbox 1903 5088 1908 5096; x_wconf 91' lang='lat'>.</span> 
     </span>
    </p>
   </div>
   <div class='ocr_carea' id='block_1_22' title="bbox 85 5213 2076 5393">
    <p class='ocr_par' dir='ltr' id='par_1_22' title="bbox 85 5213 2076 5393">
     <span class='ocr_line' id='line_1_53' title="bbox 85 5213 2076 5323; baseline -0.024 -14"><span class='ocrx_word' id='word_1_634' title='bbox 85 5257 138 5317; x_wconf 78' lang='grc'>40)</span> <span class='ocrx_word' id='word_1_635' title='bbox 162 5257 228 5306; x_wconf 77' lang='lat' dir='ltr'>voit</span> <span class='ocrx_word' id='word_1_636' title='bbox 245 5258 335 5305; x_wconf 83' lang='lat' dir='ltr'>ortum</span> <span class='ocrx_word' id='word_1_637' title='bbox 357 5258 401 5306; x_wconf 84' lang='lat' dir='ltr'>est</span> <span class='ocrx_word' id='word_1_638' title='bbox 426 5269 460 5306; x_wconf 80' lang='lat' dir='ltr'>ex</span> <span class='ocrx_word' id='word_1_639' title='bbox 482 5256 583 5323; x_wconf 69' lang='lat' dir='ltr'>sapae,</span> <span class='ocrx_word' id='word_1_640' title='bbox 613 5257 677 5322; x_wconf 63' lang='lat' dir='ltr'>tq,</span> <span class='ocrx_word' id='word_1_641' title='bbox 702 5255 827 5309; x_wconf 60' lang='lat' dir='ltr'>popm,</span> <span class='ocrx_word' id='word_1_642' title='bbox 852 5256 942 5321; x_wconf 59' lang='lat' dir='ltr'>pm,</span> <span class='ocrx_word' id='word_1_643' title='bbox 971 5254 1043 5319; x_wconf 61' lang='lat'>{¹¹⁰4</span> <span class='ocrx_word' id='word_1_644' title='bbox 1126 5230 1174 5298; x_wconf 84' lang='grc'>44)</span> <span class='ocrx_word' id='word_1_645' title='bbox 1194 5230 1261 5281; x_wconf 83' lang='lat' dir='ltr'>Post</span> <span class='ocrx_word' id='word_1_646' title='bbox 1286 5216 1486 5292; x_wconf 82' lang='lat' dir='ltr'>„inquilinos”</span> <span class='ocrx_word' id='word_1_647' title='bbox 1511 5220 1537 5270; x_wconf 85' lang='lat' dir='ltr'>n.</span> <span class='ocrx_word' id='word_1_648' title='bbox 1551 5218 1569 5270; x_wconf 92' lang='lat' dir='ltr'>l.</span> <span class='ocrx_word' id='word_1_649' title='bbox 1593 5217 1695 5268; x_wconf 75' lang='lat' dir='ltr'>omissa</span> <span class='ocrx_word' id='word_1_650' title='bbox 1718 5218 1784 5265; x_wconf 80' lang='lat' dir='ltr'>runt</span> <span class='ocrx_word' id='word_1_651' title='bbox 1800 5213 1873 5278; x_wconf 72' lang='lat' dir='ltr'>legis</span> <span class='ocrx_word' id='word_1_652' title='bbox 1890 5214 1992 5264; x_wconf 76' lang='lat' dir='ltr'>veria.-</span> <span class='ocrx_word' id='word_1_653' title='bbox 2021 5223 2076 5276; x_wconf 77' lang='lat' dir='ltr'>quo</span> 
     </span>
     <span class='ocr_line' id='line_1_54' title="bbox 124 5285 1729 5393; baseline -0.029 -13"><span class='ocrx_word' id='word_1_654' title='bbox 124 5326 301 5390; x_wconf 56' lang='lat' dir='ltr'>quaestorem</span> <span class='ocrx_word' id='word_1_655' title='bbox 323 5325 445 5390; x_wconf 76' lang='lat' dir='ltr'>regium,</span> <span class='ocrx_word' id='word_1_656' title='bbox 471 5327 620 5391; x_wconf 67' lang='lat' dir='ltr'>vicarium,</span> <span class='ocrx_word' id='word_1_657' title='bbox 646 5327 805 5393; x_wconf 49' lang='lat' dir='ltr'>patronum,</span> <span class='ocrx_word' id='word_1_658' title='bbox 837 5323 967 5380; x_wconf 51' lang='lat' dir='ltr'>rmum,</span> <span class='ocrx_word' id='word_1_659' title='bbox 990 5323 1044 5374; x_wconf 53' lang='grc' dir='ltr'>ω,</span> <span class='ocrx_word' id='word_1_660' title='bbox 1160 5299 1270 5350; x_wconf 84' lang='lat' dir='ltr'>nomtne</span> <span class='ocrx_word' id='word_1_661' title='bbox 1287 5308 1320 5346; x_wconf 76' lang='lat' dir='ltr'>er</span> <span class='ocrx_word' id='word_1_662' title='bbox 1340 5295 1428 5343; x_wconf 78' lang='lat' dir='ltr'>locato</span> <span class='ocrx_word' id='word_1_663' title='bbox 1446 5304 1507 5342; x_wconf 84' lang='lat' dir='ltr'>eum</span> <span class='ocrx_word' id='word_1_664' title='bbox 1523 5301 1557 5339; x_wconf 89' lang='lat' dir='ltr'>eo</span> <span class='ocrx_word' id='word_1_665' title='bbox 1577 5287 1631 5337; x_wconf 82' lang='lat' dir='ltr'>erit</span> <span class='ocrx_word' id='word_1_666' title='bbox 1647 5285 1729 5337; x_wconf 75' lang='lat' dir='ltr'>ectio.</span> 
     </span>
    </p>
   </div>
   <div class='ocr_carea' id='block_1_23' title="bbox 122 5367 2076 5528">
    <p class='ocr_par' dir='ltr' id='par_1_23' title="bbox 122 5367 2076 5528">
     <span class='ocr_line' id='line_1_55' title="bbox 122 5367 2074 5464; baseline -0.007 -20"><span class='ocrx_word' id='word_1_667' title='bbox 122 5396 269 5459; x_wconf 69' lang='lat' dir='ltr'>vaurum,</span> <span class='ocrx_word' id='word_1_668' title='bbox 299 5394 473 5446; x_wconf 62' lang='lat' dir='ltr'>ascensorem</span> <span class='ocrx_word' id='word_1_669' title='bbox 496 5395 649 5464; x_wconf 70' lang='lat' dir='ltr'>sigonae,</span> <span class='ocrx_word' id='word_1_670' title='bbox 683 5397 739 5452; x_wconf 76' lang='lat' dir='ltr'>ua</span> <span class='ocrx_word' id='word_1_671' title='bbox 762 5394 845 5449; x_wconf 75' lang='lat' dir='ltr'>orer</span> <span class='ocrx_word' id='word_1_672' title='bbox 862 5392 921 5447; x_wconf 73' lang='lat' dir='ltr'>ri</span> <span class='ocrx_word' id='word_1_673' title='bbox 944 5393 975 5449; x_wconf 84' lang='lat' dir='ltr'>r.</span> <span class='ocrx_word' id='word_1_674' title='bbox 995 5392 1041 5446; x_wconf 83' lang='grc' dir='ltr'>ιιι</span> <span class='ocrx_word' id='word_1_675' title='bbox 1127 5387 1177 5445; x_wconf 75' lang='lat' dir='ltr'>eo)</span> <span class='ocrx_word' id='word_1_676' title='bbox 1196 5380 1320 5437; x_wconf 79' lang='lat' dir='ltr'>coarv.</span> <span class='ocrx_word' id='word_1_677' title='bbox 1338 5377 1435 5428; x_wconf 73' lang='lat' dir='ltr'>tao.</span> <span class='ocrx_word' id='word_1_678' title='bbox 1458 5371 1598 5434; x_wconf 69' lang='lat' dir='ltr'>imisit:</span> <span class='ocrx_word' id='word_1_679' title='bbox 1629 5371 1664 5422; x_wconf 70' lang='lat' dir='ltr'>aa</span> <span class='ocrx_word' id='word_1_680' title='bbox 1686 5368 1777 5419; x_wconf 64' lang='lat' dir='ltr'>wo</span> <span class='ocrx_word' id='word_1_681' title='bbox 1801 5370 1829 5418; x_wconf 76' lang='lat' dir='ltr'>a</span> <span class='ocrx_word' id='word_1_682' title='bbox 1854 5367 2006 5431; x_wconf 53' lang='grc' dir='ltr'>σε’-«κω,</span> <span class='ocrx_word' id='word_1_683' title='bbox 2031 5368 2074 5419; x_wconf 76' lang='lat' dir='ltr'>te·</span> 
     </span>
     <span class='ocr_line' id='line_1_56' title="bbox 122 5436 2076 5528; baseline -0.014 -13"><span class='ocrx_word' id='word_1_684' title='bbox 122 5478 149 5528; x_wconf 89' lang='lat' dir='ltr'>p.</span> <span class='ocrx_word' id='word_1_685' title='bbox 165 5462 229 5516; x_wconf 67' lang='grc'><strong>482.</strong></span> <span class='ocrx_word' id='word_1_686' title='bbox 244 5464 305 5514; x_wconf 75' lang='lat' dir='ltr'>toi.</span> <span class='ocrx_word' id='word_1_687' title='bbox 1160 5454 1245 5522; x_wconf 72' lang='lat' dir='ltr'>giso.</span> <span class='ocrx_word' id='word_1_688' title='bbox 1262 5447 1521 5501; x_wconf 67' lang='lat' dir='ltr'>recurremus</span> <span class='ocrx_word' id='word_1_689' title='bbox 1537 5437 1766 5502; x_wconf 68' lang='lat' dir='ltr'>cerularium,</span> <span class='ocrx_word' id='word_1_690' title='bbox 1784 5447 1833 5502; x_wconf 75' lang='lat' dir='ltr'>er,</span> <span class='ocrx_word' id='word_1_691' title='bbox 1850 5436 2076 5500; x_wconf 67' lang='lat' dir='ltr'>qmvuunreto</span> 
     </span>
    </p>
   </div>
   <div class='ocr_carea' id='block_1_24' title="bbox 158 2678 1042 2774">
    <p class='ocr_par' dir='ltr' id='par_1_24' title="bbox 158 2678 1042 2774">
     <span class='ocr_line' id='line_1_57' title="bbox 158 2678 1042 2774; baseline 0.003 -27"><span class='ocrx_word' id='word_1_692' title='bbox 158 2678 308 2750; x_wconf 84' lang='lat' dir='ltr'>Locatio</span> <span class='ocrx_word' id='word_1_693' title='bbox 339 2694 391 2753; x_wconf 87' lang='lat' dir='ltr'>est</span> <span class='ocrx_word' id='word_1_694' title='bbox 409 2706 584 2774; x_wconf 90' lang='lat' dir='ltr'>personae</span> <span class='ocrx_word' id='word_1_695' title='bbox 603 2684 661 2752; x_wconf 89' lang='lat' dir='ltr'>vel</span> <span class='ocrx_word' id='word_1_696' title='bbox 682 2683 737 2752; x_wconf 88' lang='lat' dir='ltr'>rei</span> <span class='ocrx_word' id='word_1_697' title='bbox 759 2684 805 2752; x_wconf 90' lang='lat' dir='ltr'>ad</span> <span class='ocrx_word' id='word_1_698' title='bbox 825 2708 927 2753; x_wconf 88' lang='lat' dir='ltr'>usum</span> <span class='ocrx_word' id='word_1_699' title='bbox 951 2683 1042 2751; x_wconf 86' lang='lat' dir='ltr'>facta</span> 
     </span>
    </p>
   </div>
   <div class='ocr_carea' id='block_1_25' title="bbox 0 0 2276 5765">
    <p class='ocr_par' dir='ltr' id='par_1_25' title="bbox 0 0 2276 5765">
     <span class='ocr_line' id='line_1_58' title="bbox 0 0 2276 5765; baseline 0 0"><span class='ocrx_word' id='word_1_700' title='bbox 0 0 2276 5765; x_wconf 95' lang='lat' dir='ltr'> </span> 
     </span>
    </p>
   </div>
  </div>
 </body>
</html>
