4544 5766
1087 1452 1163 1538 lv.

125 1687 258 1813 sltfl.
306 1684 1228 1778 Mab.00MMENTAR111N
1271 1682 1625 1788 amolior
1671 1686 2106 1780 romuleos

675 1851 968 1940 LIBROS
1019 1847 1587 1939 ARISTOTELIS.

226 2121 335 2180 Horum
363 2120 634 2182 cummedtariorum
664 2134 725 2182 tres
751 2122 894 2182 editiones
925 2122 955 2181 in
981 2122 1200 2202 Prolegomenis
1229 2139 1261 2200 p.
1283 2117 1324 2181 1⁷
1342 2138 1387 2198 sq.
1415 2120 1727 2192 commemoravimus,
1768 2141 1892 2202 quarum
1921 2127 2061 2208 princeps
2090 2127 2138 2186 in·
2256 2170 2262 2179 -

121 2208 177 2265 scri
200 2220 230 2268 ta
250 2220 312 2267 est:
345 2249 348 2254 -

179 2228 199 2286 P
248 2288 483 2354 &amentor-ts·
510 2294 548 2352 ἐκ
575 2290 705 2371 aliquot
728 2291 883 2372 politicos
909 2287 1013 2353 libros
1039 2287 1248 2353 Aristotelis.
1268 2284 1396 2369 Philip.
1418 2282 1584 2347 Melanch.
1606 2287 1648 2348 M.
1669 2289 1707 2351 D.
1728 2290 1822 2353 XXX.
1859 2286 2077 2374 W’tebergrse.
2096 2327 2140 2345 -

289 2375 338 2459 (lu
361 2378 452 2460 finer)
481 2374 688 2459 [supressum
707 2397 771 2458 per
792 2374 972 2458 Iosephum
994 2374 1091 2456 Glug.
1113 2377 1205 2437 XXX.
1234 2373 1307 2460 (sic)
1336 2375 1368 2437 8.
1409 2374 1431 2433 4
1451 2375 1550 2451 plagg.
1572 2370 1606 2446 (3
1628 2376 1682 2437 ult.
1705 2395 1795 2457 pagg.
1819 2377 1909 2460 rau).

208 2465 311 2524 Altera
331 2464 442 2542 prodiit
461 2458 652 2544 Hugcrsoae
677 2466 717 2525 Μ.
739 2467 777 2523 Ι).
799 2465 907 2524 XXXl.
951 2465 983 2527 8.

209 2550 312 2609 Tertia
334 2569 399 2607 cum
420 2549 589 2609 Ethicorum
611 2551 824 2609 commentariis
846 2552 998 2608 coniuncta
1022 2559 1068 2607 est
1088 2549 1129 2607 sic
1150 2546 1304 2624 iuscripta:

252 2629 487 2694 commentare·
505 2637 542 2693 io
562 2632 732 2707 Primum,
760 2629 965 2708 Secundum,
996 2630 1164 2705 Tertium,
1192 2639 1226 2690 ct
1245 2626 1407 2708 Quintam
1428 2623 1624 2688 Etlrr‘coruro
1645 2624 1801 2712 Ptitrppa
1819 2627 2096 2697 Melanchtlrorrr's.

249 2715 408 2778 Eiusdem
429 2721 466 2778 r‘rr
488 2717 686 2781 Aristotelis
707 2718 837 2799 aliquot
858 2714 961 2780 libros
983 2716 1142 2778 Politicoa
1167 2711 1421 2777 Commentario.
1995 2777 1997 2780 ,

248 2801 465 2883 Argentum
486 2804 581 2887 apud
601 2803 699 2866 lours.
720 2801 908 2866 Acherram.
928 2839 973 2851 -·
1004 2803 1054 2883 (iu
1083 2803 1175 2879 finer)
1216 2798 1432 2880 Argentaria
1453 2797 1547 2880 apud
1567 2794 1665 2860 lours.
1683 2793 1878 2876 Albanum,
1906 2799 2023 2865 Mense
2042 2801 2139 2868 Mar-

289 2894 353 2962 tio,
381 2888 501 2964 Anno,
528 2893 572 2955 Μ.
593 2895 631 2953 D.
652 2893 772 2953 XXXV.
815 2890 847 2955 8.
892 2890 933 2954 17
954 2892 1053 2969 plogg.

205 2975 259 3034 Hic
281 2976 356 3037 liber
379 2996 497 3037 recusus
519 2990 565 3038 est
582 2980 612 3038 in
635 2981 773 3057 operibus
791 2977 990 3039 Melanthunis
1009 2974 1224 3035 anilccnsibus
1250 2973 1336 3034 Tum.
1358 2972 1409 3032 1v.
1451 2990 1482 3049 p.
1503 2966 1569 3032 266
1589 2989 1653 3048 sqq.

981 3218 1289 3233 Μ

519 3429 603 3506 ΙΝ
652 3428 1078 3541 Ponrrlca
1127 3422 1739 3504 ARISTOTELIS.

127 3661 289 3774 l’oliuca
327 3727 385 3774 ars
416 3717 469 3774 est
499 3704 684 3777 continens
715 3705 893 3798 generalia
927 3708 1104 3801 quaedam
1157 3698 1397 3792 temporibus,
1438 3723 1550 3794 quare
1580 3703 1737 3794 primum
1769 3698 1827 3772 hic
1858 3712 2057 3782 monendus
2091 3728 2143 3786 est

127 3819 308 3899 praecepta
332 3808 375 3875 de
401 3806 627 3878 ordinatione
649 3808 813 3880 civitatis.
870 3809 969 3879 Sicut
990 3805 1105 3879 archi·
1156 3804 1287 3887 lector,
1314 3803 1402 3896 quid
1415 3803 1555 3874 intersit
1568 3803 1662 3875 inter
1674 3806 1857 3900 politicam
1882 3813 2080 3883 doctrinam
2108 3832 2143 3887 et

127 3910 293 3982 tectonica
309 3932 366 3979 ars
382 3922 434 3979 est
456 3936 526 4004 qua
550 3912 687 3982 formae
711 3912 955 3982 aedificiorum
976 3913 1105 4006 descri—
1157 3906 1416 3997 evangelicam,
1450 3919 1486 3975 et
1506 3911 1688 4001 quomodo
1713 3913 1889 4001 approbet
1908 3912 2142 4006 Evangelium

127 4014 264 4084 buntur.
314 4008 367 4081 lta
383 4012 527 4103 politica
544 4027 677 4084 certam
696 4016 849 4086 formam
874 4014 1025 4099 civitatis
1046 4016 1106 4084 de·
1157 4010 1338 4100 politicam
1354 4009 1566 4081 doctrinam.
1609 4010 1683 4082 Nos
1700 4014 1745 4081 ad
1761 4007 1853 4081 hanc
1867 4038 1944 4083 rem
1959 4017 2143 4089 declaran-

127 4116 259 4198 seribit,
292 4113 450 4206 disputat
470 4118 513 4185 de
534 4140 656 4188 rerum
677 4119 871 4202 divisione,
904 4120 948 4187 de
971 4142 1105 4187 connu-
1157 4115 1239 4182 dam
1269 4105 1336 4181 hac
1361 4125 1504 4182 utemur
1535 4112 1778 4183 similitudine.
1841 4114 1939 4186 Sicut
1966 4119 2143 4194 medicina

127 4218 204 4302 biis,
231 4220 275 4287 de
290 4217 575 4306 magistratibus,
601 4222 645 4290 de
661 4221 815 4313 legibus,
841 4223 884 4291 de
906 4221 1030 4312 populi
1053 4222 1106 4291 ul·
1156 4216 1261 4307 longe
1285 4216 1426 4308 lateque
1459 4215 1505 4284 ab
1525 4213 1720 4306 Evangelio
1752 4215 1874 4287 distat:
1915 4218 1965 4289 sic
1995 4223 2142 4314 politica

127 4321 222 4405 ficiis,
249 4323 294 4390 de
311 4321 570 4407 contractibus,
604 4326 647 4392 de
663 4325 800 4416 poenis.
1156 4320 1262 4410 longe
1276 4318 1416 4410 lateque
1431 4317 1539 4387 distat
1554 4319 1598 4387 ab
1611 4316 1825 4408 Evangelio;
1852 4334 1888 4390 ct
1909 4328 2141 4416 quemadmo-

1157 4424 1243 4491 dum
1267 4421 1441 4491 medicina
1468 4421 1625 4490 continet
1644 4420 1863 4508 doctrinam,
1889 4430 2144 4518 quaeratione

219 4526 289 4594 Sed
303 4523 406 4594 initio
422 4549 639 4617 magnopere
654 4550 743 4617 opus
757 4539 808 4596 est
825 4525 1026 4596 discernere
1041 4549 1106 4617 po·
1158 4537 1312 4594 constat:
1349 4524 1398 4592 ita
1420 4521 1563 4614 politica
1588 4523 1728 4592 ratione
1750 4539 1907 4610 constat,
1940 4553 2007 4601 nec
2030 4536 2142 4625 magis

131 4624 252 4695 liticam
279 4629 322 4695 ab
346 4626 541 4718 Evangelio
566 4641 601 4697 et
624 4628 873 4719 imperitorum
897 4629 1105 4721 opinionem
1159 4630 1203 4696 ad
1216 4626 1450 4717 Evangelium
1473 4627 1628 4717 pertinet
1646 4651 1753 4720 quam
1777 4630 1966 4704 medicina.
2018 4635 2087 4705 Sed
2102 4651 2143 4706 ut

132 4732 339 4813 convellere,
372 4730 435 4824 qui
457 4731 640 4800 somniant
659 4730 894 4821 Evangelium
918 4727 1008 4800 nihil
1031 4756 1106 4802 csse
1159 4729 1313 4821 optabile
1330 4741 1382 4798 est
1395 4741 1435 4797 ut
1451 4728 1608 4800 medicus
1623 4731 1703 4822 pius
1715 4730 1778 4800 sit:
1813 4731 1862 4803 ita
1879 4737 2077 4827 optandum
2092 4752 2144 4810 est

132 4832 215 4902 aliud
235 4832 304 4902 nisi
320 4833 503 4924 politicam
518 4834 738 4917 doctrinam,
769 4833 867 4903 iuxta
889 4859 997 4930 quam
1022 4833 1107 4903 civi·
1157 4845 1198 4902 ut
1222 4831 1267 4900 sit
1288 4830 1367 4922 pius
1391 4831 1420 4900 is
1443 4832 1504 4926 qui
1527 4834 1784 4925 rempublicam
1803 4838 1989 4927 gubernat.
2039 4841 2143 4912 Artos

130 4944 207 5006 tates
222 4935 490 5006 constituendae
506 4937 588 5008 sint.
638 4937 706 5006 Hic
723 4961 914 5006 errornon
931 4962 1002 5007 una
1029 4949 1107 5005 tan·
1157 4935 1253 5025 ipsae
1287 4946 1408 5003 tamen
1442 4935 1578 5005 nullam
1611 4931 1745 5006 habent
1776 4941 2026 5030 cognationem
2050 4933 2143 5014 'cum

130 5047 195 5106 tum
231 5050 346 5108 aetate
375 5038 588 5109 mirabiliter
620 5039 844 5133 perturbavit
879 5039 1107 5132 respublicas,
1158 5035 1365 5126 Evangelio.
1415 5037 1507 5109 Nam
1527 5037 1761 5130 Evangelium
1783 5044 1950 5133 patefacit
1971 5045 2141 5117 iustitiam

130 5140 206 5211 dum
225 5139 373 5211 fanatici
394 5137 557 5213 homines
583 5144 762 5234 abrogatis
787 5142 865 5214 aliis
890 5142 1026 5234 legibus
1049 5166 1107 5211 co·
1159 5153 1359 5223 aeternam,
1385 5165 1493 5234 quam
1509 5145 1617 5212 corda
1631 5142 1838 5234 concipiunt
1853 5169 1917 5236 per
1931 5149 2056 5231 iidem,
2089 5149 2142 5216 in-

131 5257 252 5314 nautur
284 5245 383 5314 irrata
413 5243 647 5337 Evangelium
682 5245 841 5316 civitates
880 5245 1107 5316 constituere.
1159 5244 1263 5312 terim
1291 5242 1390 5313 iubet
1417 5244 1504 5314 foris
1528 5246 1580 5314 uti
1602 5244 1736 5334 legibus
1763 5257 1798 5316 et
1820 5247 1955 5338 palitiis
1981 5249 2142 5321 omniurn

131 5344 189 5414 Sed
209 5347 364 5417 vidimus
379 5351 537 5442 exempla
553 5349 657 5441 plura
675 5373 783 5443 quarn
792 5350 961 5422 vellemus
976 5349 1108 5424 nostris
1159 5347 1337 5439 gentium,
1364 5349 1459 5440 apud
1477 5372 1565 5440 quas
1583 5347 1747 5419 vivimus.

167 5465 348 5529 urimo.
365 5464 471 5530 Oura.
502 5464 587 5530 Vou.
603 5464 693 5528 XVI.
1487 5449 1535 5529 27
