4544 5766
60 194 137 272 tot
423 192 505 272 llll'
534 194 817 271 murano
851 192 981 269 LIBRI
1005 196 1050 272 V.
1082 190 1373 268 srfflconutu
1407 191 2092 287 raucosraucos

107 402 110 409 ·
161 367 408 466 Popillim·⁸·).
436 370 475 440 in
512 370 777 442 conditionibus
809 371 906 464 pacis
939 374 1053 442 laetae
1104 369 1265 463 aequitas
1279 382 1335 441 est·
1346 370 1522 461 mitigatio
1536 369 1624 440 iuris
1639 371 1762 464 scripti
1776 372 1931 461 incasu,
1957 378 2000 448 de
2017 405 2088 474 quo

56 496 143 542 cum
164 468 345 543 Antiocho
359 473 427 568 ⁸¹),
464 474 655 566 scripserat
685 475 873 545 dimidium
902 476 1050 544 navium
1101 494 1176 561 non
1188 474 1434 565 principaliter
1448 474 1607 565 loquitur
1623 474 1697 558 lex,
1722 476 1875 572 ideoque
1891 482 2089 572 probabilis

55 573 247 646 Romanos
259 571 439 644 Antiocho
453 577 640 648 relicturos
657 602 760 661 csse,
794 592 916 669 postea
939 600 1051 647 naves
1099 576 1192 643 ratio
1208 576 1350 666 mitigat
1365 576 1451 667 legis
1468 574 1707 666 asperitatem.
1760 579 1811 648 Ut
1834 580 1890 650 lex
1910 586 1955 653 de
1979 586 2088 658 sacris

53 677 230 762 disserat,
255 691 291 747 et
303 679 535 750 dissectarum
552 681 709 749 trabium
724 680 913 751 dimidium
931 681 1053 749 incen-
1098 679 1250 769 panibus
1279 703 1354 747 non
1382 679 1544 773 loquitur
1572 678 1616 747 de
1642 703 1725 749 casu
1746 684 1982 771 necessitatis,
2024 691 2087 758 sed

54 780 133 865 dit,
157 780 347 852 dimidium
367 782 514 876 reliquit
527 779 729 868 Antiocho,
762 785 823 854 scd
841 780 900 852 bic
916 784 1051 851 Roma·
1098 782 1175 850 vult
1204 782 1441 850 reverentiam
1474 782 1684 851 confirmare
1715 789 1959 872 sacerdotum,
2004 791 2086 861 ideo

54 907 129 954 nus
144 879 271 954 habuit
293 884 491 981 causamffl)
514 886 721 956 ludificandi
741 887 834 978 regis
852 884 1050 979 sycophan·
1098 883 1287 954 discrimen
1315 885 1498 954 intereos
1530 896 1565 953 et
1592 886 1763 975 profanos
1784 889 1821 956 in
1839 892 1959 961 multis
1980 896 2087 967 rebus

54 985 133 1058 tici.
200 986 331 1066 Voluit¹
351 988 447 1057 enim
470 991 675 1072 ostendere,
714 1001 749 1057 et
769 989 919 1079 intelligi
939 989 1049 1080 ipsius
1097 987 1220 1058 sancit.
1273 987 1360 1057 Vult
1376 1000 1494 1056 autem
1511 983 1580 1056 hoc
1596 987 1786 1057 discrimen
1801 995 1934 1062 servari
1958 994 1996 1062 in
2016 1023 2086 1068 risu

55 1101 167 1187 artes,
192 1102 228 1160 et
241 1091 365 1182 puniri
379 1116 460 1160 eum
475 1106 623 1184 propter
638 1092 768 1162 multas
781 1093 936 1176 fraudes,
960 1116 1049 1184 quas
1096 1113 1250 1181 panum,
1274 1114 1350 1158 non
1367 1115 1448 1160 cum
1464 1088 1621 1181 pernicie
1637 1085 1844 1178 hominum,
1870 1098 1931 1165 scd
1944 1097 2085 1185 usitate,

53 1193 230 1295 advrsus
245 1192 431 1264 Romanos
449 1207 685 1265 tenuaverat·
1097 1216 1177 1261 cum
1193 1206 1312 1284 potest
1324 1193 1470 1264 servari.
1522 1190 1563 1260 ln
1585 1217 1667 1262 casu
1686 1195 1904 1269 necessitatis
1924 1201 2084 1290 regulam
2167 1211 2170 1217 ’

72 1314 83 1337 ·
159 1293 268 1365 Extat
282 1295 420 1387 insigne
437 1299 636 1390 exemplum
653 1296 691 1364 in
707 1293 960 1365 Andromacha
976 1296 1048 1366 Eu·
1097 1297 1274 1365 concedit:
1308 1296 1459 1364 bloralia
1487 1297 1714 1365 anteferenda
1747 1312 1831 1367 sunt
1861 1304 2084 1379 ceremoniis.

53 1394 203 1489 ripidis,
229 1398 292 1468 ubi
308 1399 492 1471 Menelaus
506 1398 685 1492 promittit
698 1423 735 1469 se
748 1423 824 1467 non
846 1399 1048 1469 interiectu·
1094 1395 1149 1466 Ex
1169 1394 1235 1467 hac
1258 1399 1437 1489 probabili
1461 1399 1601 1467 ratione
1622 1400 1731 1467 sumit
1753 1399 1871 1471 David
1896 1406 2082 1478 consilium

55 1500 280 1571 aumatium
296 1501 602 1587 Andromaches,
619 1504 682 1573 scd
704 1514 827 1592 postea
854 1501 917 1571 dat
936 1502 1048 1570 inter·
1096 1500 1386 1591 dispensationis,
1427 1527 1469 1570 ac
1490 1501 1707 1593 dispensatio
1728 1502 1804 1571 sine
1827 1509 2008 1596 probabili
2027 1534 2084 1580 ra-

53 1602 249 1674 iciendum
265 1605 358 1674 filiae
375 1606 533 1701 susem),
567 1605 760 1699 etquidem
777 1603 919 1675 additur
935 1605 1048 1674 excla-
1095 1602 1193 1672 tione
1210 1603 1340 1673 dicitur
1354 1609 1427 1674 esse
1440 1605 1638 1696 dissipatio.

54 1707 171 1776 matio
187 1707 358 1779 adversus
371 1707 556 1778 Laconum
572 1706 792 1800 sophismata
801 1706 861 1798 ³⁴).
1195 1706 1366 1799 Exempla
1397 1709 1508 1776 multa
1540 1704 1747 1779 recitantur.
1810 1708 1884 1779 Lex
1907 1707 2081 1785 Thebana

158 1808 257 1879 Haec
286 1813 446 1903 exempla
475 1837 517 1881 eo
547 1810 730 1893 recensui,
763 1822 804 1879 ut
825 1809 1047 1879 discernatur
1096 1820 1192 1891 erat,
1231 1824 1271 1879 ut
1289 1810 1494 1902 perfunctus
1518 1809 1748 1901 magistratu,
1781 1836 1865 1882 mox
1887 1813 2083 1888 dimitteret

54 1934 240 1982 summum
256 1911 311 1983 ius
327 1938 347 1982 a
362 1915 596 1985 calumnioso.
654 1913 732 1982 Etsi
746 1936 850 2004 saepe
866 1936 1045 1982 summum
1095 1913 1298 1983 exercitum.
1354 1911 1625 2004 Epaminondas
1647 1911 1795 1984 retinuit
1814 1917 1906 1984 ultra
1931 1930 2083 2011 tempus,

56 2025 126 2106 p'ro
148 2016 370 2086 calumnioso
393 2018 542 2100 dicitur,
581 2029 616 2085 et
638 2016 820 2085 interdum
843 2015 1045 2084 observatio
1094 2027 1242 2105 propter
1266 2014 1455 2085 utilitatem
1476 2016 1656 2108 publicam
1681 2031 1763 2107 post
1785 2015 2009 2090 Leuctricam
2030 2023 2083 2091 vi-

56 2117 191 2188 summi
210 2118 299 2189 iuris
321 2132 374 2189 est
397 2121 635 2203 calumniosa,
676 2123 737 2189 scd
762 2118 941 2187 tamenin
968 2117 1047 2187 aliis
1095 2117 1256 2187 ctoriam.
1278 2131 1281 2138 '
1306 2117 1395 2189 Cum
1414 2117 1522 2210 igitur
1538 2131 1738 2203 accusatus,
1764 2123 1965 2192 ostenderet
1979 2150 2083 2195 suum

57 2220 197 2292 casibus
218 2246 324 2312 saepe
345 2222 435 2292 iusta
457 2235 528 2307 est,
550 2236 612 2306 ut,
638 2246 720 2292 cum
739 2221 853 2289 victor
867 2221 1046 2312 Augustus
1096 2221 1283 2289 consilium
1302 2221 1476 2312 profuisse
1501 2222 1737 2314 reipublicae,
1763 2224 1944 2296 absolutus
1966 2227 2083 2323 est⁴⁰).

55 2323 226 2393 interficit
240 2325 463 2395 adversarios
485 2337 607 2416 captos
628 2337 710 2416 post
735 2324 941 2407 victoriam,
968 2323 1046 2392 iure
1095 2322 1239 2393 Orestes
1272 2337 1424 2394 matrem
1439 2324 1485 2420 ⁴¹)
1520 2325 1649 2395 occidit
1681 2325 1955 2397 interfectricem
1989 2330 2083 2421 Aga-

55 2451 198 2498 nimmo
211 2453 296 2498 usus
311 2440 374 2498 est.
406 2426 780 2520 Ι111Ιί1ιεὶ11)111111311ιί1
796 2427 974 2520 aequitate
992 2425 1046 2496 ius
1094 2426 1317 2511 memnonis,
1344 2426 1409 2498 etsi
1422 2429 1645 2498 eratiustum
1666 2426 1790 2497 ulcisci
1812 2432 1924 2520 patris
1947 2456 2083 2520 necem,

55 2554 258 2613 summurn,
285 2555 360 2599 non
375 2531 503 2599 occidit
517 2531 609 2600 cives
626 2543 724 2598 extra
742 2528 866 2599 aciem.
1095 2540 1216 2598 tamen
1230 2530 1340 2597 matri
1355 2532 1572 2621 parcendum
1590 2531 1804 2616 videbatur,
1826 2548 2008 2607 accusatus
2030 2551 2084 2608 est

158 2631 224 2702 Est
237 2633 346 2723 igitur
363 2633 418 2704 ius
437 2658 616 2704 summum
639 2632 841 2702 observatio
864 2631 986 2721 scripti
1007 2629 1046 2698 in
1095 2630 1221 2721 igitur,
1245 2646 1280 2701 et
1292 2632 1397 2724 Argis
1411 2634 1544 2724 pulsus.
1596 2633 1665 2703 Sed
1680 2629 1830 2703 Athenis
1844 2635 1882 2703 in
1891 2636 2081 2731 Areopago

58 2759 99 2805 eo
122 2759 225 2821 casu,
251 2738 390 2830 dequo
414 2736 584 2828 scriptum
607 2735 853 2827 principaliter
874 2733 1046 2829 loquitur,
1096 2733 1217 2819 aDiis‚
1242 2735 1279 2804 id
1295 2748 1365 2819 est,
1392 2736 1651 2822 sacerdotibus,
1678 2736 1817 2828 cognita
1835 2762 1953 2823 causa,
1977 2765 2082 2831 pares

58 2851 116 2922 ut,
153 2838 323 2931 Papirius
346 2839 499 2908 dictator
521 2837 770 2931 praecipitw),
809 2862 855 2907 ne
879 2836 1047 2926 magister
1095 2839 1241 2906 luerunt
1257 2838 1402 2923 calculi,
1427 2838 1464 2906 id
1480 2851 1542 2922 est,
1568 2864 1643 2913 nou
1659 2843 1849 2910 damnatus
1867 2843 2083 2928 cstOrestes,

60 2941 218 3036 equitum
241 2966 278 3012 se
301 2943 444 3012 absente
468 2942 672 3026 dimicaret,
696 2939 861 3024 dimicat,
886 2941 967 3010 ideo
993 2940 1047 3007 di·
1094 2965 1159 3008 ncc
1182 2953 1302 3009 tamen
1325 2943 1595 3033 comprobatum
1621 2939 1824 3034 facinusffl).
1882 2943 1985 3014 Hanc
2007 2947 2082 3016 vim

59 3056 171 3113 dator
187 3043 347 3114 minatur
366 3045 398 3113 ei
413 3045 645 3137 supplicium,
673 3059 708 3114 et
726 3069 866 3113 summo
889 3044 965 3114 iure
982 3067 1047 3133 po·
1094 3041 1238 3139 ritus⁴³)
1255 3041 1425 3128 babebat,
1458 3048 1603 3141 quando
1627 3070 1731 3137 pares
1754 3057 1857 3114 erant
1878 3049 2022 3131 calculi,
2048 3061 2085 3118 ct

62 3159 150 3216 terat
165 3173 247 3217 eum
269 3147 466 3242 puniret).
525 3145 599 3217 Lex
621 3146 868 3229 eratllomae,
901 3160 942 3216 ut
962 3170 1046 3236 pro·
1095 3159 1214 3215 tamen
1241 3160 1325 3216 tunc
1358 3148 1567 3238 intelligitur
1601 3175 1683 3219 rens
1718 3149 1911 3221 absolutus.
1987 3151 2084 3220 Haec

62 3250 272 3320 scriberetur
293 3250 399 3335 civis,
433 3249 495 3343 qui
518 3251 631 3319 civem
652 3251 780 3318 iniuste
803 3248 1046 3331 interfecisset,
1095 3249 1253 3340 exempla
1269 3263 1449 3345 utcunque
1464 3251 1624 3324 indicant
1639 3252 1830 3323 discrimen
1845 3253 1976 3322 summi
1997 3252 2085 3324 iuris

65 3352 149 3422 Milo
171 3353 338 3423 Clodium
361 3352 599 3447 intc1·ficit³⁸),
633 3376 840 3448 quanquam
863 3351 1048 3422 insidiato·
1096 3364 1132 3421 et
1147 3349 1347 3433 ἐπιεικείας.

61 3479 153 3540 rem,
180 3458 242 3527 scd
258 3469 380 3524 tamen
401 3458 561 3548 elapsum
582 3456 673 3539 iam,
708 3480 788 3524 cum
811 3480 847 3524 sc
870 3455 907 3523 in
930 3455 1046 3524 taber·
1197 3454 1264 3523 Hic
1287 3469 1485 3550 sequuntur
1508 3455 1642 3526 multae
1664 3456 1941 3549 disputationes,
1968 3459 2086 3528 aniu-

63 3583 140 3629 nam
173 3559 376 3629 abdidisset.
442 3560 532 3628 Cum
567 3559 675 3648 igitur
707 3557 922 3626 interfecerit
952 3583 1046 3640 eum,
1096 3560 1164 3627 dex
1181 3558 1371 3648 exscripto
1387 3558 1483 3642 iure,
1510 3560 1625 3628 velex
1646 3558 1880 3653 aequitate⁴⁴)
1903 3583 1978 3629 non
2000 3561 2085 3631 scri-

63 3687 131 3732 non
160 3674 302 3733 servato
328 3663 437 3730 modo
469 3662 670 3753 inculpatae
700 3660 934 3745 defensionis,
968 3660 1045 3729 iure
1095 3673 1176 3754 pta,
1215 3659 1373 3730 iudicare
1408 3663 1545 3731 debeat.
1608 3661 1816 3732 Aristoteles
1851 3663 1946 3731 enim
1983 3676 2087 3733 vocat

62 3791 196 3835 summo
220 3766 478 3834 condemnatus
501 3762 621 3857 est³⁰).
672 3762 742 3832 Sed
766 3758 956 3853 ἐπιείκεια,
982 3788 1046 3832 scu
1096 3762 1334 3857 aequitatem,
1371 3763 1629 3834 correctionem
1655 3764 1799 3857 scripti,
1840 3791 1949 3859 quam
1979 3766 2086 3836 iudex

1096 3862 1241 3934 adhibet
1266 3890 1330 3935 suo
1355 3868 1524 3951 consilio,
1567 3868 1705 3936 etiamsi
1738 3871 1819 3944 no‘n,
1840 3869 1886 3937 sit
1915 3869 2085 3936 mandata

97 3980 144 4040 30)
162 3982 192 4033 C.
213 3982 347 4046 Popillius
364 3985 488 4041 Lacum,
507 3983 537 4034 C.
557 3982 693 4033 Decimius
712 3982 740 4031 ti
758 3981 788 4032 C.
807 3979 943 4029 llostllins
961 3979 1046 4042 legali
1095 3968 1218 4038 literis,
1271 3968 1338 4036 Hic
1353 3971 1642 4063 respondendum
1667 3983 1736 4054 esi,
1763 3969 1972 4061 regulariter
1995 3968 2086 4039 iudi.

127 4049 1047 4185 aauataa⁰a:tt3:.lt·.aa.aaziaatalia}
1097 4073 1249 4141 ...aa
1381 4099 1423 4142 a
1452 4074 1583 4166 aa...
1749 4073 1846 4168 quod
1876 4073 2020 4166 quaem
2053 4085 2087 4140 a

126 4201 183 4238 rem
201 4202 295 4252 regem
313 4194 434 4254 aegypti
459 4192 567 4242 bellarm.
604 4191 664 4239 bic.
679 4188 780 4254 xutv,
802 4190 840 4236 la.
866 4187 953 4248 be,
975 4187 1046 4235 11)-

129 4256 170 4306 ta.
206 4258 303 4320 Polyb.
317 4259 422 4322 xxix,
440 4259 547 4315 8-11.

93 4341 139 4402 21)
155 4343 307 4394 Antiochus
322 4345 371 4394 lv,
395 4345 551 4407 gpffppam,
580 4349 680 4405 (supra
710 4343 789 4406 1,,74,
815 4345 881 4391 „ota
896 4341 969 4395 10⁰..
1002 4339 1046 4389 „pi
1166 4324 1346 4387 inexpiabiles
1367 4337 1427 4374 cum
1445 4325 1475 4373 ’1.
1491 4322 1580 4372 Annio
1598 4322 1699 4371 Milone
1717 4318 1838 4383 Pupieno
1858 4319 2015 4371 inimicitias
2032 4323 2084 4372 ita-

125 4412 221 4463 eaam
245 4413 364 4464 assarta
386 4417 534 4478 narratur,
566 4415 632 4462 aaa
658 4413 730 4461 raino
756 4412 792 4463 aa
815 4411 980 4459 antiocena
998 4410 1043 4459 iu.
1166 4394 1240 4459 pult,
1270 4396 1304 4443 aa
1329 4394 1440 4454 eiusque
1458 4392 1551 4441 servis
1569 4391 1596 4438 tn
1615 4391 1702 4450 appa
1723 4389 1769 4438 va
1786 4401 1848 4440 au·
1864 4403 1886 4439 c·
1900 4390 1959 4442 ⁷⁰².
1978 4393 2088 4442 occisus

124 4483 254 4544 Magnum
272 4483 364 4532 relata
382 4482 449 4546 est),
1167 4465 1217 4513 eat.
1261 4464 1302 4511 lie
1326 4463 1376 4511 bac
1400 4461 1483 4510 caede
1506 4461 1670 4509 accrtsacuut
1697 4471 1757 4507 eum
1775 4457 1819 4509 ΙΙΙ.
1839 4458 1877 4506 ld.
1897 4461 1962 4520 apr.
1981 4461 2085 4524 Appius

93 4563 454 4686 agamque
465 4568 785 4689 ggffg,¹⁵,g,2,ja⁴·›
812 4564 886 4616 ¹⁵⁵⁷·
906 4567 933 4613 ..
954 4563 1045 4627 a...
1166 4530 1479 4654 illltltl'tlat'·
1492 4527 2089 4661 altat.l·..l³ll¹.ll{.t⁶‚¹'⁰3a.lt;

217 4723 223 4736 .
1166 4669 1362 4719 acclamatione
1376 4665 1587 4729 Clodianorum,
1607 4676 1661 4713 non
1675 4677 1723 4729 aa,
1742 4675 1796 4727 qua
1812 4663 1912 4714 solitus
1930 4670 2001 4727 crat,
2020 4677 2089 4717 cora·

92 4723 138 4782 75)
156 4725 251 4786 Ειιιιρ.
273 4724 405 4773 Androm.
417 4724 477 4774 415.
1166 4737 1270 4787 statilia
1288 4736 1364 4786 dixit.
1401 4735 1496 4795 ltaque
1513 4733 1580 4783 Milo
1598 4733 1793 4783 condemnatus
1810 4734 1962 4783 Massiliam
1981 4735 2008 4783 tn
2026 4734 2088 4783 cxl·

95 4808 140 4874 54)
159 4809 331 4860 Exclamtlo
350 4811 556 4859 Andromachae
572 4807 674 4872 iegitur
691 4807 710 4856 1.
724 4808 743 4858 1.
760 4820 789 4857 v.
803 4806 960 4857 446-455.
1166 4806 1232 4856 lium
1253 4804 1394 4866 proiectus
1415 4806 1467 4851 cst.
1512 4804 1671 4854 Orationem
1688 4814 1738 4866 pro
1756 4803 1874 4867 titione,
1898 4814 1968 4865 quaa
1985 4806 2088 4868 exstat,

92 4894 139 4954 15)
156 4894 244 4944 lullus
266 4895 379 4946 cascar,
399 4890 401 4895 '
604 4902 607 4905 ·
1168 4875 1265 4925 cicaro
1284 4876 1382 4934 postea
1400 4872 1505 4922 demum
1522 4871 1642 4933 scripsit.

93 4982 137 5047 aa)
156 4981 307 5044 praecipit]
328 4980 572 5045 securicula,
593 4980 683 5046 aas,
704 4978 780 5030 isar.
799 4981 827 5028 et
847 4977 939 5041 isso.;
964 4975 1048 5028 ratu.
1131 4957 1179 5024 ⁴⁰)
1199 4958 1336 5008 riuurca.
1354 4958 1447 5020 reup.
1460 4958 1503 5008 ²⁵·
1522 4960 1551 5008 et
1567 4957 1676 5009 aaran.
1694 4956 1712 5004 ¹·
1728 4955 1769 5007 ¹³·
1787 4969 1811 5006 ο·
1824 4954 1867 5005 ⁴²·

126 5052 200 5100 1545.
220 5053 248 5100 et
268 5051 344 5098 1550.
364 5050 513 5111 praecepit.
1131 5045 1181 5101 41)
1200 5043 1460 5105 Clytaemnestram.

93 5136 138 5192 an
159 5136 240 5186 cont.
259 5147 344 5198 supra
362 5148 387 5197 p.
401 5133 461 5185 155.
481 5133 613 5203 notata⁸
1132 5128 1180 5193 41)
1201 5128 1281 5180 coni.
1301 5128 1418 5178 Pausan.
1431 5128 1454 5191 i,
1471 5127 1516 5187 18,
1534 5127 1561 5178 5.

92 5221 137 5285 ὃ)
155 5216 302 5280 interficit]
322 5222 361 5273 sic
378 5220 462 5270 Editt.
480 5221 571 5285 1515,
591 5219 681 5285 15511,
703 5220 795 5283 tata,
815 5218 890 5270 1557.
909 5223 938 5270 ct
957 5218 1048 5281 1551).)
1133 5212 1181 5280 45)
1200 5214 1288 5273 ritus]
1300 5213 1340 5262 sic
1352 5213 1437 5263 ratic.
1453 5212 1548 5274 1550.,
1569 5211 1660 5275 1551,
1681 5209 1755 5261 1557.
1771 5203 2094 5268 ο115511.)5·5111.1545.

122 5292 194 5342 tait.
213 5291 288 5340 1545.
308 5291 456 5340 interiecit.
1168 5285 1197 5333 ct
1217 5283 1293 5332 1545.
1311 5292 1380 5334 nor.

92 5377 139 5436 55)
159 5375 190 5427 P.
208 5372 323 5426 clodius
341 5374 420 5437 Appii
439 5373 512 5423 tilitas
530 5372 661 5434 Pulcher,
685 5374 857 5435 perniclosos
874 5371 960 5436 civis,
984 5383 1049 5422 sca·
1133 5366 1182 5432 44)
1200 5367 1353 5432 aequitate]
1370 5367 1412 5417 sic
1429 5366 1513 5416 salit
1534 5363 1612 5417 1545.
1629 5366 1659 5414 ct
1678 5362 1772 5427 1545.;
1797 5354 1987 5422 1111111515,
2007 5356 2096 5421 1554,

123 5447 242 5509 tantus,
261 5444 432 5498 libidinosus.
452 5442 562 5504 impius.
580 5443 670 5494 audax
683 5441 753 5503 (cio.
768 5443 882 5505 Philipp.
896 5441 925 5504 8,
937 5440 965 5503 5,
980 5440 1048 5503 15),
1171 5437 1249 5490 1557.
1268 5440 1296 5489 ct
1316 5437 1392 5488 iaso.
1410 5433 1587 5497 aequalitate.

15 5498 18 5509 ¹
62 5530 239 5595 umus.
262 5526 369 5595 Orsa.
393 5528 477 5591 Vol..
502 5525 593 5588 XVI.
1441 5503 1496 5583 2ss
