4544 5766
84 174 157 251 aa
358 174 1598 271 ,ιι-ι.··ιι·ν··ι.,ιἰιιιιοεοιιιιιιειιοιιιιιιε-ιιιιιιιιιιιιι·ἶ
2038 214 2113 291 rao

82 346 181 419 multi
203 360 473 440 contegentes,
508 363 543 420 et
565 352 850 448 pleramquesic
872 359 1008 442 affecti,
1033 373 1073 430 ut
1226 364 1353 434 Vetera
1368 365 1531 437 Romana
1549 370 1640 455 iura,
1664 387 1706 444 ut
1720 375 1772 446 ait
1785 377 1874 448 Cato
1888 379 1955 476 17),
1981 387 2104 474 punie-

80 453 185 520 etiam
202 476 287 522 cum
311 455 445 522 damno
467 455 616 546 cupiant
637 472 859 548 praesentem
885 462 1071 552 pecuniam
1122 465 1210 534 bant
1223 469 1485 539 foeneratorem
1505 475 1726 566 quadruplo,
1751 481 1868 552 furem
1883 494 2023 555 tantum
2040 491 2104 561 du-

77 556 265 626 conlicere.
317 553 402 625 ldeo
417 558 520 626 facile
540 574 702 629 crescunt
716 587 863 647 usurae,
891 579 925 633 et
939 561 1071 635 exhau-
1121 568 1203 659 plo,
1230 585 1350 662 postea
1368 573 1454 641 vicit
1469 575 1563 664 leges
1576 579 1749 670 cupiditas
1764 585 1956 670 malorum,
1982 603 2018 659 et
2031 592 2103 660 loe-

75 657 220 726 ciuntur
246 658 384 728 alienae
407 660 603 732 facultates.
666 661 730 733 Est
750 666 859 753 igitur
884 693 968 736 vera
992 693 1070 738 sen·
1121 685 1304 743 neratores
1319 675 1366 743 ita
1385 679 1533 766 grassati
1545 693 1639 764 sunt,
1653 695 1693 751 ut
1705 691 1986 775 cogerentetiam
1998 695 2102 764 obae-

73 761 185 828 tentia
203 772 240 828 et
258 762 391 831 rationi
407 763 562 831 maxime
586 779 843 851 consentanea,
871 773 968 863 quod
988 796 1068 863 pre·
1120 787 1217 845 ratos
1240 779 1370 845 dedere
1395 802 1551 871 corpora
1569 782 1606 850 in
1619 785 1838 860 servitutem.
1861 789 1947 862 Inde
1963 794 2102 867 Rornae

72 862 160 932 tium
178 888 258 931 non
275 865 403 934 debeat
419 890 494 935 esse
509 892 620 937 merx.
1118 880 1241 968 magni
1263 894 1383 950 motus
1405 885 1520 952 exorti
1540 899 1642 970 sunt,
1667 899 1702 956 et
1722 887 1871 963 Athenis
1889 896 2001 966 Solon
2025 900 2101 990 lege

168 962 277 1034 Hanc
295 969 473 1038 rationem
491 969 616 1039 recitat
632 969 840 1044 Aristoteles
858 974 978 1065 primo
996 976 1066 1044 Po·
1118 976 1319 1069 prohibuit,
1359 1009 1405 1051 ne
1433 986 1556 1056 liceret
1587 1003 1734 1081 propter
1771 1018 1829 1064 aes
1860 998 2016 1070 alienum
2039 1016 2101 1071 aut

70 1067 274 1152 liticorum,
307 1084 342 1141 et
366 1085 516 1163 propter
537 1097 615 1141 eam
639 1075 772 1143 iudicat
792 1100 918 1145 usuras
940 1090 1063 1146 contra
1116 1108 1241 1153 usuras
1258 1086 1369 1154 civem
1394 1111 1520 1179 rapere
1543 1091 1580 1158 in
1603 1094 1822 1167 servitutem.
1874 1099 2012 1172 Deinde
2031 1105 2097 1175 im·

69 1184 238 1240 naturam
257 1194 343 1244 esse.
376 1175 493 1244 Verba
510 1176 711 1246 Aristotelis
726 1173 814 1246 haec
830 1193 929 1247 sunt:
954 1179 1063 1248 Recte
1115 1199 1297 1275 peratores
1319 1190 1358 1256 in
1374 1189 1503 1260 Codice
1516 1192 1560 1285 ¹⁸)
1586 1198 1764 1266 moderati
1786 1213 1870 1271 sunt
1893 1229 2037 1289 usuras,
2064 1222 2100 1279 et

67 1270 347 1365 reprehenditur
369 1290 535 1371 quaestus
557 1280 847 1362 foeneratorum,
872 1282 956 1374 quia
982 1308 1061 1352 cum
1115 1300 1304 1359 vetuerunt
1328 1293 1440 1384 recipi
1464 1296 1672 1367 centesimas
1697 1326 1842 1388 usuras,
1867 1304 1990 1391 idest,
2022 1322 2099 1379 tan,

65 1378 223 1469 pretinm
248 1381 377 1449 debeat
396 1404 469 1450 esse
487 1382 651 1474 ,medium
673 1385 716 1450 ad
740 1408 893 1451 mercem
918 1409 1061 1476 compa·
1114 1402 1185 1474 tas,
1212 1420 1303 1486 quae
1328 1397 1519 1467 centesimo
1544 1425 1665 1470 mense
1680 1419 1837 1497 aequant
1853 1422 2005 1493 sortem,
2030 1408 2098 1481 hoc

65 1484 241 1563 rendam,
268 1507 396 1552 usurae
412 1508 488 1551 non
503 1509 659 1554 mercem
675 1486 878 1578 acquirunt,
905 1490 966 1555 secl
983 1501 1059 1556 tan·
1112 1507 1182 1577 est,
1214 1499 1257 1564 de
1284 1510 1424 1567 centum
1458 1503 1575 1570 aureis
1606 1504 1752 1594 siugulis
1775 1511 1956 1582 mensibus
1985 1539 2098 1584 unum

65 1598 140 1653 tum
158 1583 337 1654 adiiciunt
351 1588 397 1656 ad
409 1587 576 1677 pretium.
635 1588 739 1656 Unde
756 1602 792 1657 et
805 1614 938 1657 nomen
952 1586 1059 1659 habet
1111 1621 1271 1667 aureum.
1323 1600 1382 1668 Fit
1402 1604 1536 1673 mentio
1559 1607 1831 1679 centesimarum
1853 1614 1962 1683 etiarn
1983 1617 2022 1685 in
2038 1620 2098 1688 de-

63 1681 191 1770 τόκος,
221 1689 305 1780 qnia
323 1691 438 1780 pretio
456 1704 648 1780 generatur
661 1692 836 1782 pretium,
862 1696 958 1785 quod
982 1718 1057 1761 ma-
1110 1702 1225 1783 cretis,
1251 1703 1404 1773 distinct.
1420 1704 1480 1775 47.
1495 1704 1559 1799 ¹⁹),
1576 1708 1637 1777 ubi
1653 1713 1808 1802 synodus
1823 1713 1957 1785 Nicena
1975 1716 2097 1808 prohi-

63 1788 157 1858 xime
180 1802 308 1859 contra
333 1805 500 1863 naturam
522 1807 584 1862 est.
637 1793 732 1862 Haec
756 1808 839 1864 suut
856 1796 1056 1865 Aristotelis
1108 1802 1167 1870 bct
1181 1829 1317 1875 usuras.
1369 1806 1433 1876 Est
1448 1821 1568 1878 autern
1585 1813 1775 1882 centesima
1792 1840 1830 1884 as
1845 1842 2047 1891 usurarum.

65 1890 196 1961 rerba¹
236 1944 245 1963 .

166 1892 260 2065 Giim
283 1997 390 2087 igitur
414 1997 458 2064 sit
482 2011 605 2065 contra
623 2010 790 2067 naturam
807 2002 932 2070 foenus
957 2025 1053 2069 exer-
1106 2010 1164 2079 Aa
1184 2014 1350 2083 usitatas
1371 2024 1610 2104 contractus,
1637 2023 1680 2089 in
1704 2042 1772 2112 qao
1789 2027 1930 2094 emitur
1946 2027 2094 2102 reditus

59 2122 161 2177 cere,
196 2095 391 2190 prohibent
404 2124 530 2168 usuras
546 2101 652 2168 etiam
671 2114 805 2170 veteres
823 2103 1052 2188 legislatores,
1157 2150 1239 2201 cum
1260 2141 1373 2222 pacto
1395 2134 1638 2222 revendenffi,
1663 2143 1715 2208 δὴ
1737 2140 1874 2224 licum,
1902 2155 1970 2214 aut
1990 2152 2044 2217 δὴ

59 2215 96 2268 et
117 2198 324 2271 Christiana
352 2203 513 2271 doctrina
542 2228 599 2272 eas
621 2200 799 2295 prohibei.
850 2206 897 2272 Et
920 2206 1051 2275 Psalm.
1490 2261 1703 2328 usurarius·

58 2300 148 2393 (15,
170 2301 242 2399 5.):
275 2305 368 2396 Quia
391 2307 580 2395 pecuniam
611 2309 654 2373 acl
679 2333 823 2376 usuram
849 2333 922 2376 non
944 2310 1051 2378 dedit.
1599 2367 1601 2373 ,

57 2407 105 2474 Et
128 2404 294 2476 Christus
317 2409 433 2501 inquit
457 2408 558 2503 (Luc.
576 2410 618 2491 6,
636 2408 732 2503 34.):
768 2411 933 2480 Mutuum
957 2415 1051 2495 dante,
1204 2403 1335 2496 Siquis
1359 2405 1554 2496 disputabit
1578 2403 1642 2477 has
1663 2412 1889 2502 quaestiones
1914 2440 1989 2484 non
2012 2444 2093 2510 pcr-

56 2506 250 2578 nihilinde
267 2522 460 2601 sperantes,
513 2512 1050 2594 Namcumaitmutuum,11011
1104 2505 1214 2574 linere
1229 2509 1272 2573 ad
1286 2503 1463 2591 Ethicam,
1487 2511 1532 2578 iili
1548 2506 1616 2579 liOC
1629 2524 1762 2602 pelam,
1785 2528 1825 2582 ut
1839 2516 1984 2588 inierim
1999 2521 2093 2591 sinai

58 2614 158 2682 iubet
183 2615 338 2695 donare,
365 2614 425 2682 sed
445 2626 577 2682 sortem
598 2615 674 2682 vult
694 2615 809 2684 reddi.
856 2613 947 2683 Illud
974 2629 1050 2684 tan·
1102 2631 1167 2676 1108
1184 2607 1227 2677 iis
1242 2608 1313 2690 nli,
1347 2611 1402 2677 iel
1416 2623 1589 2703 tanquam
1607 2614 1751 2683 aliunde
1768 2619 1955 2690 accersitis.
2009 2622 2092 2693 Cer-

59 2731 135 2785 tum
155 2729 252 2784 vetat
266 2739 374 2806 supra
389 2729 523 2784 sortem
541 2716 677 2809 aliquid
695 2716 797 2808 exigi.
847 2718 1050 2788 Teneamus
1102 2709 1204 2803 5⁵⁹⁰)
1222 2710 1318 2779 enim
1334 2714 1503 2803 exemplis
1520 2727 1766 2785 contractuum
1783 2743 1872 2809 opus
1888 2735 1959 2805 est,
1986 2725 2016 2792 si
2032 2751 2090 2793 re·

59 2821 171 2909 igitur
183 2819 280 2910 piam
297 2818 477 2908 regulam,
504 2822 601 2912 quod
623 2821 748 2889 s0enus
766 2820 904 2911 exigere
922 2822 967 2891 sit
983 2822 1049 2889 illi.
1101 2814 1207 2881 limus
1226 2815 1418 2897 declarare,
1434 2816 1548 2908 qualis
1566 2818 1762 2910 aequalitas
1779 2820 1817 2887 in
1833 2828 2089 2896 commutativa

58 2924 187 3004 citrnn,
215 2934 250 2990 et
272 2922 447 2990 discamus
470 2921 547 2990 Deo
571 2923 756 3013 displicere
779 2920 1049 3017 illicitos‘quae-
1101 2915 1234 2985 iilslilin
1250 2918 1496 2986 consiiinenda
1512 2918 1568 2989 sii·
1621 2919 1759 2989 Deinde
1781 2918 1849 2991 hoc
1867 2925 1985 3016 ipsum
2000 2928 2090 3021 ἠθι-

59 3038 152 3106 stus,
204 3023 414 3115 praesertim
454 3026 561 3107 tales,
607 3025 669 3119 qui
702 3026 835 3096 alienas
866 3029 1048 3096 facultates
1100 3016 1169 3090 κὸν
1186 3033 1255 3103 est,
1281 3019 1479 3110 intelligere
1504 3033 1706 3093 contractus
1732 3048 1805 3094 esse
1830 3052 1885 3095 res
1908 3023 2088 3119 honestas,

62 3140 248 3219 praetextu
273 3127 395 3220 aliquo
425 3127 548 3196 illicito
576 3125 800 3198 exhauriunt.
859 3129 1047 3199 Caeterum
1100 3135 1135 3190 et
1153 3121 1221 3190 Dei
1244 3123 1488 3193 ordinationes
1510 3119 1670 3195 humano
1691 3128 1813 3215 generi
1826 3155 1901 3198 non
1919 3132 2087 3224 simplici·

62 3233 119 3325 qui
136 3231 246 3301 solvit
260 3253 404 3313 usuras,
430 3255 505 3298 non
530 3244 662 3322 peccat.
715 3232 797 3301 Non
822 3233 918 3300 enim
941 3233 1048 3301 afficit
1100 3237 1154 3293 ter
1167 3225 1316 3295 traditas
1335 3225 1428 3296 vitae
1444 3229 1596 3296 tuendae
1615 3252 1737 3312 causa,
1764 3233 1825 3299 sed
1849 3233 1898 3300 ita
1925 3237 2087 3324 traditas,

62 3336 147 3404 alios
163 3333 316 3414 iniuria,
342 3336 403 3402 sed
418 3334 554 3424 patitur
572 3333 752 3402 iniuriam.
804 3333 901 3402 Haec
924 3336 1044 3423 regula
1100 3341 1139 3397 ut
1163 3328 1230 3418 ipsi
1260 3340 1462 3399 contractus
1492 3331 1646 3398 doceant
1673 3356 1739 3402 nos
1779 3359 1942 3405 exercere
1972 3341 2085 3411 officia

62 3440 156 3528 prius
172 3437 345 3504 tradenda
361 3436 447 3518 suit,
480 3460 565 3504 narn
582 3436 672 3504 inlra
689 3436 821 3505 alicubi
835 3439 896 3505 fiet
910 3438 1044 3507 mentio
1097 3432 1268 3500 virtutum
1292 3443 1327 3499 et
1346 3445 1491 3500 mutuae
1512 3432 1722 3503 dilectionis.
1781 3435 1858 3528 lpsi,
1885 3453 2087 3514 contractus

61 3564 260 3610 usurarum.
286 3538 354 3606 Sed
371 3539 513 3607 obiiciet
527 3539 670 3633 aliquis:
686 3540 872 3631 Quaedam
886 3553 1044 3609 veterum
1097 3546 1317 3602 sacramenta
1338 3547 1441 3621 sunt,
1475 3559 1566 3626 quae
1588 3550 1738 3629 monent
1759 3564 1825 3610 nos
1847 3566 1922 3609 non
1944 3557 2084 3616 tanturn

63 3647 136 3713 iura
155 3642 374 3736 permittunt
387 3667 523 3712 usuras.
572 3643 668 3733 Ergo
691 3667 766 3710 non
788 3655 948 3734 pugnant
964 3668 1043 3718 cum
1097 3650 1240 3707 nostrae
1258 3636 1422 3719 utilitati,
1449 3639 1511 3707 sed
1529 3639 1636 3727 etiam
1652 3640 1790 3710 alienae
1816 3645 1999 3716 consulere
2024 3651 2083 3717 de-

63 3750 134 3817 iure
149 3759 314 3815 naturae.
365 3746 464 3835 Nego
482 3747 792 3838 consequentiam,
819 3758 854 3814 et
869 3745 962 3813 ratio
981 3759 1044 3816 est.
1096 3741 1190 3817 bere·
1242 3739 1337 3830 Quin
1353 3739 1569 3830 impossibile
1585 3755 1636 3810 esi
1652 3767 1725 3812 esse
1740 3759 1942 3817 contractus
1958 3775 2084 3843 perpe-

62 3854 274 3945 Qaanquam
296 3849 390 3916 enim
415 3849 647 3938 permittunt,
675 3862 794 3916 tamen
815 3873 889 3916 non
913 3873 1043 3939 appro-
1096 3855 1193 3925 tuos,
1220 3841 1249 3909 si
1266 3866 1339 3909 non
1356 3843 1401 3912 sit
1423 3844 1628 3936 aequalium
1644 3851 1872 3935 permutatio.
1924 3848 1976 3920 lta
1999 3880 2083 3923 cou-

10 3998 12 4009 ·
63 3960 152 4024 bant.
205 3952 296 4022 Nam
313 3952 405 4041 leges
420 3975 494 4018 non
511 3965 659 4041 possunt
676 3951 840 4020 omnibus
858 3951 953 4019 vitiis
969 3977 1043 4019 me·
1095 3945 1265 4014 tractibus
1279 3945 1438 4014 devinxit
1452 3945 1548 4016 Deus
1567 3941 1730 4018 homines
1746 3951 1839 4020 inter
1854 3968 2001 4037 sesc„et
2016 3956 2081 4023 im-

10 4046 12 4071 ²
63 4059 149 4138 deri,
186 4056 266 4123 idco
289 4056 463 4145 quaedam
490 4054 714 4123 dissimulant
736 4067 769 4121 et
795 4055 1041 4136 moderantur,
1093 4042 1221 4140 pressit
1235 4047 1284 4115 cis
1301 4048 1472 4139 imagines
1489 4048 1675 4120 virtutum.

65 4158 177 4229 etdixi
200 4179 307 4247 supra
333 4159 462 4245 gradus
483 4182 556 4226 esse
572 4156 801 4226 naturalium.
854 4157 1040 4248 Quaedam
1194 4151 1370 4220 Secunda.
1421 4152 1486 4221 Est
1501 4165 1535 4220 et
1551 4147 1619 4220 hoc
1635 4149 1793 4244 ἠθικὸν,
1821 4180 1901 4223 cum
1919 4157 2080 4231 videmus

65 4276 138 4332 sant
150 4258 358 4351 simpliciter
374 4259 620 4340 immutabilia,
635 4261 811 4352 quaedam
824 4261 1039 4353 suntaliquo
1093 4254 1227 4344 legibus
1249 4267 1361 4323 certas
1381 4257 1515 4333 formas
1540 4254 1747 4343 improbari.
1812 4256 2002 4328 Sciendum
2029 4278 2081 4333 est

67 4368 163 4435 modo
185 4361 391 4443 mutabilia,
416 4375 457 4430 ut
470 4361 741 4430 Aristotelesait
753 4363 796 4429 de
812 4356 885 4441 his,
908 4364 970 4454 qui
995 4362 1040 4431 si·
1090 4357 1205 4447 legem
1235 4357 1346 4447 magis
1384 4383 1456 4427 esse
1488 4355 1671 4423 dominam
1706 4380 1827 4426 rerum
1861 4375 2079 4449 nostrarum,

67 4471 166 4539 nistra
187 4488 299 4533 manu
316 4464 455 4534 facilius
477 4477 647 4545 utuntur,
675 4489 781 4557 quam
805 4467 939 4533 dextra.
998 4463 1040 4533 ln
1091 4486 1199 4553 quam
1217 4460 1407 4549 nosipsos.
1462 4458 1552 4526 Cum
1571 4469 1690 4524 autem
1707 4458 1986 4558 dicimuslcgcrn
2006 4494 2079 4539 essc

11 4570 14 4575 ’
67 4568 112 4640 his
126 4567 355 4640 mutabilibus
366 4567 518 4659 aliquem
531 4590 689 4635 errorem
698 4565 923 4635 dissimulant
933 4567 1038 4656 leges.

10 4654 14 4685 ἰ
68 4674 144 4742 tide
165 4684 283 4743 autem
309 4672 490 4761 quomodo
522 4670 694 4760 paulatim
724 4670 914 4737 discessum
945 4671 991 4737 sit
1017 4693 1036 4736 a

1125 4756 1171 4824 17)
1189 4761 1225 4808 Μ.
1239 4759 1352 4808 Porcius
1365 4756 1434 4807 Cato
1448 4756 1618 4807 Gerrsoriaas
1637 4757 1664 4807 in
1683 4761 1798 4820 praefat.
1817 4762 1880 4811 libri
1891 4765 1924 4812 de
1933 4777 1965 4815 re
1973 4767 2078 4817 rustica

70 4791 192 4847 aalma.
1156 4830 1211 4878 ait:
1231 4828 1349 4876 Maiores
1367 4827 1437 4875 euin
1457 4827 1545 4875 nostri
1559 4827 1610 4875 hoo
1624 4828 1665 4876 sic
1682 4830 1843 4891 hahuerunt,
1862 4835 1889 4879 et
1905 4833 1946 4882 ita
1962 4835 1989 4881 in
2004 4836 2076 4894 tegi-

72 4905 260 4960 ——ss-
310 4947 315 4958 .
406 4946 412 4958 .
448 4946 454 4959 ‚
545 4947 550 4958 ι
1155 4899 1206 4946 bus
1238 4897 1405 4957 parauerunt,
1435 4897 1523 4944 iurem
1555 4895 1629 4958 dupli
1653 4898 1845 4960 condemnari,
1874 4902 2078 4956 foeneratorem

10 4996 12 5005 ,
98 4950 138 5008 tc)
157 4950 250 4997 terta
266 4948 428 4996 Aristotelis
446 4961 473 4995 ιιι
492 4947 574 4997 Polrt.
593 4946 610 4993 Ι.
628 4944 647 4992 1.
666 4958 689 4993 c.
706 4945 731 4997 a
756 4946 783 5007 S.
801 4946 844 5000 2³.
869 4951 933 4995 sunt
956 4948 1036 4996 haec:
1155 4963 1307 5028 quadrupli,

126 5012 297 5086 εὐλογώτατα
314 5008 742 5096 μισεῖταιἡόβολοστατικὴδδιιὲ
762 5010 792 5063 ui
811 5009 865 5064 ἀπ’
884 5009 1037 5065 αὐτοῦτοῦ
1123 5048 1168 5114 18)
1189 5047 1246 5098 cod
1280 5049 1298 5096 ¹.
1317 5048 1356 5097 W
1391 5049 1423 5097 m
1450 5049 1493 5099 3².
1519 5050 1617 5101 mm
1645 5050 1733 5113 (corp
1768 5052 1811 5100 im,
1846 5053 1889 5103 civ
1928 5057 1961 5105 ed
1995 5060 2064 5108 Beck

125 5092 296 5151 νομίσματος
319 5073 462 5144 εἶναιτὴν
484 5083 578 5145 κτῆσιν
601 5081 646 5131 καὶ
656 5097 720 5160 1ιυιι
738 5078 788 5148 tp'
806 5078 874 5149 ὅπερ
892 5081 1035 5148 ἐπορίσθη·
1156 5121 1176 5167 ,r
1204 5118 1228 5166 ss
1248 5087 1276 5167 Ῥ
1304 5118 1315 5166 ¹
1343 5087 1364 5178 p'
1387 5117 1439 5168 377
1457 5119 1515 5180 sq)
1620 5087 1625 5098 '
1735 5086 1742 5100 ’
1812 5091 1819 5103 ”
1891 5089 1899 5104 ’
1963 5096 1968 5107 “
2068 5096 2074 5111 ⁸

124 5153 273 5222 μιιαρολῆς
293 5149 349 5236 γξὶρ
366 5147 584 5236 &inrestincta
603 5147 617 5199 ὁ
637 5147 761 5234 ιῐεντόκος
777 5146 1035 5234 adrdqoteiqle‘or·
1179 5155 1185 5166 ¹
1229 5158 1235 5168 '
1362 5157 1368 5170 '
1432 5203 1439 5214 ,
1493 5154 1526 5169 ”
1875 5209 1881 5222 ,

124 5222 188 5310 ὅθεν
204 5221 253 5273 καὶ
271 5236 397 5304 {europa
415 5236 480 5271 coar
512 5219 749 5304 eiippqv·'oporoe
766 5234 820 5284 γαρ
838 5234 872 5271 τα
889 5235 1036 5288 carropera
1123 5202 1682 5334 ¹Qvssoefflppqlffr·⁶3224e⁷d0⁰fflgmg
1706 5205 1829 5337 {fnlcfflg
1847 5209 1967 5328 Ἐθξθῑὲῗ
1982 5212 2076 5329 {mlii

123 5311 177 5351 τοις
192 5304 332 5373 γεννωσιῖ
349 5284 527 5374 adridente,
546 5304 560 5337 o
580 5285 609 5339 de
627 5304 706 5370 τιιιος
722 5290 829 5371 γίνεται
845 5284 969 5371 νόμισμα
988 5304 1036 5337 νο·
1219 5309 1225 5324 ·
1318 5307 1376 5391 gn
1474 5341 1493 5388 n
1529 5342 1549 5389 t,
1586 5343 1606 5391 Τ
1678 5308 1702 5391 il
1737 5311 1743 5324 ·
1775 5312 1781 5327 ·
1826 5315 1833 5329 ·
1906 5315 1913 5329 ·
1949 5355 1952 5361 Ι

122 5368 275 5432 premor
300 5372 367 5416 aere
389 5357 575 5426 tarpeiam
599 5372 676 5424 παρα
695 5371 782 5424 φυσιν
801 5345 880 5416 οὗτος
897 5373 951 5409 των
967 5374 1036 5424 lt’t·
1155 5352 1261 5394 arceor.
1279 5353 1355 5393 couci
1378 5353 1418 5391 or.
1440 5353 1471 5390 co
1496 5353 1527 5390 ec
1542 5353 1567 5391 ro
1608 5353 1661 5392 on.
1703 5356 1755 5405 .p.
1773 5344 1834 5395 675.
1851 5357 1938 5397 canon
1958 5346 2023 5409 17.).

123 5431 270 5499 percepta
287 5427 372 5479 iactr.
1123 5423 1170 5489 2⁰)
1191 5426 1298 5487 Certis]
1316 5427 1356 5477 sic
1375 5426 1424 5477 Ed.
1446 5426 1624 5491 rate.;1sao.
1643 5427 1720 5481 tm
1739 5432 1768 5481 et
1787 5430 1862 5482 1510.
1883 5430 1977 5485 Certe.

72 5519 238 5586 artaxer.
262 5517 370 5582 oren.
393 5516 593 5579 t'or..xv1.
1443 5495 1466 5564 9
