4566 5760
137 169 239 252 1⁰26
488 175 532 249 X.
581 164 862 265 thensauro
895 168 1156 250 onarlottls
1187 170 1438 250 CICERONIS
1470 175 1572 250 PRO
1603 177 1802 255 MILONE.
2052 191 2152 267 1026

127 342 389 446 mame]
422 346 555 419 Minor.
643 346 825 447 Poteetuti]
857 350 989 422 scilicet
1010 349 1118 420 Pom·
1159 356 1224 417 cet
1238 346 1339 420 Milo.
1420 354 1487 434 Te,
1512 348 1650 449 maone]
1675 349 1855 426 Admonet
1869 356 2109 452 Pompeium
2097 387 2151 434 ιιι-
2238 395 2241 403 ·

129 451 232 542 peio‚
275 451 338 545 qui
361 451 434 520 iam
461 463 538 521 erat
559 474 651 522 unus
675 454 809 523 consul.
911 458 1030 527 Ouiae
1050 476 1116 522 uu·
1168 452 1388 524 constantiae
1414 453 1598 539 fortunae,
1636 479 1682 524 ne
1709 459 1820 528 fortes
1843 473 1878 528 et
1906 462 1995 534 fidos
2017 467 2150 538 amicos

125 578 232 648 φκιιι
246 549 320 650 ¹⁰)]
354 557 538 648 Nunquam
565 553 651 645 legit
670 550 763 626 Phil.
782 554 867 626 Mel.
970 549 1115 648 causae]
1167 567 1393 640 contemnat,
1418 579 1573 649 quorum
1589 558 1782 653 aliquando
1802 564 2037 676 praesidio
2005 591 2038 636 er
2060 592 2150 663 opus

127 655 342 746 Perstringit
364 656 640 725 imbecillitatem
666 655 841 748 Pompeii.
923 651 1114 753 Nonnulla]
1165 656 1324 726 futurum
1346 659 1403 728 sit.

128 757 216 851 qnia
237 757 456 849 Pompeius
446 759 568 854 mique
575 760 731 829 favebat
745 759 887 831 Miloni.
961 754 1113 854 Μαρια]
1267 759 1353 853 Cap.
1369 757 1491 831 XXVI.
1526 756 1633 851 869
1676 762 1776 863 Vide]
1810 765 1926 839 Locus
1948 773 2147 845 communis

120 859 250 943 Maior
265 872 301 930 et
316 856 571 958 ἐπιφώνημα.
1165 859 1242 929 de
1231 863 1468 934 inconstantia
1493 863 1669 938 fortunae.
1759 867 1879 968 Ratio]
1912 873 2042 943 scilicet
2065 875 2146 944 Clo-

121 1010 125 1015 -
233 958 265 1053 ἓ.
290 963 351 1037 69..
389 969 446 1035 An
470 965 563 1056 uero]
593 961 798 1058 Amplihcat
821 964 941 1034 locum
964 963 1009 1033 de
1030 986 1113 1032 eon·
1164 963 1263 1032 diani
1278 966 1441 1036 deserent
1453 977 1501 1038 te
1577 971 1674 1053 Erit,
1700 966 1787 1067 erit]
1801 971 2024 1044 Vatrcmatur
2036 976 2145 1046 Pom

128 1064 291 1136 scientia.
1163 1066 1257 1159 peio.
1338 1050 1432 1165 tart]
1460 1066 1590 1137 scilicet
1614 1021 1773 1142 Milonis.
1854 1096 1857 1103 ·

233 1166 341 1258 §.SA
376 1164 502 1266 Multi]
536 1168 638 1262 quasi
664 1168 775 1239 dicat:
815 1166 922 1237 Multi
949 1167 1113 1238 dicebant
1177 1166 1179 1171 ’
1265 1164 1297 1259 ξ.
1319 1169 1379 1240 70.
1421 1168 1648 1270 Quamquam]
1690 1171 1892 1259 Correctio,
1941 1201 2010 1271 qna
2041 1182 2146 1254 docet

126 1291 212 1337 eum
227 1271 334 1340 talem
356 1271 566 1340 seditionem
587 1272 821 1341 excitaturum
845 1294 937 1354 esse,
970 1271 1110 1364 qualem
1163 1292 1263 1338 arma
1295 1295 1371 1340 non
1402 1296 1476 1342 esse
1509 1287 1715 1364 comparata
1748 1278 1795 1346 ad
1828 1277 1902 1346 vim
1934 1281 2143 1356 faciendam.

128 1370 283 1457 Catilina
299 1373 474 1444 excitavit.
550 1371 769 1496 Erumpet]t
758 1372 926 1444 Mimesis.
1000 1376 1112 1444 Mise-
1161 1370 1295 1472 Moris]
1327 1373 1421 1467 Quia
1444 1373 1595 1466 Opimus
1619 1374 1821 1449 Gracchum
1846 1380 2023 1455 interiecit
2048 1387 2143 1456 facto

91 1460 222 1570 ,ros]
246 1472 466 1545 Exclamatio
495 1500 558 1546 seu
579 1470 714 1558 πάθος.
772 1475 888 1546 Ausus
917 1489 969 1546 est
994 1475 1111 1544 redire
1161 1472 1223 1543 illo
1239 1478 1556 1560 senatusconsulto,
1570 1477 1707 1549 Murrus
1716 1477 1948 1553 Saturninum
1958 1485 2017 1581 ⁴⁷)
2045 1489 2146 1580 qnasi

124 1599 212 1645 cum
228 1601 360 1668 magno
379 1578 558 1669 periculo,
582 1579 676 1672 quia
698 1578 909 1649 atrocissimi
929 1602 1110 1649 sermones
1161 1577 1272 1648 dieat:
1308 1578 1474 1662 Tuscis,
1517 1604 1608 1674 quae
1638 1583 1683 1653 sit
1710 1583 1763 1653 vis
1794 1578 1889 1655 iilius
1919 1599 2146 1659 senatuscon-

123 1679 175 1747 de
188 1702 231 1747 eo
245 1679 383 1749 Romae
401 1694 504 1749 erant
525 1630 650 1771 spzhsi.
1159 1679 1255 1750 sulti.
1338 1677 1504 1778 Senatus]
1536 1682 1625 1751 Erat
1647 1687 1990 1759 senatusconsultum
2011 1691 2144 1763 iactum

231 1781 319 1875 Cap.
335 1782 458 1854 xxtV.
484 1780 592 1882 §.64
627 1778 740 1869 Quid?
764 1809 847 1878 quae
866 1779 999 1880 postea]
1025 1782 1110 1875 Epi·
1161 1784 1329 1854 adversus
1345 1785 1550 1867 seditiosos,
1576 1798 1611 1855 et
1626 1788 1708 1856 data
1725 1801 1776 1858 est
1791 1789 1893 1884 eim)
1917 1815 2055 1860 summa
2078 1819 2145 1885 po-

125 1883 229 1974 logus
242 1886 351 1956 totius
366 1888 566 1977 argumenti
584 1887 627 1955 de
643 1886 866 1956 conscientia.
935 1887 1110 1977 caupona]
1160 1896 1266 1954 testas
1283 1887 1443 1956 omnium
1458 1910 1591 1958 rerum.
1679 1888 1848 1989 lterum]
1874 1892 2006 1962 scilicet
2019 1916 2084 1986 per
2106 1921 2142 1968 se

120 1987 259 2057 scilicet
276 1989 386 2073 multa
404 1987 546 2058 dicta.
575 1988 963 2081 Percuieeeeut]sc1hcet
977 1988 1111 2080 potuis·
1159 1992 1373 2079 potestatem
1422 1985 1624 2060 hahuerunt
1672 1988 1905 2063 contrahendi
1959 1997 2142 2070 exercitus.

123 2101 364 2160 sentmovere
382 2091 623 2161 conscientias.
679 2094 867 2183 Sustinuit]
881 2091 1012 2161 scilicet
1028 2115 1110 2161 con-
1159 2086 1278 2189 Huuo]
1304 2091 1435 2160 scilicet
1453 2091 1679 2184 Pompeium.
1751 2091 1936 2192 Iudicium]
1962 2099 2143 2169 scilicet
2114 2126 2144 2170 ιι

122 2193 274 2285 tempsit
288 2191 349 2262 illa
366 2195 483 2264 dicta.¹
522 2195 732 2284 immaturo]
752 2192 865 2262 Docet
880 2194 998 2283 palam
1015 2219 1110 2263 com·
1160 2192 1535 2263 iudicassetMilonem
1551 2196 1661 2264 males
1645 2198 1785 2279 secisse,
1812 2194 2024 2269 habuisset
2013 2226 2068 2272 rus
2090 2202 2144 2270 in·
2206 2253 2209 2257 -

124 2308 270 2386 percum
294 2297 420 2379 fuisse,
458 2296 547 2366 salso
574 2296 722 2364 conficta
748 2295 854 2366 fuisse
876 2295 915 2366 in
937 2295 1110 2365 Milonem
1160 2295 1355 2364 terficiendi
1373 2295 1447 2365 eius
1461 2297 1537 2366 sine
1561 2298 1693 2367 iudicio
1714 2301 1808 2368 facto
1830 2301 1892 2370 illo
1917 2315 2144 2374 senatuscon-

125 2398 290 2470 cr'imina.
350 2399 592 2489 ‘contemptu
618 2397 750 2468 scilicet
770 2399 915 2467 conlidit
939 2422 1024 2468 suae
1045 2399 1109 2467 bo·
1160 2397 1270 2476 sulto;
1313 2399 1374 2468 sed
1394 2423 1469 2467 non
1489 2400 1665 2469 interfecit
1685 2402 1875 2470 Milonem:
1908 2404 2018 2496 igitur
2036 2407 2145 2497 signi-

124 2524 194 2570 nae
211 2500 457 2572 conscientiae.
508 2501 614 2592 Spuri
628 2501 827 2591 significant
847 2502 969 2583 sudes,
995 2513 1030 2570 et
1049 2501 1111 2571 teli
1159 2500 1278 2568 ficavit
1304 2524 1385 2569 eum
1407 2502 1544 2570 absolvi
1558 2506 1675 2593 posse.
1756 2503 1995 2603 Vindiooudis]
2021 2506 2059 2575 id
2080 2521 2145 2591 est,

125 2602 239 2693 genus
254 2616 317 2676 eet.
1160 2602 1199 2669 in
1222 2602 1468 2672 constituendo
1494 2603 1624 2673 iudicio
1656 2606 1699 2673 de
1719 2604 1867 2676 Milone.
1973 2606 2144 2707 Toltt“)]

230 2703 261 2796 ἓ.
287 2702 349 2777 66.
387 2701 605 2803 Laudabom]
640 2684 859 2831 Occupatis,
896 2729 966 2800 qua
996 2704 1110 2774 obiter
1160 2703 1333 2774 scilicetsi
1348 2705 1429 2776 talis
1444 2718 1545 2790 esset,
1562 2707 1677 2801 qualis
1692 2707 1885 2791 serebatur,
1899 2709 2032 2779 scilicet
2048 2714 2146 2805 quod

123 2808 295 2891 satisfacit
316 2810 504 2900 Pompeio.
609 2813 692 2881 Toto
719 2814 895 2881 commisso
920 2818 971 2880 cst
995 2833 1110 2897 respu-
1159 2808 1300 2878 iuturus
1315 2821 1405 2878 esset
1420 2809 1508 2878 alter
1519 2809 1690 2879 Catilina
1765 2807 1940 2908 Pompeio]
1967 2814 2068 2905 quasi
2092 2813 2146 2883 di·

123 2907 233 3009 Micu]
252 2970 256 2975 .
276 2911 435 2981 Molliter
471 2906 700 3004 reprehendit
730 2912 962 3004 Pompeium,
988 2912 1110 3003 .quod
1161 2923 1236 2979 cat:
1277 2910 1465 3003 Sapienter
1492 2912 1577 2981 fecit
1595 2910 1808 3003 Pompeius,
1850 2915 1947 3006 qnod
1969 2938 2046 2983 non
2074 2928 2144 2985 sta-

124 3016 418 3107 praegravauerit
431 3038 573 3084 causam
581 3013 832 3086 Milonisialsis
842 3014 1110 3106 suspicionibus.
1160 3013 1226 3082 tim
1247 3014 1422 3104 oppressit
1442 3014 1627 3087 Milonem.
1729 3019 1772 3085 ln
1796 3013 1980 3114 Milonem]
2016 3017 2147 3087 scilicet

124 3123 207 3189 Νοιι
228 3114 401 3215 potatum]
429 3116 563 3187 Omnia
591 3117 652 3185 illa
681 3117 768 3187 dicit
798 3119 847 3186 ad
874 3117 1110 3207 mitigandum
1161 3117 1259 3210 quod
1274 3112 1364 3186 Milo
1379 3112 1462 3188 reus
1478 3117 1535 3188 sit.
1610 3113 1752 3214 hyena]
1769 3118 1900 3187 scilicet
1915 3131 1955 3188 ut
1969 3120 2148 3203 audiatur,

124 3219 358 3311 Pompeium,
410 3220 494 3312 quia
525 3220 737 3310 gubernavit
775 3232 891 3289 totum
927 3219 1110 3290 iudicium.
1161 3217 1265 3312 quasi
1287 3219 1399 3289 dicat:
1435 3219 1527 3305 Scit,
1569 3223 1666 3314 quod
1686 3215 1818 3289 haheat
1836 3221 1891 3290 ius
1913 3220 2149 3293 interficiendi

124 3324 205 3394 'alcu
214 3319 392 3420 puuctum]
414 3323 546 3393 Omnia
562 3323 708 3392 luerunt
721 3324 869 3392 conficta
886 3323 930 3391 ab
947 3324 1110 3392 adversa·
1161 3321 1328 3405 Milonis,
1369 3322 1399 3393 si
1423 3324 1517 3392 male
1541 3323 1648 3392 sentit
1668 3324 1712 3391 de
1734 3347 1808 3393 ιιο.Ι
1854 3321 1938 3393 Νοιι
1958 3337 2011 3394 est
2034 3325 2149 3394 otiose

123 3424 204 3509 riis,
226 3425 730 3516 utincenderentPompeium
746 3427 913 3495 adversus
925 3425 1111 3494 Milonem.
1160 3423 1332 3495 laudatio.
1414 3420 1531 3521 Vobis]
1546 3424 1677 3494 scilicet
1690 3423 1876 3495 iudicibus.
1955 3422 2148 3523 oporteret]

122 3574 128 3585 ·
229 3523 261 3617 §.
276 3527 338 3599 66.
367 3534 410 3598 Ut
423 3530 595 3619 iutellipo,
620 3523 772 3624 cavebat]
804 3527 985 3618 Repetitio
1008 3551 1111 3596 occu·
1162 3525 1293 3595 scilicet
1308 3524 1391 3619 quia
1407 3526 1688 3623 Pompeius'non
1709 3525 1856 3609 occidit,
1883 3527 1944 3620 qui
1966 3523 2075 3596 habet
2092 3529 2148 3599 ius

124 3628 296 3723 pationis.
366 3633 433 3703 .G.
461 3625 636 3726 θαιιιινὶι]
671 3631 787 3700 Gessit
808 3643 892 3725 tunc
914 3631 1047 3700 bellum
1072 3629 1112 3696 in
1162 3627 1407 3697 interficiendi.
1460 3628 1630 3720 Superior
1648 3640 1683 3696 et
1698 3626 1881 3697 ordinaria
1897 3642 2053 3721 potestas
2073 3654 2148 3700 non

124 3731 257 3804 Gallia.
330 3729 592 3830 Non-potarum]
617 3731 750 3803 lterum
764 3733 893 3825 repetit
911 3732 1112 3825 occupatio·
1163 3730 1339 3799 interiecit
1353 3754 1453 3799 eum:
1493 3755 1578 3822 ergo
1593 3730 1766 3821 significat
1782 3756 1863 3801 eum
1879 3733 2016 3803 absolvi
2033 3756 2148 3824 posse.

124 3859 223 3906 nem.
298 3832 600 3933 frequentissimo]
627 3833 735 3906 Aliud
755 3837 900 3906 crimen.
979 3838 1112 3924 Capito·
1264 3829 1295 3923 ᾗ.
1311 3832 1372 3904 71.
1398 3835 1492 3917 Quod
1506 3858 1582 3905 cetu
1596 3830 1653 3932 ιἰι]
1680 3833 1773 3926 Quia
1787 3832 1980 3926 Pompeius
1992 3837 2149 3904 declara·

125 3933 192 4035 iio]
218 3935 478 4027 Argumentum
501 3950 571 4021 est,
604 3962 677 4031 quo
700 3941 777 4010 vult
799 3940 950 4009 eximere
975 3949 1111 4008 metum
1163 3936 1215 4006 vit
1229 3935 1302 4005 iam
1320 3934 1498 4006 insontem
1513 3937 1786 4022 esseMilonem,
1813 3938 1987 4033 quianon
2004 3960 2149 4027 oppres-

125 4039 316 4131 Pompeio.
1163 4039 1210 4109 sit
1228 4061 1309 4108 eum
1328 4040 1424 4108 facto
1447 4039 1772 4123 senatusconsulto,
1797 4063 1877 4108 cum
1898 4050 2035 4129 posset:
2066 4038 2147 4107 ideo

126 4196 132 4205 .
229 4141 317 4234 Cap.
331 4142 438 4212 XXV.
466 4137 497 4232 ᾗ.
513 4142 574 4212 67.
602 4146 724 4215 Omnia
734 4140 843 4241 fuleo]
870 4144 993 4214 Placet
1004 4142 1112 4211 Pom·
1162 4140 1338 4233 signifieat
1352 4141 1426 4209 vim
1441 4153 1566 4211 contra
1585 4141 1758 4211 Milonem
1776 4164 1851 4208 non
1872 4162 1945 4210 esse
1964 4163 2148 4231 compara·

123 4243 265 4338 peium,
287 4246 408 4338 ⁴quasi
437 4244 548 4313 dicat:
597 4245 746 4317 Conaris
776 4247 978 4338 opprimere
1005 4244 1112 4313 Milo·
1163 4257 1257 4329 tam,
1284 4257 1320 4314 et
1332 4243 1434 4313 facile
1449 4244 1603 4313 laturum
1621 4268 1657 4314 se
1675 4266 1761 4325 esse,
1786 4242 1816 4312 si
1832 4243 2036 4313 absolvatur
2045 4241 2148 4315 Milo.

124 4352 230 4431 nem,
253 4370 329 4416 non
342 4360 384 4417 ut
402 4349 544 4416 caedem
562 4346 772 4417 Clodianam
787 4348 962 4431 vindices,
988 4349 1050 4417 sed
1072 4357 1113 4416 ut
1265 4345 1403 4445 Cap.X
1371 4343 1510 4416 X.XVll
1523 4338 1584 4436 ·§.
1606 4344 1667 4419 72.
1706 4351 1779 4417 Neo
1801 4346 1892 4438 uero]
1925 4343 1992 4414 Hic
2015 4345 2149 4416 omissa

124 4451 297 4543 teipsum
320 4475 342 4520 a
366 4463 465 4520 metu
483 4450 622 4521 libe'res.
691 4455 785 4523 nux
806 4445 947 4547 etum]
980 4449 1114 4520 scilicet
1162 4472 1268 4521 causa
1283 4440 1477 4518 violentam
1500 4461 1535 4517 et
1555 4449 1728 4566 tragicam
1747 4446 2014 4516 insectationem
2031 4446 2148 4517 Clodii

123 4553 330 4645 Pompeius.
1161 4552 1321 4634 orditur,
1345 4562 1386 4620 ut
1394 4562 1633 4668 posteaquam
1651 4549 1735 4623 satis
1749 4549 1888 4631 docuit,
1913 4549 2066 4619 iudicem
2087 4572 2149 4642 pa-

206 4653 342 4746 §.un
369 4659 440 4727 Sed
454 4650 550 4752 puis]
575 4651 755 4728 Amolitur
768 4608 941 4725 invidiam
954 4663 1021 4752 per‘
1034 4678 1113 4724 cor-
1163 4652 1293 4726 thetica
1312 4653 1475 4721 oratione
1497 4654 1668 4745 impellat.
1740 4656 1814 4724 Nec
1831 4654 1922 4745 uero]
1947 4650 2147 4744 Exaggera-

127 4758 342 4829 rectionem:
381 4758 451 4828 Sed
478 4770 517 4827 tu
539 4781 615 4827 non
643 4753 751 4827 habes
774 4756 965 4828 exercitum
988 4770 1112 4828 contra
1162 4759 1235 4841 tio,
1261 4757 1393 4850 inqua
1417 4753 1921 4827 cietaffectustotiusiudicii.
1974 4753 2147 4824 Gravissi-

127 4862 323 4945 Milonem,
346 4863 409 4931 sed
433 4872 556 4929 contra
579 4860 752 4930 tumultus
779 4860 888 4951 uulgi.
966 4863 1113 4946 Quod
1081 4886 1113 4930 cs
1162 4883 1221 4930 ma
1234 4882 1319 4951 pars
1333 4858 1508 4935 orationis
1530 4871 1599 4943 est,
1635 4871 1670 4928 et
1691 4853 1800 4927 babet
1818 4853 2146 4926 vehementissimos

126 4961 278 5063 Miloni]
303 4963 531 5034 Avoluntate
546 4962 711 5046 Milonis,
737 4974 773 5031 et
786 4961 934 5033 meritis.
1001 4967 1114 5041 Datus
1163 4975 1294 5032 motus.
1386 4964 1551 5053 Mentire]
1584 4960 1677 5056 Quia
1702 4960 1775 5052 ipse
1799 4983 1874 5028 non
1899 4957 2027 5028 occidit
2053 4983 2146 5028 eum.

127 5063 233 5165 cem]
247 5067 378 5138 scilicet
391 5078 505 5136 tecum
523 5063 690 5156 privatim
708 5064 944 5158 colloquendi.
1000 5065 1113 5156 Peste]
1165 5066 1295 5157 Occidi]
1319 5060 1557 5156 Amplihcatio
1572 5089 1637 5157 per
1651 5063 1889 5133 collationem.
1941 5058 2008 5128 llic
2029 5072 2147 5130 autem

129 5169 262 5245 scilicet
275 5169 412 5242 Clodio.
486 5164 581 5266 Nae]
607 5168 739 5238 scilicet
761 5179 864 5240 certe.
939 5162 997 5267 la]
1023 5165 1113 5259 scili-

1198 5264 1248 5328 n)
1267 5264 1347 5319 (ient
1365 5277 1451 5330 supra
1468 5280 1493 5330 p
1508 5267 1582 5318 tuus.
1601 5265 1722 5317 notaet.
1739 5262 1766 5316 t.

1197 5334 1266 5402 m)
1285 5336 1311 5385 et
1330 5331 1383 5400 (se.
1403 5334 1571 5399 Pompeium
1590 5336 1640 5386 Ed.
1655 5334 1730 5385 1668
1751 5329 1838 5380 mre.
1864 5326 1915 5379 ets

167 5411 217 5470 46)
234 5421 266 5462 sc
282 5410 424 5473 ιιιιιιιιιιιιι]
443 5400 660 5471 ιιι-6616684
684 5408 735 5462 Et.
750 5408 837 5464 orell.
854 5418 1002 5474 numm
1017 5416 1056 5460 sc.
1201 5407 1250 5467 48)
1269 5406 1360 5466 Τοιιι]
1379 5405 1422 5456 sto
1438 5406 1488 5456 ιιι
1506 5405 1599 5469 16665
1621 5404 1694 5468 apua
1711 5400 1874 5452 cremonen
1890 5396 1994 5465 tegitur
2010 5398 2137 5455 tolieret.

136 5489 322 5561 uectum.
346 5492 453 5556 Οιιιιι.
476 5493 562 5557 vm.
583 5494 674 5558 xv1.
1511 5470 1561 5545 65
