4544 5766
57 105 136 178 969
362 105 421 181 lx.
472 107 756 183 ENARRATIO
790 104 1050 182 ORATIONIS
1082 103 1330 184 CICERONIS
1362 107 1462 181 PRO
1494 107 1771 186 MARCELLO.
1998 111 2074 186 970

58 278 229 348 debemus
244 281 333 350 velle
349 293 384 351 tc
397 283 536 353 salvum
555 308 639 357 esse.
716 285 891 376 Profudu]
917 284 953 352 id
979 295 1042 366 est,
1197 279 1228 374 ᾗ.
1244 283 1306 354 34.
1333 286 1426 369 Quod
1446 285 1574 376 autem]
1600 275 1725 366 πάθος
1738 282 1931 376 privatum.
1981 280 2075 354 Nam

60 378 392 474 quiadhuccontra
411 409 552 456 causam
568 400 657 470 stat,
684 391 759 471 vel,
793 388 855 482 qui
873 389 943 456 iam
963 398 1043 476 post
1095 385 1167 474 agit
1192 387 1235 454 de
1257 412 1294 457 se
1314 385 1483 478 privatim
1506 388 1647 478 gratias.
1726 390 1819 472 Quod
1838 387 1962 478 autem]
1997 387 2076 455 Pri-

58 484 287 575 profligatum
308 488 438 557 bellum
456 513 530 558 non
546 490 675 561 desinit
687 516 760 563 esse
775 486 886 560 hostis
903 487 1042 572 victori,
1093 499 1174 557 vata
1192 490 1387 578 gratiarum
1404 489 1508 561 actio.
1558 490 1615 560 Sic
1631 503 1811 561 construe:
1840 488 1930 559 Cum
1944 489 1981 557 id
1999 502 2075 559 tam

60 587 122 679 qui
137 590 360 658 conservavit
372 591 640 683 rempublicam.
706 598 797 680 Quae
812 595 919 684 enim]
941 590 1042 685 quasi
1093 588 1155 661 diu
1169 592 1420 681 praestiterim,
1444 591 1540 686 quod
1557 617 1716 663 summae
1731 591 1997 660 benevolentiae
2011 604 2075 675 est,

59 689 211 758 diceret:
238 706 388 781 possunt
402 718 475 764 esse
494 696 652 788 quidam.
1093 706 1177 776 etc„
1211 697 1314 787 quasi
1335 696 1484 765 diceret:
1515 693 1695 768 Hactenus
1718 695 1770 762 sui
1792 718 1857 786 pro
1880 717 1922 761 eo
1946 693 2074 764 sollici-

162 787 193 881 §.
210 792 270 866 32.
298 797 424 888 Quare]
449 793 683 880 Adhortatio,
707 797 832 892 inqua
856 798 968 866 defert
989 796 1040 864 ol·
1093 808 1166 879 tus,
1193 821 1259 887 pro
1276 824 1318 868 eo
1330 797 1457 889 rogavi
1470 810 1505 866 et
1519 796 1718 880 intercessi,
1753 822 1844 889 qnae
1867 808 1950 865 sunt
1972 796 2072 885 signa

59 893 199 976 ficium,
224 909 260 965 et
274 898 444 987 epilogus.
526 902 711 993 Proeliis]
737 895 871 982 πάθος.
949 901 1040 970 Sut-
1090 899 1369 972 benevolentiae.
1454 902 1652 993 Doloribua]
1678 898 1977 989 scilicetpropter
2000 898 2071 966 exi-

29 1057 31 1059 ,
59 1021 128 1065 ease
143 999 290 1090 aliquid]
317 1001 449 1069 seilicet
470 1000 690 1073 insidiarum.
1090 1002 1177 1071 lium
1201 1005 1287 1077 eius.
1362 1004 1562 1095 Praestare]
1595 1003 1726 1074 scilicet
1748 995 1840 1070 hanc
1859 1000 2072 1070 benevolen-

160 1098 247 1191 Cap.
265 1099 322 1172 Xl.
351 1099 381 1191 ἓ.
398 1104 458 1174 33.
485 1105 680 1200 Sedut⁷⁹])
707 1102 913 1174 Gratiarum
934 1102 1038 1172 actio.
1090 1104 1189 1175 tiam.

59 1198 142 1290 Agit
157 1202 250 1271 enim
266 1205 396 1294 gratias
410 1220 579 1301 tanquam
597 1232 663 1299 pro
678 1205 869 1298 republica.
900 1202 1038 1274 Deinde

58 1303 225 1393 privatim
234 1303 302 1400 ⁸⁰),
328 1309 410 1401 quia
427 1308 556 1379 Caesar
580 1310 618 1380 in
643 1310 704 1378 illo
730 1307 909 1399 exemplo,
942 1307 1040 1401 quod

58 1406 251 1507 restitnerit
263 1409 491 1495 Marcellum,
514 1413 599 1483 satis
613 1413 816 1482 declarabat
828 1410 874 1479 ad
888 1412 1038 1480 eundem

59 1510 225 1592 modum,
249 1511 427 1603 placatum
444 1538 516 1586 esse
539 1509 613 1599 his,
644 1514 772 1609 quibus
795 1512 832 1581 id
857 1536 930 1582 non
956 1512 1039 1583 satis

1186 1267 1229 1340 ln
1259 1272 1328 1340 line
1359 1270 1531 1341 orationis
1565 1271 1717 1339 addebat
1743 1268 1789 1341 D.
1811 1266 1999 1361 Philippus
2012 1266 2073 1365 ⁸¹),

1090 1369 1182 1442 hane
1196 1373 1455 1444 oratiunculam
1477 1398 1553 1475 non
1574 1373 1689 1443 obiter
1708 1373 1963 1465 degustandam
1986 1395 2072 1455 esse,

1090 1478 1150 1547 sed
1164 1475 1303 1567 saepius
1317 1476 1563 1566 relegendam,
1584 1487 1619 1544 et
1635 1474 1781 1566 dignam
1795 1498 1888 1559 esse,
1915 1497 2005 1567 quae
2023 1475 2072 1544 ad

62 1615 274 1684 ostenderat,
375 1619 461 1709 Sed]
491 1618 679 1687 peroratio
700 1616 882 1710 pertinens
901 1617 947 1683 ad
966 1614 1039 1706 pri„
1090 1581 1239 1649 verbum
1255 1579 1442 1652 ediscatur.
1490 1577 1569 1699 llisi
1590 1579 1685 1648 enim
1710 1577 1911 1698 saepissime
1932 1591 2071 1669 repeta-

60 1739 154 1782 mam
171 1728 207 1784 et
224 1717 454 1808 principalem
471 1720 642 1793 orationis
659 1733 808 1812 partem.
884 1720 1039 1809 Loelry-
1089 1707 1188 1801 ¹¹l¹.¹⁸’
1212 1705 1287 1800 {¹⁰¹¹
1300 1692 1417 1774 P⁰l‘²·‘'t
1436 1681 1531 1801 ΒΨ,
1556 1694 1874 1801 ΠξΡθῑὸΡῙθῑζὶῐΜθν
1900 1704 1971 1798 ‘1¹¹9
1987 1702 2070 1748 ⁰⁰¹¹·

61 1818 136 1911 inis]
163 1817 295 1889 scilicet
317 1845 383 1911 pro
398 1821 568 1892 Marcello
589 1824 701 1894 sactis.
785 1823 924 1914 Ordine]
947 1820 1039 1891 scili·
1089 1785 1308 1905 3111ορωο
1327 1781 1416 1854 haec
1429 1799 1628 1905 *ξ’-’Ψξθξῑῑν
1660 1798 1696 1854 Εἴ
1718 1785 1805 1879 qmd
1825 1783 2001 1902 Y⁰l¹¹⁰r¹l2
2033 1792 2069 1850 el

63 1933 113 1988 cet
134 1935 289 1993 gemtus,
376 1928 534 2017 [mn]
567 1927 699 1997 scilicet
722 1925 806 2021 quia
828 1924 1039 1996 beneficium
1077 1890 1353 1960 consideremus
1384 1901 1659 1980 sapientisumas
1692 1899 1902 1969 sententias,
1942 1885 2071 1979 quibus

65 2025 104 2090 ad
121 2046 247 2095 omnes
262 2025 435 2117 pertinet,
462 2040 496 2097 et
511 2027 641 2102 videris
656 2029 911 2122 rempublicam
927 2027 1038 2097 inve-
1070 2014 1193 2085 ’8331)θ
1205 2015 1290 2109 ¹¹⁸⁰?
1312 2003 1365 2063 ⁸³²
1387 1986 1518 2111 indm?
1538 1991 1722 2075 ⁰¹³fi⁰¹¹⁰2
1755 1986 1883 2061 deinde
1906 1987 2070 2107 qbserve·

65 2137 170 2195 terem
188 2128 341 2197 formam
359 2129 557 2202 restituere.
1088 2118 1168 2167 mus
1192 2097 1329 2166 lumma
1357 2105 1552 2182 orationis,
1582 2118 1739 2192 quorum
1756 2093 1870 2166 multa
1890 2086 1949 2163 luc
1968 2112 2069 2182 repe·

1087 2198 1242 2271 ciuntur.

67 2285 264 2302 *-

93 2364 144 2426 ⁷⁹)
158 2364 217 2418 see
232 2363 282 2423 ut]
300 2361 341 2412 uo
357 2361 408 2412 ur.
423 2360 496 2412 asse.
513 2363 543 2413 ot
558 2362 615 2425 u.;
630 2361 690 2415 re.
708 2360 796 2416 meu.
812 2361 870 2416 seo
885 2359 974 2418 uae.
1069 2349 1102 2360 ··

94 2464 142 2535 0⁰)
158 2464 303 2532 ΝΜ]
319 2464 369 2518 Ed
384 2454 460 2518 ¹⁶68·
476 2466 589 2534 *ηομ
606 2475 721 2520 onore:
743 2463 886 2532 nonan
1120 2450 1169 2531 sl)
1186 2461 1204 2516 t
1217 2477 1241 2516 ο.
1258 2459 1425 2522 nonnam.
1483 2464 1487 2475 ’
