4566 5760
651 177 681 255 l.
737 176 1087 253 Pfflmsoefflaa
1118 173 1334 250 Monam
1363 173 1593 249 EPITOMF.
2064 182 2139 257 nt

212 357 307 452 Quia
321 355 417 426 enim
432 377 572 425 necesse
588 367 641 424 est
655 354 692 423 in
700 352 856 425 Ecclesia
871 365 991 423 extare
1005 348 1098 422 hanc
1149 348 1332 446 symposio
1357 373 1433 419 non
1463 349 1602 420 confert
1629 349 1831 442 symbolam
1844 349 1912 448 ⁸⁸),
1949 355 2138 427 defraudat

106 462 335 543 doctrinam,
360 461 457 554 quod
473 457 684 528 traditiones
698 458 780 526 illae
795 459 840 526 de
863 455 970 540 cibis,
996 468 1033 525 et
1051 456 1098 524 si·
1150 455 1332 524 convivas.

106 565 215 636 miles
240 587 317 633 non
338 563 410 633 sint
432 562 564 645 cultus,
598 573 661 629 aut
681 558 855 643 iustitiae,
879 561 941 628 sed
962 583 1019 628 res
1044 558 1098 627 in·
1250 555 1338 626 ltem
1361 567 1466 624 nocet
1490 555 1691 645 exemplum
1712 556 1751 625 in
1764 556 1979 644 violatione,
2006 573 2042 630 et
2056 585 2136 654 per·

106 667 329 738 differentes.
380 662 718 754 ldeoAEvangelium
739 663 843 731 docet
866 662 1099 731 conscientias
1150 660 1271 730 turbat
1293 682 1521 728 communem
1545 657 1851 751 tranquillitatem.
1908 661 2005 753 Ergo
2026 663 2066 732 in
2088 665 2138 734 le·

106 794 190 840 non
205 794 278 840 esse
296 766 496 838 onerandas
514 767 684 858 opinione
700 764 928 835 necessitatis.
979 764 1026 834 Et
1046 775 1098 832 ta-
1150 763 1252 852 gibus
1281 761 1444 831 civilibus
1470 785 1611 851 semper
1638 761 1733 831 valet
1760 765 1853 832 ratio
1886 761 2070 837 charitatis
2101 781 2137 836 et

106 898 199 942 men
215 896 295 943 cum
310 868 397 940 baec
413 872 486 939 vita
503 893 579 938 non
592 868 705 960 possit
720 891 839 937 carere
863 865 1098 936 ordinationi·
1150 865 1319 935 scandali.
1370 864 1440 933 Sed
1457 865 1647 957 pleraeque
1670 865 1891 935 ceremoniae
1911 881 1995 938 sunt
2016 868 2137 961 priva-

106 979 180 1047 bns
198 988 233 1044 et
250 973 479 1055 ceremoniis,
512 971 581 1041 fuit
594 995 684 1063 opus
702 965 768 1039 bac
783 965 971 1055 ἐπιείκεια,
996 982 1037 1039 nt
1049 968 1098 1037 ita
1150 980 1207 1036 tae
1221 981 1256 1037 et
1271 967 1485 1037 domesticae
1508 966 1792 1052 observationes,
1817 993 1968 1062 quarum
1985 971 2134 1040 violatio

106 1090 320 1160 serventur,
346 1101 392 1145 ne
409 1076 617 1145 obscuretur
634 1073 797 1144 doctrina
819 1076 863 1141 de
884 1073 977 1143 veris
999 1071 1099 1141 culti·
1150 1095 1225 1140 non
1242 1070 1352 1140 laedit
1367 1070 1467 1139 alios.
1520 1069 1611 1140 Cum
1631 1068 1739 1159 igitur
1754 1065 1812 1140 hic
1826 1096 1902 1141 non
1914 1073 2135 1165 periclitetur

106 189 180 261 tta

106 1184 180 1252 bus
206 1193 242 1250 et
267 1182 311 1249 de
335 1178 508 1248 beneficio
526 1173 669 1246 Christi.
721 1173 811 1245 Item
834 1200 878 1244 ne
907 1198 1099 1244 oneraren-

106 1298 173 1355 tur
193 1283 428 1353 conscientiae
450 1279 588 1349 infinita
609 1277 833 1361 carnificina,
875 1302 966 1371 quae
991 1280 1098 1346 linem

106 1398 302 1457 excuteret.
368 1382 451 1453 ldeo
477 1383 552 1453 vult
574 1380 827 1473 Evangelium,
862 1393 903 1450 ut
926 1380 1099 1470 intelliga-

106 1513 193 1560 mus
212 1485 278 1558 hos
294 1487 384 1558 ritus
404 1499 500 1556 extra
521 1508 642 1554 casum
663 1482 821 1554 scandali
842 1506 945 1574 posse
969 1481 1099 1563 omitti,

106 1595 175 1663 sed
192 1602 341 1683 propter
356 1585 529 1670 εὐιαξίαν
551 1599 586 1656 et
609 1587 655 1655 ad
677 1587 823 1654 vitanda
846 1586 1010 1655 scandala
1037 1586 1099 1654 ob-

108 1694 309 1765 servandos
325 1717 408 1763 esse.
460 1689 558 1758 llaec
574 1689 718 1759 libertas
742 1714 823 1758 cum
840 1689 1029 1758 constituta
1054 1688 1100 1757 sit

107 1797 306 1868 autoritate
319 1793 526 1884 Evangelii,
561 1817 637 1861 non
651 1804 768 1883 potest
784 1788 942 1861 hnmana
964 1790 1099 1860 autori-

110 1913 187 1968 tate
207 1897 296 1968 tolli.

216 2017 365 2087 Ostendi
384 2041 425 2085 ex
438 2014 651 2085 testimoniis
665 2015 872 2106 scripturae,
891 2013 1098 2082 dissimilem

110 2144 186 2192 esse
211 2120 478 2210 obligationem.
546 2117 643 2186 llaec
673 2131 726 2188 est
756 2114 1015 2207 simplicissima
1043 2139 1098 2184 re-

110 2223 257 2316 sponsio
274 2224 320 2291 ad
336 2220 428 2293 hanc
442 2221 700 2315 quaestionem,
725 2223 787 2289 sed
802 2221 973 2289 addamus
991 2218 1098 2287 etiam

112 2327 304 2396 rationem.

214 2445 336 2514 Prima
352 2442 505 2513 sumitur
522 2468 542 2511 a
558 2443 671 2513 causis
686 2443 927 2523 efficientibus,
946 2467 1008 2512 scu
1023 2441 1099 2511 iure

113 2547 315 2639 potestatis,
342 2558 377 2614 et
393 2540 485 2614 hanc
499 2545 637 2614 Gerson
659 2546 831 2638 sequitur.
883 2545 1004 2615 Civilis
1024 2569 1100 2611 ma-

114 2650 283 2740 gistratus
299 2647 489 2716 autoritate
505 2646 627 2715 divina
643 2647 697 2715 ius
722 2642 831 2715 hahet
852 2646 1028 2716 condendi
1051 2645 1099 2712 le-

112 2776 173 2842 ges
189 2745 357 2819 honestas
374 2761 409 2816 et
422 2748 526 2818 utiles
541 2750 584 2817 de
601 2749 643 2818 iis
658 2748 827 2839 negotiis,
855 2773 946 2842 quae
972 2750 1018 2816 ad
1041 2749 1100 2816 de-

110 2852 313 2922 fensionem
337 2850 430 2919 vitae
458 2851 654 2942 corporalis
681 2863 715 2919 et
738 2852 941 2922 societatem
960 2851 1098 2918 civilem

112 2955 315 3047 pertinent,
345 2966 387 3024 ut
406 2954 450 3023 de
471 2953 629 3036 indiciis,
662 2956 706 3023 de
730 2954 854 3046 poenis
876 2954 1100 3036 delictorum,

113 3061 157 3127 de
182 3056 438 3139 contractibus,
478 3059 522 3126 de
546 3057 842 3142 successionibus,
876 3069 911 3125 et
927 3056 1100 3126 similibus

115 3162 240 3244 rebus,
266 3158 357 3230 sicut
373 3158 545 3228 Salomon
567 3159 686 3254 inquit
706 3155 995 3255 (Prov.a,15.):
1030 3158 1101 3228 Per

115 3289 172 3333 me
188 3286 288 3354 reges
303 3275 472 3353 regnant,
499 3275 535 3330 et
551 3262 641 3332 iusta
660 3263 891 3334 constituunt.

220 3399 290 3467 Sed
321 3394 551 3466 ecclesiastica
575 3410 731 3488 potestas
761 3411 812 3467 est
835 3393 1099 3487 circumscripta

116 3499 177 3583 sic,
195 3512 234 3569 ut
247 3494 379 3569 babeat
398 3499 621 3583 mandatum,
650 3500 737 3593 quid
752 3503 879 3568 docere
896 3500 1039 3582 debeat,
1067 3511 1103 3567 et

114 3627 160 3672 ne
177 3627 291 3672 novos
306 3602 419 3672 cultus
435 3601 618 3692 excogitet,
633 3615 668 3670 et
683 3601 932 3672 traditionibus
948 3602 992 3670 de
1008 3624 1101 3669 ccre-

114 3705 248 3775 moniis
270 3717 396 3774 oneret
417 3702 661 3775 conscientias.
720 3706 814 3775 Nam
835 3705 962 3774 Petrus
985 3702 1103 3798 inquit

114 3803 401 3902 (act.15,10.):
428 3807 525 3900 Quid
551 3807 694 3877 tentatis
710 3808 846 3890 Deum,
880 3807 1103 3898 imponentes

116 3906 266 4000 iugum?
293 3921 357 3977 etc.
408 3909 455 3979 Et
469 3909 602 3981 Paulus
620 3908 713 4005 (Col.
729 3916 766 3995 2,
781 3913 842 3985 20.
857 3909 954 4004 21.):
982 3909 1102 4001 Quare

118 4015 259 4082 decreta
275 4009 413 4080 facitis?
445 4010 529 4082 Non
547 4014 711 4104 attingas,
735 4039 811 4085 non
826 4024 1021 4082 contrectes
1038 4025 1102 4081 etc.

117 4114 276 4187 Proinde
293 4137 373 4182 cum
389 4112 556 4184 dissimile
570 4115 617 4185 sit
633 4116 686 4185 ius
703 4117 888 4210 utriusque
907 4114 1104 4207 potcstatis,

122 4216 229 4287 etiam
246 4214 465 4286 dissimiliter
482 4217 641 4309 obligant
658 4218 762 4311 leges.

222 4353 385 4423 Secunda
416 4350 529 4433 ratio,
577 4377 619 4423 ex
647 4355 761 4425 causis
788 4353 952 4424 frnalibus
976 4351 1105 4441 legum.

119 4455 232 4546 Leges
259 4454 378 4524 civiles
402 4467 486 4526 sunt
509 4452 650 4525 vincula
685 4457 884 4528 communis
917 4452 1106 4525 societatis.

120 4560 244 4652 Quare
283 4556 323 4624 in
355 4556 549 4626 violatione
583 4581 723 4648 semper
754 4561 910 4630 laeditur
943 4553 1107 4626 charitas.

1151 1170 1323 1256 charitas,
1363 1197 1429 1243 nec
1451 1172 1637 1242 incurrant
1657 1174 1842 1258 scandala,
1882 1176 2062 1248 dissimilis
2083 1190 2135 1248 est

1150 1271 1279 1347 harum
1297 1262 1414 1365 legum
1430 1275 1613 1346 autoritas.
1652 1275 1745 1345 Nam
1759 1278 1803 1346 de
1819 1272 1873 1349 his
1889 1303 2032 1373 quoque
2047 1279 2136 1349 dixi·

1150 1405 1229 1449 mus
1245 1392 1329 1449 tunc
1343 1376 1557 1448 necessarias
1570 1378 1667 1459 fieri,
1693 1402 1758 1448 nec
1779 1405 1883 1472 posse
1908 1382 2038 1451 violari
2058 1382 2134 1453 sine

1150 1494 1315 1574 peccato,
1354 1505 1435 1550 cum
1459 1480 1606 1550 violatio
1627 1481 1722 1572 parit
1743 1485 1930 1568 scandala,
1973 1480 2042 1555 boe
2071 1499 2135 1567 est,

1151 1597 1256 1653 nocet
1271 1584 1425 1653 aliorum
1445 1581 1528 1652 fidei
1551 1596 1586 1652 et
1607 1583 1786 1668 moribus,
1818 1600 1881 1656 aut
1899 1599 2031 1657 temere
2054 1613 2135 1680 per-

1151 1688 1273 1757 turbat
1290 1686 1443 1756 aliorum
1459 1686 1767 1779 tranquillitatem.
1816 1685 1894 1759 Etsi
1911 1702 2031 1759 autem
2046 1692 2134 1761 utile

1152 1802 1205 1860 est
1224 1786 1288 1859 has
1312 1789 1469 1858 rationes
1493 1790 1711 1879 expendere,
1748 1801 1782 1859 et
1803 1814 1925 1862 causas
1948 1805 1983 1861 et
2004 1795 2134 1883 gradus

1151 1894 1268 1983 legum
1287 1892 1495 1983 intelligere,
1514 1905 1634 1963 tamen
1650 1891 1759 1963 tutius
1776 1905 1829 1962 est
1842 1919 1884 1963 ex
1902 1893 1971 1964 illis
1985 1896 2134 1986 scriptu·

1151 2020 1212 2064 rac
1228 1995 1429 2078 sententiis,
1455 2018 1543 2088 quas
1557 1994 1714 2078 recitavi,
1740 1994 1949 2087 simpliciter
1964 1998 2134 2080 iudicare,

1152 2123 1240 2193 quas
1259 2122 1365 2189 snpra
1388 2098 1504 2188 posui.
1551 2097 1644 2168 Nam
1670 2097 1826 2167 rationes
1850 2095 1984 2169 babent
2004 2102 2135 2171 multas

1152 2202 1338 2292 ambages,
1371 2225 1437 2269 nec
1461 2199 1546 2270 satis
1568 2201 1737 2271 muniunt
1758 2203 2023 2274 conscientiam.
2088 2203 2134 2272 Et

1152 2301 1315 2374 homines
1330 2304 1424 2373 acuti
1436 2304 1548 2372 multa
1566 2302 1604 2371 in
1617 2318 1808 2396 utramque
1822 2320 1961 2396 partem
1985 2307 2134 2398 inexpli-

1152 2407 1278 2475 cabilia
1294 2431 1465 2499 quaerere
1484 2419 1519 2474 et
1533 2409 1733 2498 excogitare
1750 2422 1919 2497 possunt,
1944 2408 1975 2477 si
1995 2422 2133 2479 tantum

1152 2534 1194 2577 ex
1215 2509 1432 2590 rationibus,
1474 2520 1509 2575 et
1535 2532 1610 2575 non
1633 2509 1881 2599 exscriptoris
1903 2510 2134 2581 iudicandum

1152 2610 1230 2679 erit.
1295 2611 1364 2679 Sed
1385 2606 1444 2679 bic
1464 2611 1637 2678 monendi
1657 2622 1740 2679 sunt
1761 2611 1926 2696 invenes,
1959 2625 2001 2683 ut
2023 2638 2135 2708 quan·

1152 2738 1259 2806 quam
1276 2725 1396 2781 tenere
1410 2735 1550 2780 necesse
1572 2725 1623 2781 est
1639 2707 1726 2782 haec
1749 2707 1941 2810 ἀδιάφορα
1962 2739 2037 2784 non
2061 2739 2134 2786 esse

1152 2817 1265 2886 cultus
1279 2814 1367 2898 Dei,
1392 2827 1514 2884 tamen
1528 2813 1671 2882 interim
1688 2815 1825 2883 discant
1838 2818 1998 2885 scandali
2014 2842 2133 2888 casum

1151 2919 1222 2986 late
1255 2930 1396 3009 patere,
1438 2931 1473 2986 et
1501 2917 1674 3007 singulari
1707 2940 1792 2986 cura
1819 2922 2015 2991 cavendum
2050 2945 2135 2993 esse.

1151 3019 1245 3091 Nam
1267 3021 1306 3089 in
1324 3020 1521 3091 'violatione
1542 3021 1778 3090 traditionum
1802 3021 1895 3092 duae
1916 3048 1974 3093 res
1996 3023 2136 3115 pericli·

1152 3137 1292 3206 tantur,
1318 3122 1503 3215 disciplina
1528 3136 1564 3192 et
1584 3122 1843 3217 tranquillitas,
1868 3150 1931 3195 sen
1945 3121 2135 3196 harmonia

1152 3225 1285 3319 publici
1308 3239 1430 3297 status.
1494 3225 1611 3295 Porro
1635 3225 1821 3318 utriusque
1845 3229 1899 3297 rei
1922 3229 2137 3321 magnitudi-

1152 3354 1235 3398 nem
1253 3342 1288 3398 et
1302 3329 1374 3397 vim
1397 3327 1587 3420 praecipue
1610 3353 1677 3398 nos
1697 3328 1894 3419 intelligere
1916 3334 2033 3416 decet,
2076 3332 2138 3426 qui

1153 3433 1190 3501 in
1205 3431 1331 3502 studiis
1346 3431 1531 3501 doctrinae
1547 3443 1582 3499 et
1596 3431 1770 3501 virtutum
1786 3456 1982 3504 versamur.

1253 3533 1417 3603 Primum
1434 3533 1528 3602 enirn
1544 3533 1751 3625 disciplinae
1772 3557 1876 3603 causa
1894 3560 1983 3626 opus
1999 3549 2051 3606 est
2065 3559 2140 3605 cer·

1153 3638 1198 3706 tis
1212 3635 1507 3706 ordinationibus.
1540 3635 1634 3705 Nam
1647 3637 1747 3707 rudis
1764 3648 1860 3706 aetas
1877 3639 2138 3709 assuefacienda
2197 3720 2201 3725 ,

1154 3752 1206 3809 est
1228 3739 1438 3808 ceremoniis
1461 3752 1495 3807 et
1520 3738 1665 3823 ritibus,
1694 3740 1812 3821 feriis,
1846 3742 1950 3811 certis
1978 3742 2139 3811 lectioni-

1153 3843 1240 3926 bus,
1268 3854 1302 3910 et
1318 3841 1492 3911 exercitiis
1506 3843 1710 3912 domesticis
1728 3856 1762 3911 et
1775 3842 1938 3933 publicis.
1975 3844 2138 3938 Eamque

1155 3947 1202 4015 ob
1223 3968 1366 4015 causam
1379 3945 1511 4014 Paulus
1531 3943 1629 4037 (Gal.
1645 3947 1681 4029 3,
1696 3943 1776 4036 24.)
1792 3960 1897 4015 vocat
1920 3947 2034 4038 legem
2054 3970 2139 4036 pae-

1155 4051 1343 4139 dagogum.
1403 4047 1496 4117 Nam
1522 4041 1590 4116 hae
1610 4049 1833 4118 ceremoniae
1857 4061 1940 4118 sunt
1962 4050 2139 4141 quaedam

1155 4144 1394 4248 nasdaywys'a
1407 4151 1604 4219 necessaria
1620 4152 1757 4243 primae
1774 4150 1893 4220 aetati.

1257 4253 1334 4322 Etsi
1355 4266 1474 4322 antem
1491 4252 1725 4345 Evangelium
1749 4252 1931 4346 quandam
1955 4248 2140 4321 sublimio·

1156 4380 1234 4424 rem
1259 4356 1458 4424 doctrinam
1477 4357 1634 4439 adferat,
1666 4368 1787 4425 tamen
1809 4378 1885 4423 non
1906 4355 1984 4423 vult
2005 4352 2142 4422 aboleri

1158 4457 1383 4548 disciplinam
1408 4471 1443 4527 et
1463 4453 1747 4556 παιδαγωγίαν,
1779 4458 1841 4528 sed
1866 4457 1984 4541 iubet,
2016 4468 2057 4526 ut
2077 4451 2142 4525 ho-

1158 4561 1273 4629 mines
1289 4556 1555 4641 coherceantur,
1572 4573 1743 4649 regantur
1756 4573 1792 4629 et
1809 4559 2005 4630 doceantur
2021 4555 2142 4629 buius·

119 4661 216 4755 Quia
233 4659 329 4730 enim
344 4660 474 4751 singuli
490 4661 620 4729 debent
643 4663 689 4730 ad
712 4662 911 4733 communis
935 4659 1108 4752 tranquil·
1159 4663 1260 4732 modi
1281 4663 1517 4754 paedagogia;
1546 4675 1581 4731 et
1604 4686 1693 4756 quas
1714 4662 1885 4735 utilitates
1904 4658 2036 4732 habeat
2055 4657 2144 4729 baec

121 4763 232 4834 litatis
262 4762 503 4831 defensionem
536 4763 634 4832 velut
660 4766 858 4856 symbolam
874 4763 922 4859 ⁸⁷)
947 4764 1108 4832 conferre
1160 4766 1399 4858 paedagogia,
1433 4765 1504 4834 alio
1525 4765 1604 4834 loco
1629 4766 1713 4835 dixi.
1783 4764 1880 4835 Deus
1903 4766 1999 4834 enim
2023 4765 2145 4832 efficax

121 4891 225 4939 suam
243 4865 504 4948 obedientiam,
531 4864 682 4949 tributa,
710 4890 857 4958 operas,
885 4892 965 4937 cum
981 4866 1018 4934 id
1034 4888 1110 4933 non
1162 4882 1214 4940 est
1236 4869 1275 4937 in
1295 4864 1370 4951 bis,
1396 4868 1458 4962 qui
1479 4868 1601 4936 doceri
1623 4893 1660 4938 se
1680 4870 1822 4952 sinunt,
1853 4892 1919 4937 nec
1942 4879 2146 4959 repugnant

120 4969 275 5050 faciunt,
301 4969 515 5037 defraudant
529 4969 706 5062 reliquos,
731 4971 899 5039 fruuntur
915 4969 1010 5039 enim
1026 4966 1110 5035 alie-
1162 4971 1271 5063 ipsius
1294 4971 1416 5040 verbo.
1477 4972 1597 5064 Quare
1622 4973 1824 5064 exemplum
1848 4984 1953 5040 nocet
1974 4971 2013 5039 in
2035 4969 2146 5037 viola-

120 5072 179 5143 nis
197 5069 340 5153 officiis,
367 5082 403 5138 et
421 5069 489 5160 ipsi
510 5067 600 5140 nibil
616 5074 815 5142 conferunt.
870 5072 966 5141 Utis
989 5068 1110 5164 quiin
1161 5075 1260 5142 tione
1281 5071 1529 5145 traditionum.
1596 5073 1691 5166 Quia
1716 5075 1860 5166 vulgus,
1901 5076 1999 5168 qnod
2019 5085 2146 5140 natura

126 5245 332 5261 μ

156 5343 207 5410 er)
227 5310 396 5463 amporam]
425 5341 466 5391 aa
489 5343 564 5390 recte
590 5343 657 5396 raa.
683 5344 756 5395 raas.
784 5347 812 5394 a
838 5342 930 5406 rasam
967 5342 1015 5392 aa.
1036 5339 1112 5390 rste.

193 5425 260 5475 syn
305 5424 360 5462 nn.
763 5436 767 5443 ·

127 5498 312 5563 Metram.
336 5494 443 5559 Orsa.
466 5494 552 5558 Vos.
574 5496 666 5559 XVI.

1196 5342 1246 5408 88)
1265 5343 1435 5463 ayaqolan]
1459 5343 1501 5394 sio
1522 5346 1600 5394 recte
1622 5343 1672 5394 Ed.
1697 5343 1791 5408 16384
1827 5342 1895 5393 lldd.
1921 5341 1996 5393 fast.
2022 5344 2051 5392 et
2078 5342 2151 5393 1546.

1233 5425 1301 5475 m
1347 5425 1401 5463 on.
