4544 5766
39 215 92 289 88
598 208 627 287 Ι.
667 208 1018 287 PHILOSOPHIAE
1041 211 1254 288 nonnus
1276 210 1505 290 EPITOME.
1750 247 1752 253 ·
2013 220 2065 295 84

41 402 94 458 tes
108 398 146 456 et
159 384 295 457 similes
306 381 668 477 magnivirimortem
679 399 847 479 oppetere
855 399 1032 478 coguntur
1082 388 1216 471 virtus,
1255 387 1392 458 etiamsi
1426 411 1502 456 non
1534 387 1745 481 contingunt
1776 391 1955 483 praemia,
2000 405 2063 463 aut

41 488 387 583 proptervirtntem.
413 485 512 578 Ergo
525 489 690 581 voluptas
704 502 756 559 est
770 485 1033 563 finisbominis.
1083 491 1223 561 etiamsi
1256 491 1404 560 adversa
1432 491 1662 583 perpetienda
1688 493 1761 563 sint
1784 507 1850 566 etc.
1902 494 1999 566 Sicut
2027 509 2064 564 et

147 590 342 684 Aptissima
367 590 553 681 responsio
576 602 629 661 est
652 594 698 660 ad
722 591 913 665 minorem.
964 592 1032 662 Ve-
1082 618 1202 665 sacrae
1218 591 1341 663 literae
1356 606 1564 684 proponunt
1577 595 1680 665 nobis
1694 597 1854 688 praemia
1869 610 1904 666 et
1917 621 2064 690 poenas,

41 719 127 765 rum
149 706 205 764 est
224 693 446 785 voluptatem
464 717 537 762 esse
561 694 867 765 conservationem
880 705 1031 766 naturae
1084 711 1258 768 ettamen
1276 697 1403 766 volunt
1418 696 1495 766 Deo
1512 698 1710 787 parendum
1728 723 1801 768 esse
1815 698 2064 792 principaliter

42 820 110 891 per
144 794 320 867 accidens.
378 793 448 864 Sed
479 808 623 865 econtra
646 797 758 866 virtus
787 821 851 890 per
881 822 955 868 sese
980 810 1033 868 est
1083 810 1232 894 propter
1253 798 1389 890 ipsum,
1423 800 1521 893 quod
1548 822 1628 868 cum
1656 799 1791 871 faciunt
1811 802 1882 893 pii,
1907 803 1990 872 licet
2013 802 2064 873 cis

44 897 294 971 conservatrix
325 909 497 981 naturae,
538 898 623 993 quia
649 899 830 968 neminem
859 901 969 970 laedit
998 912 1033 969 et
1085 904 1193 972 etiam
1214 913 1376 993 expetere
1393 900 1653 984 defensionem,
1679 902 1772 972 vitae
1794 905 1999 989 commoda,
2029 915 2065 972 et

45 1013 167 1073 tuetur
195 1000 296 1070 alios.
342 999 517 1092 Voluptas
549 1025 634 1070 vero
659 1001 903 1095 multipliciter
923 1003 1034 1072 laedit
1085 1018 1222 1075 caetera
1243 1003 1414 1096 praemia.
1465 1004 1558 1075 Nam
1580 998 1667 1074 haec
1688 1029 1810 1077 sacrae
1834 1007 1956 1077 literae
1980 1031 2065 1100 pro·

47 1105 156 1187 alios,
184 1115 227 1173 ut
245 1101 313 1172 sibi
333 1103 514 1185 consulat,
538 1127 614 1173 non
635 1105 783 1196 suscipit
801 1105 943 1177 labores
964 1130 1032 1198 pro
1083 1120 1163 1201 pter
1176 1120 1248 1177 tres
1263 1129 1386 1176 causas
1399 1118 1618 1199 proponunt.

47 1204 236 1277 communi
250 1205 475 1289 defensione,
501 1206 637 1299 appetit
652 1207 786 1278 alienas
800 1232 885 1301 opes
898 1221 933 1279 et
950 1232 1033 1277 con·
1185 1209 1307 1278 Prima
1324 1221 1394 1293 est,
1420 1221 1461 1278 ut
1480 1207 1718 1299 intelligamus
1731 1204 1796 1280 has
1810 1233 1867 1281 res
1881 1235 1954 1282 esse
1970 1212 2064 1280 dona

47 1312 157 1401 iuges.
213 1308 323 1402 Quod
347 1320 466 1377 autem
496 1308 610 1380 virtus
637 1333 712 1378 non
735 1322 787 1380 est
810 1312 1032 1381 conservatio
1084 1312 1172 1397 Dei,
1197 1336 1240 1380 eo
1264 1311 1361 1405 quod
1385 1336 1448 1381 suo
1465 1312 1545 1380 loco
1569 1306 1625 1382 his
1649 1312 1756 1381 etiam
1779 1337 1868 1405 opus
1894 1326 1963 1396 est,
1991 1337 2066 1385 eas·

47 1426 221 1495 naturae,
243 1412 285 1479 ht
296 1408 344 1505 Ἰ)
364 1435 429 1502 per
444 1409 606 1482 accidens
627 1410 665 1480 in
679 1408 746 1481 hac
760 1413 897 1483 malitia
917 1409 1034 1482 homi-
1086 1439 1154 1511 que
1171 1439 1190 1483 a
1206 1413 1283 1482 Deo
1301 1415 1535 1505 expectandas
1551 1437 1624 1483 esse
1638 1413 1801 1488 sciamus.

47 1541 156 1588 ntem:
192 1538 281 1583 nam
303 1512 415 1583 virtus
436 1514 589 1584 Senecae
612 1539 687 1583 non
708 1527 760 1585 est
779 1540 844 1608 per
865 1541 901 1586 se
917 1540 1035 1600 causa,
1187 1516 1349 1587 Secunda
1369 1529 1438 1600 est,
1464 1529 1505 1586 ut
1526 1516 1633 1584 tidem
1655 1516 1694 1585 in
1709 1512 1765 1587 his
1786 1514 1891 1586 bonis
1907 1515 2068 1607 petendis

49 1619 149 1714 quod
162 1617 299 1688 Seneca
321 1615 550 1701 interficitur,
574 1619 635 1688 sed
657 1616 788 1689 iniusta
810 1618 983 1711 cupiditas
1001 1630 1036 1687 et
1086 1643 1322 1702 exerceamus,
1343 1632 1378 1688 et
1392 1619 1588 1688 bonitatem
1603 1616 1672 1685 Dei
1686 1619 1800 1710 magis
1818 1617 2068 1709 intelligamus.

51 1720 246 1792 erudelitas
261 1718 446 1811 Tyranni,
473 1719 536 1812 qui
552 1733 604 1790 est
618 1716 730 1791 hostis
745 1721 898 1794 virtutis.
946 1719 1034 1790 Item
1189 1720 1312 1791 Tertia
1336 1735 1406 1805 est,
1432 1734 1472 1793 ut
1493 1717 1561 1789 hac
1584 1721 1801 1812 paedagogia
1829 1721 1876 1788 ad
1898 1722 2069 1790 ohedien-

51 1824 165 1893 virtus
192 1834 246 1892 εει
269 1820 491 1892 conservatio
515 1822 663 1914 speciei,
689 1824 773 1918 quia
800 1846 924 1894 omnes
945 1823 1035 1893 diffi-
1087 1825 1174 1896 tiam
1195 1848 1453 1909 assuescamus,
1480 1836 1515 1893 et
1526 1823 1718 1892 formidine
1733 1846 1931 1915 poenarum
1946 1820 2070 1894 coher-

54 1927 203 1997 rultates
225 1926 405 1994 bonorum
429 1924 592 2009 virorum
614 1926 768 1997 directae
785 1939 868 1997 sunt
890 1927 936 1995 ad
953 1950 1037 1996 eon·
1088 1952 1243 1999 ceamur.

55 2027 297 2100 servationem
328 2027 527 2097 communis
554 2028 742 2102 societatis.
791 2029 948 2099 Econtra
975 2054 1037 2098 vo·
1191 2030 1369 2122 Quartum
1388 2040 1649 2116 argumentum.
1701 2026 1783 2097 Duo
1805 2029 1901 2097 bona
1923 2026 2070 2097 coniun-

54 2134 172 2224 luptas
189 2130 338 2222 dissipat
351 2131 555 2200 universam
569 2132 736 2224 speciem,
760 2133 845 2202 dum
860 2132 928 2204 sibi
944 2133 1038 2227 quis·
1090 2147 1145 2203 cta
1161 2145 1244 2204 sunt
1255 2130 1369 2220 magis
1383 2130 1590 2221 expetenda,
1617 2142 1650 2199 et
1665 2130 1902 2220 praestantius
1917 2131 2070 2199 bonum:

56 2260 124 2329 que
142 2233 315 2326 privatim
335 2233 498 2303 consulit.
1090 2236 1204 2308 virtus
1221 2246 1256 2304 et
1271 2234 1435 2324 voluptas
1454 2245 1538 2301 sunt
1552 2234 1624 2303 duo
1639 2233 1734 2301 bona
1754 2234 1959 2303 coniuncta:
1986 2256 2072 2302 uam

158 2335 325 2406 Tertium
346 2348 608 2427 argumentum.
657 2335 757 2407 Finis
774 2338 880 2407 debet
896 2361 969 2408 esse
985 2336 1040 2406 ul-
1090 2338 1178 2412 haec
1199 2337 1375 2431 Epicurus
1400 2334 1476 2404 vult
1502 2335 1687 2425 coniungi:
1716 2360 1800 2426 ergo
1822 2336 1935 2406 virtus
1957 2349 1992 2406 et
2010 2361 2073 2404 vo·

57 2440 209 2523 timum,
233 2439 273 2507 in
296 2463 369 2531 quo
388 2450 518 2507 natura
542 2438 752 2531 acquiescit,
778 2441 827 2508 ita
841 2453 881 2510 ut
895 2464 971 2509 non
984 2463 1041 2508 re·
1091 2446 1208 2535 luptas
1225 2452 1308 2511 sunt
1323 2437 1424 2521 finis,
1451 2448 1486 2505 ct
1500 2461 1575 2506 non
1592 2438 1704 2507 virtus
1718 2439 1794 2507 sine
1812 2439 2007 2530 voluptate.

60 2543 180 2638 quirat
201 2554 386 2633 praeterea
409 2541 519 2611 aliud.
568 2540 706 2612 Natura
730 2546 858 2634 adepta
872 2544 1040 2612 virtutem
1193 2543 1407 2633 Respondeo
1438 2540 1482 2606 ad
1512 2540 1700 2609 maiorem.
1752 2541 1870 2610 Maior
1901 2552 1952 2610 est
1978 2562 2073 2623 vera,

60 2658 155 2715 recto
178 2656 216 2713 et
238 2643 396 2734 legitimo
420 2641 599 2735 appetitu,
630 2657 751 2714 tamen
774 2641 889 2714 adhuc
907 2643 1044 2737 appetit
1093 2658 1232 2717 servata
1256 2643 1441 2735 utriusque
1464 2641 1551 2709 boni
1574 2641 1766 2731 dignitate,
1790 2667 1852 2712 seu
1868 2641 1994 2711 ordine
2009 2643 2074 2709 bo-

62 2749 304 2839 voluptatem,
335 2742 405 2816 hoe
427 2760 498 2830 est,
531 2745 812 2817 incolumitatem
838 2761 874 2816 et
902 2770 1043 2816 conser-
1094 2773 1244 2829 norum,
1270 2740 1339 2814 hoc
1361 2755 1431 2825 est,
1456 2741 1485 2811 si
1510 2744 1622 2813 virtus
1645 2742 1864 2834 intelligatur
1885 2767 1958 2814 esse
1975 2743 2075 2834 prin-

62 2852 266 2933 vationem,
293 2873 377 2940 ergo
393 2848 505 2919 virtus
520 2872 595 2917 non
610 2863 662 2919 est
672 2851 836 2919 ultimum
852 2851 1044 2920 bonorum.
1095 2852 1208 2944 cipale
1236 2861 1271 2918 et
1288 2858 1436 2939 propter
1456 2869 1493 2914 se
1520 2848 1725 2937 expetenda.
1783 2845 1933 2916 Fructus
1955 2858 2075 2915 autem

160 2952 399 3042 Respondeo:
426 2951 549 3020 Minor
570 2954 732 3042 neganda
759 2966 830 3035 est,
858 2953 923 3023 etsi
948 2951 1043 3021 enim
1096 2965 1281 3045 expetatur
1304 2951 1372 3033 ita,
1396 2960 1456 3028 ut,
1482 2947 1608 3017 sinon
1630 2947 1831 3038 contingat,
1858 2961 1979 3017 tamen
1993 2949 2076 3017 reti·

62 3068 191 3125 natura
214 3067 310 3124 recte
332 3055 470 3146 appetit
491 3054 794 3138 incolumitatem,
827 3067 948 3125 tamen
969 3078 1045 3123 non
1096 3069 1224 3126 neatur
1238 3051 1434 3145 principale
1450 3050 1586 3119 bonum
1602 3047 1660 3144 πθ).
1711 3050 1828 3120 Porro
1844 3076 1919 3120 non
1934 3062 2076 3120 servato

63 3158 201 3251 appetit
229 3180 309 3226 eam
339 3170 512 3252 tanquam
537 3182 716 3226 summum
748 3171 783 3227 et
813 3158 1044 3250 praecipuum
1098 3158 1224 3229 ordine
1239 3157 1440 3235 bonorum,
1462 3153 1579 3222 maior
1593 3177 1669 3221 non
1685 3164 1737 3221 est
1753 3177 1857 3235 vera,
1883 3178 1965 3222 cum
1980 3152 2091 3232 vide,

63 3263 220 3341 bonum,
246 3261 308 3330 sed
330 3260 421 3330 sicut
441 3260 579 3329 bonum
601 3260 708 3344 utile,
734 3264 832 3354 quod
849 3273 902 3331 est
916 3261 1046 3351 gradus
1096 3263 1178 3332 licet
1198 3255 1394 3351 principale
1416 3254 1551 3325 bonnm
1576 3255 1803 3345 extinguitur.
1853 3255 1957 3326 Nunc
1970 3255 2078 3324 venio

63 3361 264 3444 inferioris,
290 3363 388 3457 quod
409 3361 575 3453 intelligit
595 3363 689 3432 ratio
713 3387 786 3434 esse
816 3363 961 3457 quidem
985 3385 1046 3429 ne·
1098 3366 1144 3434 ad
1165 3363 1356 3430 minorem.
1407 3355 1581 3448 Epicurus
1605 3382 1681 3426 non
1703 3368 1822 3426 servat
1836 3358 1999 3427 ordinem
2013 3359 2079 3428 bo·

65 3465 278 3547 cessarium,
303 3465 365 3534 sed
389 3477 510 3535 tamen
530 3489 606 3534 non
629 3489 702 3535 esse
726 3464 962 3557 praestantius
976 3463 1048 3531 vir·
1098 3490 1250 3548 norum,
1276 3462 1337 3532 sed
1361 3459 1409 3527 ita
1432 3459 1539 3528 sentit
1561 3462 1781 3550 voluptatem
1805 3484 1878 3528 esse
1900 3460 2080 3543 ultimum,

65 3581 157 3652 tute,
185 3580 223 3637 et
244 3566 411 3636 virtutem
433 3592 510 3636 non
531 3568 766 3637 abiiciendam
791 3593 882 3651 esse,
909 3564 1046 3636 etiamsi
1099 3583 1140 3640 ut
1159 3566 1252 3637 nolit
1272 3564 1440 3633 virtutem
1471 3561 1606 3653 expeti,
1640 3562 1669 3632 si
1693 3585 1768 3631 nou
1791 3561 2002 3656 plerumque
2027 3587 2081 3632 se·
2204 3606 2209 3613 -

66 3673 159 3741 bona
175 3669 280 3740 utilia
296 3665 552 3754 detrahantur,
580 3672 742 3765 quamvis
754 3667 843 3741 haec
859 3669 1048 3741 iustissime
1100 3682 1268 3766 queretur
1283 3667 1466 3755 voluptas,
1488 3659 1557 3732 hoc
1572 3675 1641 3747 est,
1664 3676 1803 3732 mutato
1822 3664 1960 3749 ordine,
1982 3677 2081 3734 ante-

71 3776 244 3844 debentur
266 3772 409 3856 virtuti,
436 3784 477 3843 ut
498 3769 748 3858 Themistocli,
770 3772 930 3867 Scipioni
950 3784 984 3840 et
1004 3770 1049 3840 si·
1099 3777 1192 3844 serre
1215 3771 1446 3859 voluptatem.
1496 3764 1592 3856 Ergo
1616 3761 1704 3836 haec
1720 3767 1898 3857 copulatio
1913 3792 1988 3838 non
2009 3768 2082 3836 effi-

69 3877 213 3948 milibus
236 3877 281 3945 de
303 3875 484 3969 republica
500 3876 591 3946 bene
610 3878 766 3958 meritis,
792 3889 884 3946 certe
907 3873 1050 3967 amplis·
1102 3878 1150 3947 cit
1169 3873 1285 3944 maius
1305 3873 1460 3952 bonum,
1486 3870 1546 3938 sed
1567 3869 1740 3962 extinguit
1754 3869 1935 3941 virtutem.
1986 3869 2082 3938 llaec

71 3981 157 4051 sinra
183 3980 345 4072 praemia
369 3980 560 4062 debentur,
586 3993 621 4049 et
636 3993 756 4048 tamen
770 3979 822 4048 illi
838 3978 906 4071 ipsi
920 3974 1053 4048 summi
1102 3992 1155 4050 est
1178 4000 1261 4046 vera
1293 3971 1478 4064 responsio
1512 3975 1558 4040 ad
1588 3968 1657 4041 hoc
1687 3986 1956 4062 argumentum,
1985 3972 2083 4064 quod

72 4084 137 4152 viri
160 4082 325 4152 iudicant
346 4095 440 4151 recte
456 4083 657 4152 faciendum
678 4107 770 4162 esse,
797 4081 935 4151 etiamsi
950 4102 1051 4171 prae-
1104 4079 1259 4152 ostendit
1274 4101 1377 4169 posse
1393 4073 1537 4169 quidem
1554 4074 1669 4166 expeti
1685 4073 1872 4143 coniuncta
1887 4075 1995 4155 bona,
2022 4074 2083 4141 sed

72 4187 140 4255 mia
160 4208 240 4253 non
257 4198 529 4278 consequantur.
581 4184 688 4278 Quod
709 4183 804 4253 enim
821 4185 922 4252 Valla
939 4182 1051 4251 multa
1104 4186 1173 4267 ita,
1199 4207 1243 4251 ne
1265 4181 1522 4273 amplectamur
1545 4201 1611 4268 pro
1634 4176 1824 4267 principali
1846 4175 1943 4243 aliud
1965 4174 2084 4246 minus

75 4287 226 4379 colligit,
268 4311 391 4356 omnes
417 4282 581 4357 homines
612 4286 765 4358 utilitate
796 4301 831 4356 et
862 4284 1053 4378 cupiditate
1104 4281 1313 4379 principale.
1364 4279 1461 4350 Sicut
1477 4278 1582 4348 etiam
1601 4274 1821 4347 Christianus
1840 4289 1934 4346 recte
1954 4277 2086 4369 expetit

76 4390 208 4477 gloriae
229 4388 370 4457 moveri
393 4400 428 4458 et
442 4390 554 4460 virtus
571 4388 646 4483 ipsa
670 4392 765 4481 apud
778 4383 1052 4480 Xenophontem
1105 4390 1200 4458 vitae
1214 4383 1421 4465 commoda,
1447 4380 1590 4462 sedita,
1611 4391 1670 4462 nt,
1691 4378 1831 4449 etiamsi
1844 4403 1920 4448 non
1935 4403 2086 4472 sequau-

77 4493 210 4588 inquit:
240 4491 481 4562 dulcissimum
495 4517 638 4562 carmen
652 4517 725 4563 esse
740 4517 822 4563 suas
837 4491 963 4584 cuique
979 4489 1054 4557 lau·
1106 4506 1183 4574 tur,
1210 4501 1331 4558 tamen
1352 4484 1503 4554 retineat
1524 4481 1730 4573 principale.
1781 4481 1875 4551 Hinc
1897 4482 1998 4550 facile
2022 4506 2086 4573 po·

78 4598 134 4667 des
148 4593 219 4688 ²³),
251 4589 339 4662 baec
364 4618 439 4663 non
460 4608 621 4687 pugnant
646 4620 726 4665 cum
748 4608 843 4665 recta
869 4590 1055 4664 sententia.
1106 4607 1175 4664 test
1202 4588 1375 4679 intelligi,
1410 4585 1629 4674 voluptatem
1661 4609 1736 4654 non
1758 4609 1831 4654 esse
1854 4588 2085 4676 expetendam

78 4697 206 4768 Fateor
228 4698 462 4788 expetendam
482 4722 556 4767 esse
572 4698 742 4788 gloriam,
769 4697 961 4789 expetenda
983 4717 1056 4763 esse
1108 4711 1281 4789 tanquam
1297 4712 1476 4760 summum
1491 4688 1626 4755 bonum
1642 4712 1703 4756 seu
1719 4687 1927 4778 principale.

80 4800 169 4870 vitae
198 4801 409 4882 commoda,
440 4801 502 4868 sed
530 4823 606 4867 non
635 4800 891 4893 principaliter.
948 4795 1056 4866 Ratio
1211 4794 1399 4887 Quintum.
1451 4785 1611 4886 Christus
1631 4789 1818 4881 pollicetur
1832 4811 2012 4858 summum
2023 4788 2088 4857 bo-

79 4898 162 4973 haec
178 4925 324 4996 qnoque
341 4913 437 4970 recto
455 4902 617 4994 appetitu
638 4903 786 4994 expetit,
812 4904 873 4973 sed
887 4901 1059 4992 gubernet
1109 4925 1209 4970 num.
1261 4890 1420 4965 Christus
1437 4891 1624 4984 pollicetur
1640 4903 1821 4960 aeternam
1838 4890 1947 4959 vitam
1970 4903 2005 4959 et
2018 4891 2090 4959 lae-

81 5001 167 5075 hane
187 5003 446 5096 appetitionem
465 5005 577 5074 virtus
598 5015 769 5098 tanquam
788 5004 952 5098 superior
966 5000 1059 5082 finis,
1112 5004 1238 5072 titiam.
1290 4995 1385 5086 Ergo
1403 4993 1462 5062 illa
1476 4993 1611 5063 laetitia
1628 5005 1679 5062 est
1692 5018 1870 5062 summum
1884 4995 2032 5063 bonum.

81 5104 143 5179 hoe
160 5119 233 5192 est,
254 5108 498 5177 anteferuntur
513 5107 638 5176 virtuti
652 5107 841 5193 utilitates,
865 5105 1061 5177 retineatur
1213 5100 1428 5193 Respondeo
1453 5097 1499 5165 ad
1522 5096 1719 5178 minorem,
1745 5095 1818 5162 vita
1836 5108 1979 5164 aeterna
1994 5094 2092 5186 prin-

1113 5204 1274 5297 cipaliter
1293 5215 1345 5273 est
1365 5222 1460 5270 nova
1482 5211 1517 5268 et
1538 5209 1708 5291 perpetua
1724 5198 1859 5288 agnitio
1876 5197 1943 5266 Dei
1959 5210 1993 5265 et
2010 5196 2092 5265 obe·

111 5342 158 5407 rt)
175 5341 224 5401 tt]
243 5338 287 5388 sio
303 5337 353 5388 nt.
373 5337 465 5401 loton
488 5336 539 5387 Ed.
559 5337 631 5388 1546.
651 5337 696 5388 slt.

112 5444 160 5510 22)
177 5440 259 5496 cent.
279 5439 405 5501 Xenoph.
425 5440 498 5491 tlter.
520 5432 1029 5505 1,14.ἰπαινοςῆδισιονιίκρόαμα.
1148 5439 1196 5506 23)
1220 5438 1332 5496 botrum]
1352 5434 1392 5484 ste
1410 5432 1460 5482 tto.
1480 5430 1573 5493 1640.;
1599 5429 1648 5479 ted.
1669 5428 1744 5480 tots.
1762 5429 1867 5482 dorsum.

88 5528 268 5595 linteum.
285 5524 392 5588 0nrn.
423 5525 507 5588 Ver..
523 5523 613 5587 xvl.
1460 5501 1483 5571 8
