4544 5766
188 197 263 273 547
454 184 656 264 SCRIPTA
678 182 755 256 ΡΗ.
779 179 896 255 MEL.
919 178 986 250 AD
1012 176 1227 254 ETHICEN
1253 183 1318 257 m
1347 179 1607 256 POLI'I'ICEN
1633 180 1943 258 seueramta
2131 184 2219 259 ς4148

188 372 287 442 iubet
308 366 401 437 tueri
420 384 647 434 communem
670 381 815 449 pacem,
855 368 891 424 et
910 367 994 424 tunc
1017 357 1175 439 demum,
1228 371 1282 427 tos
1314 380 1503 427 successus.
1568 352 1620 425 Ita
1649 369 1816 426 movetur
1845 357 1965 425 David
1994 371 2034 429 ut
2061 360 2220 446 dimicet,

189 500 270 544 cum
294 472 385 540 iusta
406 491 509 537 causa
534 475 585 532 est
610 460 813 553 pugnandi,
850 458 936 527 forti
965 458 1086 526 animo
1110 483 1177 549 pu·
1229 459 1312 554 quia
1328 459 1425 528 Deus
1441 459 1477 526 id
1493 456 1568 547 regi
1583 461 1783 551 praecepit,
1815 473 1850 529 et
1872 463 1962 552 petit
1984 461 2097 532 aDeo
2120 462 2221 534 auxi-

189 599 311 669 gnare.
362 571 515 640 iniustus
537 578 572 635 et
593 564 744 632 crudelis
769 573 820 632 est
836 560 947 644 Cato,
972 585 1046 629 non
1061 560 1177 643 fortis,
1227 564 1335 647 lium,
1362 560 1474 655 quiet
1490 561 1723 651 praeliantem
1739 563 1857 646 iuvat,
1891 575 1926 631 et
1948 566 2123 652 gubernat
2146 568 2219 636 exi-

189 675 349 749 cumsibi
365 673 432 764 ipsi
450 683 603 741 mortem
628 665 829 747 consciscit,
863 663 947 757 quia
970 672 1094 732 contra
1122 661 1177 731 iu-
1228 678 1295 735 tus.
1355 663 1428 733 Has
1451 686 1573 732 causas
1598 665 1879 748 consideremus,
1920 677 1961 734 ut
1990 680 2024 736 et
2053 693 2120 739 nos
2149 670 2222 761 ipsi

190 783 321 851 dicium
352 789 467 845 rectae
495 769 644 841 rationis
670 768 765 838 facit.
824 766 920 835 Haec
941 765 1177 835 declarandae
1229 768 1440 849 excitemus,
1468 775 1503 833 et
1517 767 1625 836 simul
1646 768 1688 835 de
1711 781 1833 838 nostra
1858 768 2099 840 imbecillitate
2123 773 2221 863 cogi.

189 879 404 954 definitionis
419 901 523 947 causa
540 872 695 942 breviter
711 869 835 940 adieci.
874 867 966 938 illud
985 882 1105 937 autem
1119 864 1178 936 hic
1229 883 1362 954 temus,
1388 881 1516 937 etcum
1533 893 1573 936 ea
1588 869 1782 953 luctemur,
1809 882 1844 938 et
1858 894 1924 939 nos
1937 896 1997 964 spe
2021 875 2144 943 anxilii
2166 875 2222 944 di.

190 980 369 1081 quaerill)
390 992 523 1073 potest,
551 999 661 1069 quare
679 975 797 1065 primo
814 973 893 1041 loco
911 974 955 1040 de
967 971 1177 1041 fortitudine
1230 973 1306 1041 vini
1335 970 1531 1062 erigamus,
1574 983 1615 1040 ut
1636 973 1774 1062 placide
1796 975 1965 1043 feramus·
1981 978 2149 1062 adversa,
2185 989 2223 1047 et

191 1089 286 1159 dicat
303 1111 384 1154 cum
400 1108 439 1152 re
456 1105 541 1150 vera
554 1080 766 1170 praecedere
782 1100 860 1144 eam
878 1075 1013 1144 iustitia
1041 1074 1178 1144 debeat.
1230 1100 1428 1169 pugnemus
1444 1072 1506 1143 ubi
1524 1098 1614 1164 opus
1632 1087 1696 1146 est.

190 1190 357 1260 Arbitror
384 1199 502 1255 autem
533 1193 681 1274 propter
711 1178 999 1272 perspicuitatem
1027 1172 1097 1246 hoc
1122 1199 1180 1242 or·
1332 1176 1485 1246 Materia
1509 1176 1601 1246 circa
1625 1202 1753 1270 quam,
1794 1203 1856 1248 seu
1885 1179 2084 1266 obiectum,
2125 1183 2223 1253 circa

192 1295 274 1364 dine
289 1316 391 1360 usum
411 1313 502 1370 esse,
529 1285 620 1354 sicut
633 1307 741 1374 supra
756 1283 794 1349 in
810 1281 997 1363 divisione,
1024 1292 1086 1348 aut
1101 1302 1180 1367 gra·
1232 1281 1329 1375 quod
1344 1291 1506 1349 versatur
1519 1278 1710 1364 fortitudo,
1736 1280 1780 1350 ab
1790 1280 1978 1352 Aristotele
2000 1285 2130 1355 dicitur
2146 1311 2223 1357 csse

191 1398 364 1466 tificatum
382 1389 606 1470 Alexandro,
651 1400 712 1457 aut
739 1397 831 1453 certe
861 1409 903 1452 eo
933 1396 1072 1454 motum
1093 1404 1179 1463 esse,
1230 1383 1428 1476 periculum
1444 1404 1614 1473 magnum
1634 1397 1669 1452 et
1683 1379 1894 1468 honestum,
1920 1389 1980 1455 sed
1996 1400 2097 1478 potes
2114 1413 2223 1479 gene·

194 1499 293 1595 quod
316 1497 390 1566 sine
418 1494 573 1587 quadam
597 1488 804 1557 celsitudine
823 1486 935 1555 animi
956 1500 991 1554 et
1017 1497 1180 1554 constan·
1231 1487 1354 1557 raliter
1385 1486 1520 1555 dicere:
1559 1484 1677 1554 Omne
1708 1488 1843 1555 malum
1875 1513 1948 1558 esse
1978 1491 2122 1580 pavoris
2157 1493 2223 1560 ob·

193 1603 264 1684 tia,
290 1599 386 1668 nulla
406 1596 518 1663 virtus
535 1592 681 1661 existere
700 1602 837 1682 potest,
870 1591 961 1658 sicut
978 1614 1044 1657 nec
1068 1586 1181 1655 cousi·
1232 1591 1381 1670 iectum‚
1405 1589 1467 1657 sed
1481 1598 1601 1657 tamen
1624 1589 1753 1679 gradus
1776 1602 1869 1660 sunt.
1927 1590 2008 1660 Alia
2030 1607 2114 1664 sunt
2135 1594 2223 1663 sim-

192 1705 233 1773 lii
246 1702 420 1771 certitudo
437 1697 583 1766 existere
598 1706 734 1784 potest,
760 1693 829 1763 nisi
849 1716 941 1761 unus
958 1691 1086 1785 aliquis
1102 1689 1182 1757 finis
1233 1692 1371 1784 pliciter
1391 1690 1580 1780 fugienda,
1615 1703 1650 1759 et
1670 1716 1811 1782 semper
1832 1696 2022 1763 metuenda
2043 1708 2079 1765 et
2100 1698 2224 1787 depel-

194 1819 230 1877 ct
244 1830 370 1896 scopus
385 1798 590 1893 propositus
605 1796 661 1866 sit.
1233 1797 1358 1877 lenda,
1383 1805 1424 1861 ut
1440 1793 1638 1884 turpitudo.
1683 1795 1830 1886 Semper
1845 1797 2130 1867 decetDavidem
2146 1824 2223 1869 me-

713 1969 721 1986 ,
942 1968 950 1985 ,
1032 1969 1040 1985 ‚
1074 1968 1082 1985 ,
1234 1911 1351 1979 tuere,
1378 1908 1413 1963 et
1427 1897 1601 1986 depellere
1617 1897 1887 1989 turpitudinem.
1945 1900 2024 1969 Alia
2040 1915 2122 1972 sunt
2136 1927 2224 1994 pro·

198 1987 304 2068 Quae
329 1982 421 2048 ΝΜ
445 1991 587 2042 famae
614 1959 831 2064 ‘ffimemae
852 1957 1183 2058 f⁰ri²md²m⁸⁴³li
1234 2013 1313 2093 pter
1328 1998 1531 2090 probabiles
1547 2023 1688 2084 causas,
1721 2012 1756 2068 et
1772 2014 1866 2069 certo
1883 2004 2008 2072 ordine
2024 2006 2223 2090 subeunda,

297 2112 400 2182 Mens
427 2107 606 2185 iudicans,
646 2127 737 2195 quae
764 2127 821 2172 res
845 2125 990 2192 asperae
1013 2101 1084 2172 sint
1103 2125 1184 2192 per·
1236 2116 1271 2173 et
1283 2126 1387 2191 saepe
1401 2103 1630 2192 perferenda,
1656 2116 1696 2171 ut
1710 2104 1869 2194 corporis
1887 2117 1923 2174 et
1944 2131 2063 2176 rerum
2086 2108 2225 2177 incom-

194 2218 381 2297 ferendae,
418 2223 453 2279 et
474 2205 656 2303 quomodo
678 2205 750 2275 sint
772 2206 996 2288 tolerandae,
1028 2217 1071 2273 et
1092 2227 1183 2296 quae
1234 2208 1363 2288 moda,
1389 2203 1576 2294 fugiendae
1594 2205 1824 2297 turpitudinis
1845 2232 1969 2293 causa,
2004 2223 2062 2293 ut,
2094 2236 2223 2305 quarn-

197 2322 269 2394 sint
289 2315 538 2409 depellendae,
579 2321 615 2377 et
642 2310 808 2378 voluntas
829 2309 1078 2399 obtemperans
1101 2302 1183 2375 huic
1236 2309 1289 2378 vis
1310 2308 1428 2375 vivere
1450 2308 1572 2376 mallet
1585 2308 1735 2391 Daniel,
1771 2321 1890 2378 tamen
1905 2324 1947 2379 ut
1967 2313 2080 2402 fugiat
2102 2327 2139 2383 et
2159 2317 2223 2383 de-

197 2421 358 2493 consilio.
399 2416 554 2508 Oportet
568 2423 687 2481 autem
705 2423 739 2480 et
752 2409 869 2479 cordis
882 2410 995 2479 robur
1011 2434 1083 2481 esse
1101 2410 1183 2493 tale,
1236 2412 1344 2504 pellat
1360 2409 1452 2505 idffl)
1474 2412 1626 2494 malum,
1658 2413 1755 2504 quod
1767 2412 1865 2482 Deus
1886 2438 2025 2505 semper
2049 2415 2149 2487 iussit
2167 2420 2223 2487 fu·

196 2539 238 2597 ut
250 2523 363 2617 possit
384 2518 529 2589 obedire
554 2515 723 2598 consilio,
751 2526 786 2581 et
807 2538 870 2583 sua
894 2512 1062 2583 firmitate
1085 2512 1184 2580 adiu·
1237 2538 1339 2606 gere,
1382 2513 1514 2583 scilicet
1535 2515 1788 2584 contumeliam
1810 2514 1897 2601 Dei,
1930 2519 2049 2607 potius
2074 2521 2224 2591 accersit

197 2652 283 2698 vare
305 2626 540 2694 voluntatem.
605 2618 699 2688 Nam
727 2616 935 2708 praesertim
961 2611 1048 2684 haec
1073 2615 1185 2684 virtus
1237 2618 1305 2687 sibi
1322 2616 1414 2684 vitae
1429 2618 1639 2708 periculum.
2226 2687 2236 2694 ,,

197 2731 350 2821 insignes
377 2738 496 2794 motus
528 2720 644 2790 cordis
677 2719 867 2810 experitur.
936 2717 1124 2787 Marcellus
1138 2716 1185 2811 ⁴⁴)
1338 2719 1504 2790 Formale
1520 2720 1701 2790 actionum
1719 2732 1769 2789 est
1784 2720 1824 2788 in
1838 2719 2021 2790 voluntate
2042 2735 2077 2790 et
2099 2724 2223 2807 corde,

199 2834 346 2904 dimicat
360 2854 440 2899 cum
457 2825 678 2905 Hannibale,
706 2822 788 2915 quia
805 2844 906 2889 mens
920 2820 1053 2889 iudicat
1068 2845 1186 2888 neces·
1236 2848 1300 2893 seu
1322 2823 1475 2914 impetus
1498 2825 1544 2891 ad
1566 2824 1833 2914 depellendum,
1865 2848 1927 2892 seu
1943 2825 2143 2894 moderatio
2159 2828 2226 2896 do·

199 2937 330 3008 sariam
347 2955 419 3001 esse
437 2927 722 3006 dimicationem,
748 2923 920 3013 prospicit
934 2934 969 2989 et
983 2934 1185 3013 praeparat,
1237 2925 1342 3008 loris,
1366 2927 1548 3017 perferens
1565 2927 1712 2994 adversa
1736 2925 1812 2996 sine
1830 2927 2074 3011 deformitate,
2100 2928 2139 2996 id
2158 2943 2225 3013 est,

200 3049 374 3134 quantum
391 3043 527 3124 potest,
554 3053 594 3096 ea
623 3050 713 3121 quae
734 3037 818 3094 sunt
837 3024 936 3107 usui,
965 3037 999 3092 et
1022 3027 1186 3094 voluntas
1237 3053 1282 3096 ne
1308 3029 1395 3119 quid
1416 3029 1478 3096 fiat
1499 3040 1621 3096 contra
1648 3028 1735 3097 alias
1758 3029 1923 3110 virtutes,
1955 3054 2076 3099 senne
2094 3032 2224 3101 immo·

200 3143 425 3229 obtemperat
454 3130 614 3200 consilio.
681 3127 750 3197 Sed
778 3126 883 3194 multi
912 3138 1014 3194 erant
1035 3127 1187 3208 Romae,
1237 3131 1336 3199 dicus
1350 3131 1454 3198 dolor
1471 3143 1637 3199 naturam
1651 3131 1850 3221 opprimat,
1883 3142 1923 3200 ut
1946 3132 1984 3199 in
1998 3130 2134 3202 Achille
2157 3135 2223 3203 im·

200 3243 265 3338 qui
277 3241 343 3311 etsi
361 3237 530 3306 volebant
543 3231 732 3313 dimicare,
765 3242 800 3298 et
821 3228 1040 3297 dimicabant
1060 3241 1186 3297 utcun-
1238 3245 1340 3325 petus
1370 3235 1415 3300 ad
1447 3232 1714 3325 praeliandum,
1755 3234 1792 3301 in
1823 3233 1987 3325 Scipione
2021 3239 2222 3308 moderatio

201 3370 291 3441 que,
317 3357 437 3411 tamen
453 3336 554 3406 facile
571 3333 869 3426 reprimebantur.
927 3331 1020 3401 Nam
1037 3357 1099 3400 cor
1112 3333 1187 3399 lan·
1239 3336 1417 3426 perferens
1439 3337 1671 3407 contumelias
1697 3335 1918 3418 tribunitias,
1943 3351 2095 3432 suntque
2111 3344 2223 3411 virtu-

202 3448 349 3541 guidum
365 3467 440 3512 non
456 3440 620 3509 armabat
632 3461 779 3518 manus,
813 3433 1188 3503 noniuvabatvolun-
1241 3452 1291 3508 tes
1305 3438 1441 3507 vicinae
1462 3440 1617 3533 aliquot,
1650 3440 1958 3533 quasAristoteles
1980 3466 2053 3508 uno
2075 3444 2224 3518 nomine

202 3564 332 3633 tatem,
358 3571 433 3615 non
450 3543 639 3636 spargebat
661 3540 824 3608 ardentes
845 3536 989 3628 spiritus
1014 3537 1052 3604 in
1077 3562 1187 3605 mem·
1238 3542 1456 3613 fortitudinis
1479 3543 1735 3634 complectitur.
1799 3542 1986 3610 Fortitudo
2017 3544 2141 3612 bellica
2171 3563 2224 3618 est

200 3656 278 3724 bra.
340 3652 409 3720 Sed
432 3646 641 3715 Marcellum
664 3653 902 3733 pugnantem,
937 3640 1053 3709 cordis
1076 3640 1188 3709 robur
1239 3646 1411 3736 impetus,
1438 3671 1544 3740 quem
1562 3659 1682 3714 tamen
1695 3646 1904 3714 moderatur
1918 3645 2011 3713 ratio
2035 3647 2080 3714 ad
2102 3649 2223 3739 depel.

203 3754 406 3825 adiuvabat.
452 3750 599 3819 Necesse
617 3756 669 3814 est
682 3757 799 3812 autem
816 3744 859 3810 ad
876 3743 1100 3811 excellentem
1117 3743 1189 3811 vir·
1239 3750 1363 3818 lendos
1379 3745 1508 3820 hostes.
1560 3748 1747 3818 Fortitudo
1765 3760 1883 3838 togata
1892 3746 1939 3842 ⁴⁶)
1955 3761 2006 3818 est
2024 3753 2225 3822 constantia

202 3869 315 3928 tutem
339 3853 504 3922 accedere
523 3845 707 3917 heroicum
729 3847 922 3938 impetum,
955 3845 1017 3938 qui
1040 3858 1091 3914 est
1118 3845 1189 3913 sin·
1241 3851 1353 3919 animi
1367 3851 1624 3943 perseverantis
1646 3851 1684 3918 in
1706 3851 1889 3942 proposito
1911 3847 2082 3936 honesto,
2109 3878 2147 3922 re
2165 3859 2225 3925 de.

203 3961 323 4053 gulare
345 3958 479 4024 donum
495 3950 583 4033 Dei,
609 3962 643 4017 et
658 3961 776 4018 motus
793 3947 1000 4038 singularis,
1033 3972 1105 4040 quo
1129 3972 1190 4016 cor
1239 3954 1401 4038 liberata,
1428 3969 1557 4027 etcum
1573 3950 1640 4022 hac
1655 3953 1842 4023 coniuncta
1858 3956 2124 4039 esttolerantia,
2151 3983 2231 4043 seu,

203 4063 383 4131 incitatur.
443 4055 493 4124 Ut
514 4065 632 4122 autem
655 4047 713 4119 hic
735 4051 887 4141 impetus
908 4073 1104 4141 paucorum
1126 4062 1190 4134 est,
1241 4070 1280 4126 ut
1296 4058 1424 4127 usitate
1439 4072 1587 4140 vocant,
1612 4057 1804 4149 patientia,
1838 4081 1929 4150 quae
1953 4071 2004 4127 cst
2024 4062 2224 4131 moderatio

204 4166 253 4235 ita
283 4161 388 4254 pauci
419 4156 553 4227 hahent
575 4155 802 4223 excellentem
822 4152 1089 4235 fortitudinem,
1129 4155 1191 4222 sed
1242 4159 1370 4243 animi,
1397 4160 1472 4230 sine
1488 4160 1712 4230 deformitate
1729 4160 1913 4230 tolerantis
1929 4162 2147 4232 calamitates
2162 4190 2228 4234 seu

205 4267 330 4356 exigua
346 4259 527 4332 inchoatio
545 4271 608 4342 est,
630 4282 692 4327 seu
704 4250 958 4327 simulachrum
971 4255 1191 4325 fortitudinis
1242 4263 1411 4346 iniurias,
1443 4277 1591 4356 propter
1613 4259 1800 4333 honestam
1823 4288 1985 4347 causam,
2020 4277 2080 4348 ut,
2105 4267 2225 4358 Scipio

207 4371 246 4439 in
258 4367 417 4438 caeteris.
1242 4367 1376 4458 perfert
1389 4366 1578 4450 iniuriam,
1604 4392 1649 4434 ne
1666 4367 1832 4436 incendat
1846 4367 1937 4435 bella
1959 4366 2086 4436 civilia.
2139 4370 2228 4440 Cae-

307 4468 480 4539 Doctrina
500 4461 688 4553 Evangelii
716 4459 815 4529 addit
846 4459 958 4528 causis
988 4455 1077 4528 haec
1102 4461 1192 4529 duo:
1243 4493 1397 4539 sarcum
1413 4494 1487 4539 non
1504 4473 1614 4540 ferret
1638 4470 1807 4553 iniurias,
1840 4469 2000 4538 incendit
2023 4471 2156 4541 bellum
2180 4475 2229 4543 ci-

139 4590 144 4602 '
191 4574 249 4646 'ln
264 4571 532 4651 mentelssoems
558 4589 620 4637 ὅθι]
632 4564 798 4633 ”militm
819 4563 998 4632 iubentem
1022 4563 1192 4632 dimicare
1244 4572 1324 4643 vile.
1375 4574 1508 4643 Paulus
1523 4575 1591 4642 fert
1605 4573 1754 4644 iniurias
1770 4585 1917 4664 propter
1929 4575 2228 4662 mandatumDei,

207 4691 356 4771 propter
370 4674 507 4754 Deum,
534 4681 569 4738 et
590 4679 709 4760 petere
735 4668 779 4735 ab
805 4691 846 4734 eo
871 4665 1063 4750 auxilium,
1090 4679 1125 4734 et
1138 4692 1193 4735 re·
1246 4675 1328 4769 quia
1345 4677 1410 4744 scit
1424 4675 1636 4767 Apostolum
1651 4702 1725 4745 non
1740 4699 1912 4766 occupare
1933 4677 2084 4768 imperia
2107 4681 2230 4753 armis.

208 4784 301 4851 ferte
316 4774 583 4848 dimicationem
601 4772 646 4839 ad
663 4769 814 4859 gloriam
824 4768 903 4838 Dei.
954 4767 996 4836 in
1011 4769 1194 4838 voluntale
1247 4779 1335 4848 Cum
1353 4779 1460 4869 igitur
1476 4781 1518 4848 de
1533 4780 1741 4851 fortitudine
1756 4779 1904 4862 dicitur,
1932 4793 2102 4871 cognatae
2118 4782 2232 4853 virtu.

208 4908 294 4953 vero
312 4873 578 4957 auxiliumDei,
599 4897 674 4941 non
691 4872 806 4941 solum
821 4871 974 4942 iuvantis
991 4873 1195 4964 corSpiritu
1247 4894 1298 4950 tes
1325 4882 1555 4973 colligantur,
1598 4896 1638 4952 ut
1662 4908 1720 4953 eas
1748 4907 1938 4973 agnoscere
1968 4896 2002 4951 et
2032 4883 2230 4976 intelligere

210 4997 353 5066 sancto,
379 4982 441 5052 sed
455 4979 561 5048 etiam
575 4974 808 5067 gubernantis
823 4973 967 5057 exitum,
994 4976 1110 5047 dantis
1126 4977 1196 5045 lae·
1248 4985 1443 5069 discamus,
1469 4998 1505 5054 et
1519 4987 1639 5079 aliquo
1653 4988 1760 5055 modo
1778 4988 1824 5053 ad
1837 5010 1958 5054 earum
1984 4987 2140 5057 studium
2164 5015 2232 5063 nos

245 5224 295 5291 42)
313 5223 356 5274 hic
373 5215 482 5284 quaeri]
500 5212 542 5264 stc
559 5211 609 5262 lad
622 5209 715 5274 Mt
739 5209 789 5260 Ed.
804 5209 879 5260 taso.
897 5209 993 5272 quaeri
1011 5211 1062 5263 hic.
1283 5237 1331 5303 45)
1350 5240 1392 5300 qd]
1412 5239 1452 5288 sic
1469 5239 1519 5290 Eg
1534 5238 1629 5302 ,5454
1654 5239 1688 5286 ,h
1706 5237 1755 5287 Ed·
1770 5238 1842 5288 15⁴6.
1861 5239 1950 5287 agen,

247 5328 297 5387 ⁴³)
314 5317 520 5390 'mimimo
539 5313 581 5364 ⁵¹⁰
597 5311 648 5366 Ed,
662 5311 754 5378 ¹⁸⁶⁶
771 5312 807 5368 ’ω
824 5311 876 5370 Ed·
891 5311 967 5363 Μ’
985 5313 1072 5364 dem·
1284 5344 1331 5409 46)
1351 5345 1494 5395 Fortitudo
1518 5345 1612 5408 togata
1636 5342 1654 5391 i.
1674 5355 1699 5403 q,
1724 5342 1856 5393 fortitudo
1884 5341 2047 5402 domesticu,
2086 5343 2233 5404 opponitur

247 5428 296 5493 44)
315 5424 395 5480 cont.
413 5436 441 5485 p.
453 5419 512 5472 445.
530 5419 596 5468 note
610 5415 651 5466 to.
1319 5415 1441 5466 selum,
