4544 5766
64 214 131 295 ttt

61 389 158 460 sisset
186 388 375 482 stipulatio
404 388 509 461 et'sit
536 392 781 484 compensatio
805 394 991 462 moderata
1019 404 1054 462 et

61 515 189 586 aequa.

160 627 262 698 llaec
295 627 388 715 dixi,
424 643 465 700 ut
497 654 666 700 moneam
690 631 888 715 studiosos,
922 644 962 703 ut
983 631 1053 703 dis-

59 744 209 801 cernant
250 755 377 802 usuras
410 757 430 801 a
466 733 640 824 petitione
673 732 766 818 eius,
810 736 907 827 quod
941 735 1050 804 inter-

58 848 117 905 est.
174 833 301 928 Quare
315 860 391 904 non
413 848 497 906 sunt
509 837 735 905 damnandae
751 835 826 906 sine
845 837 1051 907 discrimine

59 960 190 1007 omnes
204 937 471 1022 mutuationes,
497 937 535 1008 in
559 939 688 1033 quihus
707 935 820 1037 biffi),
847 941 910 1034 qni
923 953 1049 1019 mutuo

57 1041 165 1122 dant,
200 1039 420 1131 stipulantur
452 1040 578 1135 quanti
607 1042 756 1111 interest
785 1053 867 1111 ante
896 1067 1049 1114 moram.

56 1142 147 1215 Nam
165 1143 257 1211 boni
265 1141 335 1211 viri
349 1167 388 1212 re
403 1138 552 1214 honesta
562 1145 652 1213 bene
661 1143 883 1237 utipossunt.
915 1145 1049 1240 Estque

56 1238 167 1315 iubis
190 1245 344 1336 negotiis
365 1246 454 1315 illud
476 1246 583 1316 etiam
607 1245 925 1333 considerandum,
951 1251 1049 1344 quod

56 1346 189 1418 sufficit
208 1343 344 1418 habere
369 1350 591 1441 probabilem
614 1349 813 1436 rationem,
841 1363 876 1419 et
900 1376 1048 1421 consen-

56 1456 203 1520 taneam
226 1450 373 1543 legibus.
438 1451 532 1545 Quia
556 1452 734 1536 medium,
767 1465 936 1545 utsupra
963 1454 1048 1538 dixi,

54 1550 165 1624 habet
186 1553 348 1649 aliquam
368 1552 606 1627 latitudinem.
658 1556 727 1625 Sed
749 1581 829 1626 cum
851 1557 1047 1649 probabilis

55 1657 150 1725 ratio
165 1657 361 1740 reclamat,
385 1669 462 1726 tum
479 1671 618 1728 constat
635 1660 790 1728 officium
812 1661 1047 1729 mutuationis

55 1773 199 1831 tautum
223 1761 270 1829 ad
293 1770 480 1853 quaestum
504 1762 678 1845 conferri,
706 1761 788 1857 quia
804 1761 843 1829 in
857 1763 1047 1855 emptioni-

54 1864 123 1933 bus
137 1858 303 1932 honestis
317 1862 377 1930 illa
400 1863 552 1955 pecunia
573 1876 713 1934 tautum
736 1864 828 1933 lucri
847 1889 922 1934 non
944 1889 1046 1957 pare-

55 1979 126 2036 ret.
173 1964 253 2035 llos
270 1976 437 2059 quaestus
453 1967 574 2058 palam
592 1981 741 2060 apparet
756 1967 939 2037 usurarios
961 1993 1046 2039 esse.

54 2069 148 2139 Sunt
174 2081 295 2138 autem
313 2092 443 2138 usurae
467 2069 619 2140 iniustae
641 2083 790 2162 proptor
813 2072 943 2161 multas
965 2096 1046 2140 cau-

50 2197 129 2255 sas,
166 2171 254 2266 quia
278 2171 317 2239 in
332 2171 382 2240 eis
397 2195 473 2241 non
487 2185 652 2244 servatur
673 2173 887 2267 aequalitas:
925 2164 1045 2244 foene-

51 2287 157 2344 rator
180 2274 277 2344 enim
295 2273 422 2367 recipit
444 2288 596 2361 sortem,
621 2287 658 2344 et
675 2267 784 2368 'supra
807 2289 941 2345 sortem
962 2303 1046 2348 usu-

50 2402 154 2462 ram,
183 2402 253 2472 pro
275 2402 347 2472 qua
366 2372 457 2446 nihil
482 2379 591 2450 dedit.
643 2376 731 2447 Item
754 2379 891 2449 facilius
912 2393 964 2449 est
983 2406 1045 2471 pe·

50 2480 201 2551 cuniam
223 2480 274 2550 sic
294 2493 420 2551 mutuo
444 2481 549 2563 dare,
591 2506 699 2576 quam
726 2483 885 2550 conferre
910 2483 948 2550 in
973 2509 1044 2551 em-

50 2585 242 2677 ptionem,
269 2594 305 2652 et
320 2582 455 2652 accedit
471 2583 596 2675 ingens
613 2596 798 2654 etcertum
816 2585 967 2655 lucrum.

154 2719 420 2790 Foeneratores
436 2719 532 2808 enim
546 2746 622 2790 non
637 2721 813 2792 sustinent
833 2720 1044 2813 periculum,

56 2837 94 2893 et
120 2847 234 2915 saepe
268 2824 358 2893 alter
388 2824 431 2891 de
459 2822 522 2891 illa
553 2825 705 2917 pecunia
735 2818 827 2892 nibil
858 2822 1044 2893 lucrifacit.

51 2927 150 2997 llaec
168 2925 410 3020 inaequalitas
432 2949 536 2996 causa
560 2939 629 3011 est,
656 2952 766 3021 quare
790 2951 919 2997 usurae
941 2925 1043 2995 facile

55 3026 275 3101 exhauriant
297 3027 431 3098 alienas
446 3029 640 3101 facultates.
691 3027 776 3099 ldeo
795 3029 884 3099 Cato
901 3053 1044 3120 eompa-

55 3132 146 3203 ravit
162 3157 226 3202 eas
240 3126 447 3211 homicidio,
480 3129 723 3223 Interrogatus
739 3131 833 3201 enim
850 3157 940 3227 quae
956 3143 1045 3201 esset

58 3236 194 3329 optima
224 3232 320 3304 ratio
348 3235 531 3326 parandae
559 3234 612 3303 rei
640 3235 844 3318 familiaris,
889 3260 971 3304 cum
1000 3235 1043 3302 de

61 3338 275 3429 agrimltura
292 3337 552 3428 respondisset,
579 3351 614 3407 et
629 3337 718 3408 tilius
734 3339 987 3426 interrogasset
1000 3339 1043 3404 de

59 3442 191 3512 usuris:
219 3438 327 3535 quid,
354 3439 490 3533 inquit,
518 3436 768 3509 esthominem
784 3439 968 3508 occidere?

152 3574 256 3645 Haec
277 3598 320 3643 eo
342 3574 556 3656 adiecimus,
580 3586 622 3643 ut
644 3574 914 3645 meminerimus
935 3575 1042 3644 etiam

63 3674 178 3751 inhac
194 3689 446 3747 contractuum
474 3677 637 3745 doctrina
663 3703 730 3749 nos
755 3679 944 3747 admoueri
968 3702 1043 3747 non

62 3795 193 3853 tantm
210 3782 258 3850 de
274 3781 406 3849 nostris
421 3775 654 3864 utilitatibus,
679 3784 742 3851 sed
766 3783 809 3850 de
832 3781 955 3851 officiis
978 3776 1043 3849 hu·

64 3885 240 3955 nouitatis
255 3908 298 3952 ac
311 3881 465 3964 virtutis,
491 3882 654 3952 caletica
667 3898 708 3954 ut
722 3885 898 3953 discamus
911 3886 1043 3954 referre

65 3989 212 4060 artiones
233 3998 376 4057 nostras
396 3986 442 4053 ad
467 3985 619 4055 aliorum
643 3987 853 4072 utilitatem,
891 3999 927 4056 et
948 4013 1043 4057 com-

66 4117 198 4163 rrtmem
212 4088 422 4160 societatem
440 4083 640 4160 hominum.

68 4364 113 4435 h
129 4368 186 4437 cit
206 4363 341 4435 licitus
362 4369 577 4433 contractus
594 4365 816 4452 societatis,
841 4384 926 4434 eum
947 4365 1044 4433 atter

69 4487 281 4575 ptumam,
324 4481 426 4553 alter
445 4503 582 4574 operas
603 4477 775 4576 confert,
819 4492 859 4554 et
881 4486 935 4573 is,
979 4486 1043 4577 qut

71 4610 254 4693 montom
272 4597 447 4696 confert,
467 4603 637 4694 postulet
651 4605 748 4678 terere·
764 4611 919 4696 partem
938 4605 1041 4675 solvo

461 4724 637 4816 capitali.

151 4905 286 4978 Variae
303 4918 387 4975 stmt
402 4904 579 4977 societatis
594 4908 744 4999 speeies,
771 4909 832 4978 sed
846 4909 979 4978 multae
994 4907 1040 5003 ¹⁵¹)

10 5060 23 5087 .
79 5030 107 5079 tt
126 5006 192 5080 bar
217 5011 337 5079 forma
360 5007 512 5079 iudicari
539 5024 706 5101 possunt,
741 5036 848 5104 quam
870 5013 909 5082 in
934 5036 1039 5106 quae-

10 5214 12 5225 .
78 5111 302 5207 dioneposui.
352 5110 568 5204 Approbant
588 5125 707 5183 autem
730 5114 823 5204 leges
839 5109 935 5184 batiae
957 5138 1040 5185 con-

80 5262 258 5289 Ὰ--υ-η

10 5391 17 5401 .
101 5344 141 5407 υ)
153 5348 193 5413 n]
209 5350 250 5402 nto
264 5350 316 5404 ro.
337 5349 429 5411 usca
451 5351 523 5401 sao.
541 5351 617 5402 csse.
637 5355 667 5402 et
686 5351 761 5405 sato.
780 5350 828 5400 nt

106 5446 145 5508 &tt
155 5454 271 5517 ntus]
289 5454 331 5504 nc
347 5452 400 5506 ro.
418 5453 512 5520 cass,
536 5454 606 5507 sco.
627 5454 703 5507 tace
720 5458 748 5507 a
767 5454 843 5506 taso.
860 5456 953 5511 nutes

624 215 651 293 l.
682 216 1034 293 rnunsorfflas
1055 214 1273 290 MOlthS
1295 210 1524 290 ΕΡΙἸῸΜΕ.

2014 213 2093 293 tte

1104 403 1277 476 tractum,
1302 354 1428 485 inquo
1446 390 1536 460 alter
1551 390 1689 461 confert
1703 391 1913 482 pecuniam,
1938 400 1975 459 et
1991 389 2089 459 salvo

1105 495 1247 586 capitali
1261 495 1350 586 petit
1364 492 1453 564 lueri
1468 504 1628 584 partem,
1655 494 1746 563 alter
1762 519 1890 587 operas
1907 493 2054 562 confert.

1201 630 1254 701 lta
1272 632 1368 701 enim
1381 630 1566 701 manifeste
1584 630 1687 699 docet
1704 645 1818 702 textus
1839 631 1877 700 in
1894 629 2090 700 Institutio·
2168 702 2176 708 ,

1103 733 1207 805 nibus
1230 736 1273 803 de
1297 736 1483 820 societate,
1510 730 1566 802 his
1582 733 1716 803 verbis:
1752 735 1845 806 Nam
1870 733 1975 804 etita
2000 731 2090 802 coiri

1102 862 1204 929 posse
1228 837 1432 908 societatem
1460 862 1535 906 non
1566 834 1769 922 dediitatur,
1808 852 1848 907 ut
1871 839 1960 907 alter
1982 860 2088 926 pecu-

1101 940 1200 1010 niam
1219 943 1398 1025 conferat,
1425 940 1515 1009 alter
1533 963 1609 1007 non
1623 941 1804 1023 conferat,
1831 952 1866 1009 et
1889 955 2009 1009 tamen
2032 939 2086 1006 ln-

1102 1068 1202 1112 crum
1224 1044 1317 1113 inter
1341 1069 1401 1114 eos
1426 1067 1614 1112 commune
1636 1042 1700 1127 sit,
1741 1042 1825 1137 quia
1849 1066 1954 1136 saepe
1977 1066 2085 1133 opera

1101 1144 1248 1216 alicuius
1262 1172 1329 1238 pro
1347 1146 1497 1239 pecunia
1515 1145 1609 1214 valet
1622 1143 1681 1239 ⁶⁵).
1731 1144 1871 1214 Deinde
1889 1159 1923 1215 et
1938 1139 2007 1212 hoc
2024 1143 2086 1211 ad·

1101 1250 1256 1319 dendum
1273 1262 1340 1319 est:
1367 1273 1441 1318 non
1458 1248 1604 1317 vitiatur
1619 1242 1678 1316 bic
1699 1261 1920 1333 contractus,
1947 1244 2086 1316 etiamsi

1101 1353 1190 1421 alter
1210 1352 1409 1444 paciscatur
1423 1352 1604 1443 ‘maiorem
1619 1350 1709 1419 lucri
1723 1365 1875 1443 partem.
1928 1350 1998 1419 Sed
2012 1344 2082 1417 boc

1100 1454 1248 1546 intelligi
1265 1455 1369 1523 debet
1385 1457 1428 1524 de
1443 1455 1556 1538 lucro,
1579 1453 1711 1523 scilicet
1727 1453 1757 1524 si
1771 1452 1930 1523 deductis
1945 1450 2086 1521 damnis

1100 1557 1277 1651 reliquum
1293 1557 1339 1627 sit
1353 1558 1509 1626 lucrum:
1535 1567 1576 1626 ut
1590 1555 1621 1625 si
1633 1555 1675 1639 is,
1702 1556 1765 1649 qui
1780 1557 1931 1625 collocat
1946 1579 2086 1647 operas,

1100 1660 1312 1729 industriam
1336 1673 1371 1728 et
1393 1660 1500 1730 fidem
1516 1653 1680 1727 adhibuit
1693 1672 1864 1752 quantam
1889 1657 2030 1740 debuit,
2055 1655 2085 1726 si

1100 1777 1221 1854 postea
1237 1763 1417 1857 reliquum
1438 1775 1489 1832 est
1502 1763 1661 1846 lucrum,
1686 1761 1769 1830 lieet
1789 1761 1892 1830 alteri
1907 1760 2004 1828 iuxta
2022 1784 2085 1850 pa-

1099 1877 1192 1934 ctum
1223 1866 1400 1935 maiorem
1427 1864 1518 1933 lucri
1543 1878 1682 1956 partem
1704 1864 1803 1934 salvo
1828 1862 1971 1956 capitali
1995 1862 2085 1930 accci-

1098 1993 1194 2059 pere.
1259 1968 1323 2039 Sin
1354 1981 1474 2038 autem
1502 1967 1681 2059 praestitit
1710 1967 1768 2036 ille
1799 1965 2020 2058 diligentiam
2049 1976 2084 2034 et

1098 2073 1204 2139 fidem
1233 2083 1403 2167 quantam
1433 2071 1573 2154 debuit,
1615 2082 1649 2138 et
1673 2081 1793 2139 tamen
1814 2065 1905 2139 nibil
1925 2069 2083 2137 lucratus

1099 2186 1169 2257 est,
1202 2173 1276 2243 imo
1301 2173 1409 2243 etiam
1426 2174 1559 2241 daumo
1578 2172 1723 2242 aflectus
1747 2186 1816 2257 est,
1852 2172 1890 2240 in
1907 2168 1976 2239 boe
2001 2195 2084 2239 casu

1098 2277 1228 2345 debent
1250 2277 1447 2372 aequaliter
1466 2276 1640 2346 sustinere
1663 2276 1814 2360 damna,
1855 2300 1920 2343 nce
1943 2286 2081 2342 tantum

1097 2379 1203 2471 plecti
1216 2379 1265 2463 is,
1291 2379 1354 2473 qui
1368 2378 1556 2448 collocavit
1569 2378 1770 2470 pecuniam.

1199 2498 1268 2567 Sed
1289 2495 1348 2567 hic
1371 2497 1574 2592 quaeritur,
1600 2522 1647 2565 an
1663 2498 1702 2567 in
1717 2497 1885 2568 societate
1902 2495 2006 2563 liceat
2021 2518 2084 2584 pa·

1097 2600 1197 2684 cisei,
1224 2613 1264 2670 ut
1284 2597 1376 2669 nihil
1392 2601 1564 2670 sustineat
1584 2600 1708 2669 damni
1733 2600 1781 2682 is,
1810 2598 1872 2693 qui
1894 2596 2083 2687 pecuniam

1098 2706 1252 2785 confert,
1280 2699 1461 2775 ethaheat
1477 2703 1614 2773 salvum
1632 2702 1802 2793 capitale,
1829 2700 1970 2770 etiamsi
1991 2699 2082 2765 alter

1096 2803 1188 2875 nihil
1202 2806 1358 2876 lucratus
1375 2819 1444 2891 est,
1471 2805 1545 2874 imo
1561 2804 1668 2874 etiam
1689 2807 1822 2874 damno
1846 2792 1998 2871 affectus
2019 2811 2082 2870 est.

1096 2909 1192 2978 Haec
1215 2909 1375 3002 quaestio
1400 2908 1503 2977 valde
1521 2908 1677 2978 exercuit
1695 2908 1870 2977 doctores.
1922 2898 2015 2972 Mihi
2031 2901 2084 2970 ri-

1097 3015 1200 3082 detur
1223 3011 1253 3080 is
1276 3024 1496 3094 contractus,
1537 3012 1576 3080 iu
1600 3037 1671 3105 quo
1695 3010 1754 3080 ille
1780 3011 1824 3079 de
1850 3006 1994 3100 capitali
2015 3002 2083 3074 hoc

1096 3116 1205 3184 modo
1222 3115 1431 3206 paciscitur,
1456 3115 1594 3207 reipsa
1617 3112 1795 3183 mutuatio
1821 3135 1913 3196 esse,
1936 3134 2011 3180 non
2027 3133 2083 3177 so-

1097 3218 1216 3287 cietas.
1267 3216 1361 3288 Nam
1384 3219 1430 3285 ad
1452 3230 1618 3287 naturam
1644 3216 1821 3287 societatis
1846 3215 2002 3306 pertinet
2026 3236 2083 3281 ex·

1096 3319 1262 3414 aequatio
1279 3321 1516 3404 damnorum,
1543 3333 1579 3390 et
1593 3320 1699 3388 talem
1716 3319 1935 3400 societatem,
1958 3317 2082 3407 inqua

1096 3426 1186 3492 alter
1201 3417 1293 3490 nihil
1305 3423 1455 3513 periculi
1471 3424 1547 3492 vult
1566 3423 1758 3505 sustinere,
1786 3423 1878 3489 clare
1904 3417 2085 3509 improbat

1094 3529 1167 3595 lex:
1194 3525 1321 3595 Sinon
1338 3524 1547 3621 suerinttt),
1572 3524 1800 3615 Digestorum
1822 3547 1888 3613 pro
1913 3520 2009 3591 socio
2023 3516 2083 3614 ⁶⁷),

1095 3629 1158 3699 ubi
1179 3627 1319 3698 Cassius
1343 3628 1411 3712 ait,
1450 3629 1633 3696 leoninam
1656 3625 1862 3697 societatem
1889 3649 1982 3707 esse,
2020 3620 2083 3711 ubi

1096 3734 1184 3801 alter
1198 3744 1337 3800 tantum
1352 3731 1473 3814 lucra,
1500 3731 1589 3801 alter
1603 3742 1743 3801 tantum
1760 3729 1890 3797 damna
1910 3725 2051 3803 sentiat.

1196 3867 1281 3937 Dixi
1297 3879 1416 3935 autem
1432 3868 1476 3935 de
1498 3865 1722 3936 mutuatione
1745 3889 1872 3957 supra,
1899 3863 1936 3931 in
1957 3875 2082 3932 mutuo

1096 3962 1200 4039 (lebet
1219 3972 1357 4040 salvum
1380 3994 1453 4039 esse
1479 3969 1648 4061 capitale,
1687 3970 1749 4037 sed
1776 3992 1850 4035 non
1873 3967 1977 4034 debet
1999 3965 2083 4033 addi

1096 4087 1258 4165 pactum,
1294 4072 1396 4167 quasi
1419 4084 1605 4164 praetextu
1633 4069 1811 4140 societatis
1840 4091 1963 4159 parem
1992 4066 2082 4135 lucri

1095 4188 1253 4268 partem,
1291 4189 1354 4244 aut
1378 4175 1554 4243 maiorem
1574 4173 1622 4256 is,
1663 4172 1725 4266 qui
1747 4166 1839 4238 nihil
1860 4171 1983 4237 damni
2006 4169 2084 4237 rult

1095 4278 1286 4362 sustinere,
1322 4280 1566 4369 postulaturus
1587 4276 1643 4346 sit.
1707 4274 1801 4345 Nam
1833 4271 1870 4339 in
1901 4268 1970 4341 hoc
2000 4295 2083 4342 casu

1095 4381 1193 4451 nulla
1211 4394 1262 4451 est
1278 4380 1438 4451 societas.

1198 4501 1385 4570 Caeterum
1414 4498 1598 4593 quomodo
1634 4495 1680 4563 ad
1714 4507 1879 4564 mutuum
1915 4496 2081 4562 accedere

1094 4617 1212 4697 potest
1234 4617 1396 4696 pactum,
1430 4615 1470 4671 ut
1487 4600 1647 4669 solvatur
1668 4599 1803 4692 aliquid
1824 4597 1972 4666 nomine
1995 4597 2082 4677 eius,

1094 4709 1192 4804 quod
1206 4707 1370 4790 interest,
1391 4704 1419 4773 si
1445 4705 1490 4772 sit
1513 4705 1760 4785 moderatum,
1788 4713 1823 4769 et
1847 4697 1978 4770 habeat
1997 4723 2081 4791 pro·

1092 4812 1246 4880 habilem
1261 4808 1458 4890 rationem,
1486 4830 1595 4898 supra
1612 4805 1825 4874 dictumest.

1124 5044 1329 5168 &gipstlttultt
1355 5042 1433 5164 tegi}
1457 5043 1556 5094 tit.25.
1580 5041 1645 5103 Μ.
1672 5041 1769 5104 (corp.
1795 5038 1844 5091 fur.
1869 5038 1922 5091 civ.
1947 5038 1989 5088 ed.
2008 5038 2080 5087 Beck

1183 5152 1191 5167 .
1267 5150 1275 5166 .
1305 5126 1355 5174 .1³·
1404 5146 1439 5164 ..

1124 5219 1173 5277 tte)
1192 5216 1310 5276 tuertnt]
1328 5214 1380 5281 stc,
1397 5214 1477 5264 tutata
1492 5212 1566 5270 terta
1575 5210 1753 5271 Digestorum
1762 5209 1895 5273 principio
1912 5207 2081 5262 eeavcntsn—

1160 5292 1214 5353 ter,
1232 5287 1281 5336 Ed.
1303 5285 1397 5347 1538.;
1421 5283 1490 5332 Edd-
1509 5283 1585 5333 toto.
1603 5284 1631 5330 et
1651 5280 1725 5331 late.
1742 5280 1834 5329 merit.

1125 5385 1172 5453 tr)
1190 5387 1299 5451 Digest.
1318 5385 1336 5434 Ι.
1350 5384 1438 5434 xvrt.
1456 5383 1490 5430 ttt
1514 5381 1540 5431 2.
1558 5381 1630 5446 tegts
1643 5381 1685 5433 29.
1705 5381 1732 5443 S.
1744 5380 1770 5431 2.
1789 5378 1888 5445 (Corp.
1900 5379 1951 5429 tor.
1964 5377 2017 5428 etv.
2036 5379 2079 5427 cd·

1160 5459 1233 5509 Beck
1252 5457 1282 5507 Τ.
1295 5456 1316 5506 l.
1337 5454 1368 5505 P.
1382 5453 1403 5502 1.
1420 5467 1445 5515 p.
1459 5452 1547 5508 fieb).
