4544 5766
52 177 128 263 181

55 359 154 431 derio
169 373 207 430 et
221 359 355 432 laetitia
373 376 440 433 etc.
497 364 567 434 Sed
584 364 623 434 in
638 360 705 436 hac
728 366 821 450 vita,
856 366 892 436 in
914 380 1044 436 natura

55 477 225 556 corrupta
248 475 331 535 sunt
354 466 517 551 affectus,
554 468 686 559 partim
711 482 840 538 natura
865 469 973 551 boni,
1006 481 1046 538 ut

54 563 213 664 στοργαὶ
233 562 410 663 φυσικαὶ,
442 570 574 660 partim
599 571 713 663 pravi.
772 571 926 668 decessit
949 571 1043 640 enim

52 682 137 763 post
152 670 291 760 lapsum
310 672 532 762 perturbatio
550 673 706 756 ordinis,
731 687 790 759 ut,
817 673 901 743 Saul
916 675 1044 743 iniuste

54 770 155 841 dolet
171 785 320 863 propter
334 787 547 844 crescentem
559 776 707 846 Davidis
721 778 886 867 gloriam,
912 789 947 844 et
961 801 1044 868 pro-

52 886 178 966 pterea
198 887 349 945 conatur
364 902 444 946 eum
460 878 722 973 interficerem).
778 879 845 948 Hic
861 880 983 962 dolor,
1010 891 1045 945 et

54 975 236 1046 vindictae
252 978 425 1070 cupiditas
442 994 526 1049 sunt
541 981 693 1064 invidia,
721 1007 812 1075 quae
831 981 957 1051 vitiosa
980 993 1044 1062 est,

54 1091 90 1147 et
106 1079 225 1147 oritur
241 1105 282 1148 ex
298 1082 377 1151 aliis
391 1082 527 1153 vitiosis
549 1085 750 1168 affectibus,
779 1111 820 1154 ex
844 1108 966 1152 amore
989 1082 1044 1152 sui

55 1180 278 1252 inordinato.
329 1184 447 1254 Pluris
463 1211 499 1255 se
514 1187 598 1254 facit
614 1186 719 1270 Saul,
751 1213 858 1279 quam
881 1187 1045 1254 volunta-

55 1297 130 1353 tem
146 1283 215 1352 Dei
233 1297 268 1352 et
282 1286 431 1356 salutem
445 1289 581 1380 populi.
639 1290 723 1360 Non
738 1287 845 1379 igitur
862 1289 1044 1358 universa-

53 1386 139 1455 liter
155 1411 280 1456 omnes
296 1390 442 1460 affectus
457 1392 652 1460 damnandi
665 1406 765 1474 sunt,
792 1417 857 1461 nec
871 1392 1043 1459 Aristote-

51 1489 106 1559 les
122 1490 216 1558 male
233 1489 341 1576 dixit,
367 1519 445 1561 eum
461 1494 530 1576 ait,
557 1495 595 1563 in
617 1496 735 1564 anima
761 1496 829 1563 tria
855 1519 946 1576 esse,
980 1517 1044 1583 po·

54 1590 207 1676 tentias,
235 1592 378 1665 aflectus
402 1610 437 1666 et
459 1591 612 1667 habitus.
671 1598 734 1668 Est
755 1611 872 1666 antem
899 1597 1044 1665 affectus

54 1707 177 1763 motus
209 1697 326 1766 cordis
355 1712 417 1767 aut
449 1700 660 1784 voluntatis,
693 1725 843 1794 sequens
866 1697 1044 1778 notitiam,

54 1821 278 1891 prosequens
299 1812 361 1869 aut
381 1800 517 1891 fugiens
541 1803 696 1887 obiecta,
739 1804 801 1897 qui
826 1828 905 1872 cum
927 1801 1046 1869 laedat

56 1912 121 1969 aut
136 1900 284 1971 delectet
298 1916 484 1989 naturam,
510 1931 649 1999 semper
663 1906 878 1975 comitantur
898 1896 1045 1972 extremi

56 2015 197 2085 motus,
224 2005 329 2073 dolor
343 2006 437 2077 laesa
455 2021 601 2092 natura,
627 2034 689 2079 seu
705 2009 872 2090 suavitas,
899 2032 960 2077 seu
974 2007 1045 2073 lae-

57 2104 158 2191 titia,
192 2108 436 2199 acquiescente
459 2124 600 2182 natura.
661 2112 756 2180 llaec
780 2125 831 2182 est
852 2110 988 2200 integra
1011 2118 1047 2175 et

56 2232 144 2277 vera
168 2207 328 2279 delinitio
353 2212 555 2284 affectuum.
619 2212 715 2282 Boni
743 2227 845 2296 sunt,
878 2213 1046 2307 quicum

56 2310 220 2394 ratione,
251 2338 314 2383 seu
335 2313 410 2405 lege
435 2330 583 2386 naturae
606 2317 849 2397 consentiunt,
880 2328 921 2384 ut
944 2337 1046 2382 amor

55 2412 275 2500 liberorum,
306 2417 458 2487 fratrum
483 2432 547 2489 etc.
609 2419 716 2502 Mali,
750 2421 812 2513 qui
836 2417 1047 2488 dissentiunt

57 2539 79 2584 a
107 2517 267 2600 ratione,
301 2543 364 2588 seu
385 2521 460 2612 lege
483 2535 644 2592 naturae.
702 2520 929 2601 Aristoteles,
962 2518 1044 2611 quia

57 2618 150 2687 vidit
165 2643 332 2710 magnam
346 2647 420 2692 esse
444 2625 687 2695 confusionem
709 2627 898 2694 affectuum
924 2622 961 2688 in
974 2617 1046 2717 'ho-

57 2721 177 2805 mine,
203 2747 268 2790 nec
286 2747 427 2793 causam
441 2728 560 2810 novit,
582 2727 740 2797 decurrit
765 2730 810 2796 ad
831 2723 922 2795 hanc
944 2748 1046 2814 regu-

56 2824 153 2906 lam,
181 2823 272 2893 utin
296 2827 416 2897 multis
442 2829 520 2899 aliis
541 2832 646 2900 rebus
671 2830 898 2900 mediocritas
920 2851 1047 2894 conre-

57 2926 162 2995 niens
176 2939 228 2997 est
242 2941 391 2998 naturae
406 2926 581 3016 hominis,
613 2947 654 3003 ut
679 2933 716 3001 in
741 2935 877 3014 calore,
903 2929 1047 3020 frigore,

58 3029 160 3113 cibo,
192 3042 299 3122 potu,
333 3058 439 3117 voce,
472 3049 592 3121 motu,
622 3036 669 3105 ita
692 3037 815 3105 statuit
837 3033 1047 3126 generaliter

60 3133 254 3201 allectmrm
283 3135 565 3208 mediocritatem
599 3138 706 3207 etiam
730 3139 920 3208 convenire
945 3148 1046 3204 natu-

57 3259 141 3318 rae,
169 3235 320 3329 ideoque
345 3237 492 3309 virtutes
514 3241 667 3310 difinivit
690 3266 762 3312 csse
785 3239 1047 3310 mediocritates

59 3337 265 3408 affectuum.
325 3339 393 3409 Sed
409 3367 475 3411 nos
489 3346 660 3413 addamus
676 3345 713 3413 id
730 3343 961 3413 tolerabiliter
978 3340 1048 3408 dici

60 3442 106 3510 de
123 3439 307 3511 affectibus
325 3467 404 3513 cum
425 3444 565 3514 ratione
588 3447 882 3536 congruentibus,
906 3468 981 3511 non
1004 3446 1047 3512 de

58 3543 270 3634 simpliciter
285 3546 387 3616 malis
401 3560 441 3616 ut
453 3550 638 3617 moderata
658 3545 796 3648 στοργὴ
814 3572 895 3637 erga
917 3547 1048 3615 liberos

61 3659 115 3715 est
136 3647 254 3730 bona,
287 3672 362 3716 non
386 3650 604 3741 indulgentia
623 3650 753 3732 nimia;
793 3663 935 3720 econtra
958 3649 1048 3716 inri-

58 3748 120 3818 dia
136 3748 176 3817 in
192 3749 298 3819 Saule
314 3750 440 3820 vitiosa
458 3766 529 3837 est,
550 3753 624 3823 sive
639 3754 784 3824 remissa
800 3754 863 3836 sit,
896 3752 968 3821 sive
991 3778 1049 3821 vc-

60 3847 222 3921 hemens.
274 3851 368 3922 Haec
386 3869 573 3926 annotasse
590 3857 673 3927 satis
687 3855 744 3941 sit,
770 3857 858 3927 illud
874 3855 1049 3925 discamus

63 3978 107 4023 ex
129 3952 293 4023 doctrina
313 3954 510 4041 Ecclesiae,
544 3960 638 4028 unde
662 3958 733 4029 sint
753 3958 872 4030 vitiosi
892 3957 1048 4038 affectus,

60 4053 194 4126 scilicet
208 4082 251 4125 ex
264 4058 390 4126 morbo
411 4059 575 4150 originis,
602 4062 663 4156 qui
680 4074 733 4132 est
754 4061 975 4132 contumacia
997 4060 1049 4127 vi-

61 4159 156 4230 rium
190 4172 410 4229 caeterarum
439 4165 608 4234 adversus
629 4163 817 4234 rationem.
875 4163 1049 4233 Voluntas

61 4286 136 4331 non
160 4274 214 4332 est
234 4286 403 4332 conversa
426 4267 471 4334 ad
493 4265 628 4349 Deum,
669 4280 704 4335 et
725 4293 787 4336 cor
811 4280 978 4357 vagatur,
1016 4279 1049 4333 et

60 4360 171 4433 habet
185 4377 344 4434 errantes
360 4366 531 4458 impetus,
565 4393 724 4438 amorem
746 4368 860 4439 nostri
886 4367 1050 4450 nimium,

62 4467 323 4559 neglectionem
338 4467 424 4550 Dei,
451 4483 486 4538 et
499 4495 659 4540 amorem
677 4473 899 4565 voluptatum
925 4496 1050 4562 corpo-

62 4570 123 4640 ris.
191 4569 285 4637 llinc
318 4570 483 4641 oriuntur
514 4566 618 4665 pravi
651 4574 794 4645 affectus
827 4573 1049 4665 multiplices.

62 4671 201 4742 Deinde
218 4684 254 4741 et
267 4667 335 4740 hoc
348 4673 518 4758 sciamus,
545 4675 643 4769 quod
658 4677 841 4769 disciplina
862 4672 1050 4745 cohercen-

63 4787 122 4846 tur
134 4774 241 4867 pravi
258 4774 422 4860 affectus,
447 4790 488 4846 ut
502 4777 647 4847 dicitur:
675 4780 747 4850 Sub
768 4794 802 4849 te
825 4780 892 4848 erit
915 4779 1050 4870 appeti-

65 4891 120 4949 tus
135 4891 237 4960 tuus,
263 4889 298 4945 et
312 4890 350 4947 tu
364 4879 558 4950 domineris
573 4880 633 4951 eis.
700 4881 748 4950 Et
769 4908 847 4952 cum
861 4882 989 4972 'ingens
1006 4881 1051 4951 sit

65 4980 254 5050 infirmitas
276 4974 450 5064 hominis,
490 4981 668 5074 promittit
687 4981 783 5053 Deus
812 4985 981 5055 auxilium
1006 4985 1048 5052 ad

63 5085 265 5153 domandos
277 5081 423 5153 vitiosos
445 5084 606 5169 affectus,
632 5085 765 5155 scilicet
778 5085 951 5178 Spiritum
971 5110 1051 5156 san-

67 5199 183 5271 ctum,
218 5198 260 5255 ut
281 5184 414 5254 Paulus
437 5186 554 5280 inquit
576 5188 700 5282 (Rom.
719 5189 754 5272 8,
771 5188 867 5283 26.):
900 5189 1051 5282 Spiritus

101 5424 151 5484 611)
167 5421 250 5475 caut.
269 5422 292 5471 1.
307 5422 380 5470 Seu.
395 5419 438 5477 te.
454 5419 475 5469 8
486 5431 544 5482 m

72 5509 254 5572 urrann.
271 5504 377 5569 Oeen.
408 5504 493 5567 Ver..
509 5503 599 5569 XVL

328 242 332 249 -
411 186 472 264 Ill.
499 188 804 266 'ENARRATIO
835 190 966 265 amu
987 190 1060 267 lll.
1078 187 1368 267 Erfflcouuu
1399 185 1726 275 Atttswrffl&

2002 192 2085 283 θῶ

1097 362 1293 455 opitulatur
1308 362 1508 432 infirmitati
1521 376 1677 436 nostrae.
1728 363 1800 435 Sed
1812 367 1918 436 datur
1930 367 2081 459 Spiritus

1096 479 1237 536 sanctus
1250 490 1325 534 non
1342 466 1403 548 iis,
1430 466 1493 559 qui
1511 467 1632 535 laxant
1653 469 1794 537 frenum
1818 470 2083 561 cupiditatibus,

1095 572 1157 638 sed
1174 568 1237 662 qui
1258 582 1460 659 repugnant
1477 569 1545 651 eis,
1572 580 1607 637 et
1626 583 1754 659 petunt
1776 573 1966 656 auxilium,
1991 574 2083 644 sicut

1096 671 1213 765 inquit
1228 667 1389 740 Christus
1407 668 1509 764 (Luc.
1527 673 1585 754 11,
1605 672 1696 766 13.):
1731 675 1876 766 Quanto
1890 675 2001 767 magis
2019 679 2081 746 da-

1095 775 1147 843 bit
1163 773 1334 864 Spiritum
1356 786 1518 843 sanctum
1539 775 1751 865 petentibus.
1803 777 1899 845 llaec
1923 780 2011 848 scire
2035 782 2079 849 de
2155 857 2157 861 ¹

1095 878 1192 945 fonte
1215 877 1406 945 affectuum
1429 876 1639 945 vitiosorum
1665 889 1844 948 eteorum
1868 881 2080 964 frenatione,

1097 979 1180 1048 utile
1197 992 1266 1063 est,
1292 991 1327 1047 et
1342 980 1434 1049 lucta
1450 978 1524 1070 ipsa
1539 974 1621 1048 huic
1635 980 1818 1049 doetrinae
1834 983 1948 1051 lucem
1965 984 2079 1053 affert.

1095 1081 1271 1151 Homerus
1303 1082 1403 1171 fingit
1427 1078 1602 1150 Achillem
1629 1082 1759 1152 iratum
1790 1081 1925 1153 retrahi
1952 1111 1973 1153 a
1999 1087 2080 1154 Pal-

1094 1182 1247 1277 lade⁰¹),
1280 1183 1479 1273 significans
1502 1197 1720 1274 praestantes
1739 1187 1835 1256 viros
1860 1186 2080 1256 iracundiam

1095 1285 1276 1355 moderari
1298 1286 1448 1354 ratione.
1509 1287 1578 1355 Sed
1603 1288 1640 1354 in
1663 1288 1771 1357 saeris
1795 1284 1952 1359 historiis
1974 1285 2081 1359 lrabe-

1094 1414 1173 1457 mus
1200 1387 1392 1456 illustriora
1416 1390 1594 1480 exempla,
1634 1402 1674 1457 ut
1696 1387 1823 1481 loseph
1850 1392 2080 1482 repugnantis

1095 1491 1268 1559 illecebris
1288 1492 1488 1573 adulterae,
1539 1490 1687 1561 Davidis
1718 1495 1948 1584 repugnantis
1984 1495 2082 1585 cupi-

1096 1593 1199 1662 ditati
1229 1593 1425 1674 vindietae,
1458 1607 1657 1686 martyrum
1693 1594 1755 1688 qui
1790 1621 1912 1665 omnes
1946 1598 2080 1665 crucia·

1096 1709 1151 1764 tus
1166 1696 1323 1786 perferre
1346 1696 1568 1779 maluerunt,
1603 1720 1710 1788 quam
1735 1698 1882 1766 deficere
1905 1698 2081 1767 ablivan·

1097 1797 1199 1889 gelio.
1258 1795 1298 1865 ln
1321 1799 1389 1866 fure
1417 1799 1559 1867 additur
1583 1799 1794 1889 disputatio,
1830 1824 1876 1868 an
1901 1801 2080 1870 fortitudi-

1096 1925 1179 1970 nem
1195 1901 1383 1969 comitetur
1398 1901 1573 1991 voluptas.
1631 1901 1728 1969 Haec
1749 1903 1908 1996 quaestio
1933 1903 2080 1995 inexpli-

1097 2001 1218 2072 cabilis
1242 2016 1294 2072 est
1312 1999 1579 2093 philosophiae,
1613 2016 1761 2095 propter
1785 2018 1934 2074 naturae
1959 2030 2080 2075 corru-

1096 2107 1276 2196 ptionem,
1302 2118 1464 2195 utsupra
1482 2106 1615 2175 dictum
1633 2120 1695 2177 est.
1752 2106 1829 2176 Etsi
1851 2109 1946 2176 enim
1970 2108 2081 2178 virtu·

1097 2208 1349 2282 temcomitari
1364 2209 1543 2299 praemia,
1570 2209 1809 2302 tranquillitas
1836 2223 1871 2278 ct
1894 2210 1963 2279 alia
1985 2237 2082 2279 com·

1096 2312 1205 2380 moda
1221 2311 1415 2394 debebant,
1442 2324 1562 2379 tamen
1579 2311 1614 2377 id
1629 2337 1703 2379 non
1718 2313 1757 2380 fit
1771 2312 1809 2379 in
1827 2308 1892 2380 hac
1910 2315 2081 2404 deprava-

1098 2414 1195 2481 tione
1213 2425 1374 2482 naturae.
1425 2409 1652 2504 Prophetae,
1672 2427 1707 2482 et
1722 2414 1826 2482 multi
1839 2416 1928 2483 bene
1951 2416 2082 2499 meriti,

1097 2516 1325 2596 Palamedes,
1365 2515 1546 2597 Socrates,
1585 2517 1774 2584 crudeliter
1808 2516 2082 2600 interficiuntur,

1098 2618 1135 2684 in
1151 2613 1205 2686 his
1219 2618 1383 2707 voluptas
1400 2642 1473 2685 non
1489 2616 1680 2695 comitatur
1704 2621 1883 2688 virtutem.
1944 2620 2081 2689 Aristo-

1097 2721 1182 2788 teles
1195 2719 1369 2810 praecidit
1387 2720 1650 2813 quaestionem,
1675 2719 1858 2814 inquiens,
1885 2744 1960 2790 non
1981 2720 2081 2791 cuili-

1096 2824 1157 2892 bet
1172 2821 1297 2890 virtuti
1310 2823 1474 2891 comitem
1495 2847 1567 2891 esse
1584 2823 1815 2914 voluptatem,
1841 2823 1925 2916 quia
1941 2835 2083 2916 oportet

1098 2938 1192 2994 reete
1212 2926 1326 2993 facere
1352 2924 1458 2992 etiam
1482 2926 1557 2994 sine
1581 2937 1742 3016 respectu
1767 2925 1949 2996 mercedis.
2009 2924 2083 2994 Alii

1098 3028 1147 3097 sic
1168 3027 1346 3109 dicerent,
1387 3028 1505 3096 maior
1527 3027 1631 3096 dolor
1651 3040 1740 3097 esset
1759 3028 1875 3096 bonae
1901 3028 2013 3097 menti
2042 3052 2084 3098 ex

1098 3131 1194 3197 mala
1228 3129 1463 3213 conscientia,
1511 3155 1618 3223 quarn
1655 3155 1696 3199 ex
1730 3131 1890 3222 corporis
1926 3130 2084 3200 interitu.

1098 3232 1270 3301 Doctrina
1289 3227 1480 3302 christiana
1496 3233 1595 3300 facile
1611 3228 1702 3301 hanc
1717 3233 1961 3325 quaestionem
1976 3232 2085 3325 expli-

1100 3347 1171 3417 cat,
1199 3358 1289 3427 quae
1303 3337 1423 3416 docet,
1451 3359 1513 3403 cur
1527 3334 1683 3403 Ecclesia
1702 3335 1857 3405 subiecta
1875 3335 1920 3404 sit
1937 3337 2030 3406 cruri
2046 3335 2085 3403 in

1099 3433 1166 3505 hac
1183 3437 1274 3520 vita,
1302 3449 1336 3505 et
1351 3437 1538 3526 pollicetur
1551 3440 1669 3506 futura
1685 3437 1857 3527 praemia.
1914 3437 2010 3506 Rara
2032 3449 2085 3507 est

1100 3538 1228 3607 eximia
1246 3540 1357 3607 virtus
1375 3537 1522 3631 iltiustt)
1541 3539 1678 3627 generis
1701 3540 1738 3605 in
1762 3536 1987 3622 hominibus,
2020 3564 2085 3607 nec

1100 3642 1247 3727 existere
1263 3653 1395 3730 potest,
1422 3642 1490 3710 nisi
1506 3642 1623 3710 adsint
1640 3641 1774 3710 semina
1798 3637 1932 3710 heroici
1955 3653 2084 3724 motus,

1099 3770 1162 3814 seu
1185 3739 1341 3837 φυσικαὶ
1364 3739 1503 3836 ἀρεταί.
1554 3745 1755 3813 Alexander
1780 3757 1831 3812 est
1852 3743 1973 3827 fortis,
2000 3743 2083 3837 quia

1099 3847 1138 3914 in
1152 3857 1270 3914 mente
1285 3857 1336 3914 est
1351 3845 1470 3914 iudicii
1488 3847 1748 3939 perspicacitas,
1775 3872 1866 3940 quae
1885 3846 1995 3937 magis
2012 3870 2085 3913 cer-

1099 3949 1172 4032 nit,
1199 3973 1305 4042 quam
1322 3948 1470 4031 caeteri,
1504 3965 1676 4043 quantum
1696 3952 1799 4019 decus
1814 3949 1877 4031 sit,
1911 3949 2084 4036 gnberna-

1101 4065 1215 4120 torem
1229 4052 1344 4119 facere
1362 4051 1535 4135 officium,
1568 4079 1632 4122 nec
1650 4053 1776 4120 dedere
1792 4077 1828 4119 se
1843 4050 2022 4140 ignauiae,
2049 4060 2084 4116 et

1101 4155 1138 4222 in
1153 4153 1335 4223 voluntate
1352 4167 1404 4223 est
1419 4149 1606 4225 vehemens
1629 4178 1732 4222 amor
1756 4149 1860 4221 huius
1887 4151 2026 4219 virtutis
2050 4163 2084 4219 et

1100 4253 1393 4349 pulchritudinis,
1431 4257 1612 4340 videlicet,
1648 4280 1738 4350 quae
1761 4254 1873 4322 estin
1898 4253 1989 4321 bene
2010 4278 2083 4322 me-

1100 4361 1213 4429 rendo
1230 4359 1267 4426 iu
1283 4358 1466 4427 communi
1487 4358 1581 4444 vita,
1615 4370 1650 4425 et
1674 4357 1837 4425 iuvandis
1861 4355 1957 4437 aliis,
1991 4368 2025 4423 et
2046 4355 2085 4425 in

1102 4464 1208 4531 corde
1237 4459 1413 4550 singulare
1443 4460 1553 4529 robur
1581 4471 1648 4542 est,
1693 4483 1738 4526 ne
1767 4459 1869 4527 facile
1901 4458 2084 4548 frangatur

1100 4562 1346 4656 praesentibus
1362 4563 1577 4645 terroribus,
1603 4563 1652 4629 ita
1668 4561 1825 4653 singulae
1841 4573 1960 4652 partes
1982 4583 2083 4630 suam

1102 4665 1299 4735 naturalem
1324 4664 1396 4731 vim
1420 4659 1563 4735 habent.
1622 4663 1722 4735 Talis
1742 4664 1914 4733 fortitudo
1928 4660 1997 4730 Dei
2021 4663 2084 4730 do-

1101 4794 1208 4851 num,
1235 4780 1269 4836 et
1293 4766 1420 4835 eximia
1444 4766 1555 4837 virtus
1578 4778 1640 4837 est.
1700 4767 1792 4836 Sunt
1814 4779 1932 4835 autern
1953 4764 2083 4856 gradus

1102 4871 1209 4940 etiam
1225 4869 1263 4937 in
1277 4871 1537 4961 praestantibus
1551 4870 1638 4940 viris
1660 4869 1865 4953 dissimiles,
1898 4881 2021 4960 postea
2045 4865 2083 4935 in

1101 4972 1235 5065 populo
1250 4995 1378 5063 magna
1394 4972 1582 5044 infirmitas
1599 4985 1668 5056 est,
1701 4972 1815 5042 anniti
1832 4983 1950 5040 tamen
1967 4968 2084 5060 singu·

1101 5078 1155 5146 los
1171 5087 1329 5167 oportet,
1361 5088 1401 5143 ut
1415 5075 1571 5171 aliquam
1585 5071 1741 5145 babeant
1756 5070 1861 5143 huius
1875 5071 2016 5142 virtutis
2032 5070 2086 5138 in-

1104 5175 1350 5260 choationem,
1392 5176 1477 5272 quia
1507 5177 1672 5248 omnibus
1705 5201 1794 5268 opus
1822 5187 1875 5245 est
1898 5170 2086 5267 praecipue

1111 5385 1119 5401 .
1137 5349 1186 5405 et)
1206 5347 1283 5396 Hon-
1300 5346 1333 5395 ll.
1347 5345 1369 5410 1,
1390 5347 1439 5394 194
1453 5359 1512 5409 sqq.

1138 5418 1187 5476 62)
1208 5415 1298 5477 itlius]
1312 5414 1354 5466 sic
1372 5415 1421 5466 Ed.
1439 5414 1534 5474 luds
1556 5413 1607 5465 Ed.
1625 5411 1700 5464 1515.
1720 5410 1812 5461 ullius.

1427 5485 1476 5558 23
