4544 5766
123 172 218 246 1011
476 210 485 226 ι
685 162 808 240 nnn.
841 162 956 240 una.
987 159 1189 238 serum
1220 146 1556 242 rmonoctoe'
1602 145 1609 164 '
1631 180 1634 185 ·
1659 170 1680 205 -·
2032 150 2129 238 ton

123 342 331 447 detrimenti
352 352 504 434 caperet.
561 337 639 409 Hoc
664 339 967 410 senatusconsulto
992 339 1101 408 daba-
1250 342 1428 436 Sequitur]
1459 338 1658 411 Secundum
1682 336 1941 432 praeiudicium
1963 335 2010 406 dc
2032 356 2131 406 sma-
2182 390 2184 401 .

123 459 183 520 tur
204 471 343 517 summa
361 456 516 536 potestas
539 442 741 513 consulibus
761 439 915 512 habendi
935 443 1101 525 delectus,
1151 444 1392 526 tusconsulto,
1432 467 1505 536 qno
1534 443 1720 513 videbatur
1757 444 1945 512 damnatus
1983 453 2019 509 et
2050 461 2131 530 pro-¹

126 550 235 621 armis
258 545 485 640 opprimendi
506 545 613 615 etiam
633 546 708 618 siue
728 545 860 616 iudicio
881 569 952 627 eos,
978 547 1103 614 adver·
1152 545 1302 637 scriptus
1322 544 1424 615 Milo.
1476 545 1645 637 Quaestio
1669 569 1743 614 non
1763 544 1883 633 statim
1904 544 2129 621 condemnat,

125 678 185 725 sus
225 675 314 745 quos
351 651 483 718 facturn
522 661 600 718 erat
632 648 985 719 senatusconsultum.
1060 641 1103 714 ln
1152 650 1214 719 sed
1243 649 1390 741 praebet
1419 659 1630 739 potestatem
1654 646 1873 743 inquirendi.
1978 644 2130 735 Caedem]
2183 732 2184 739 ἵ

126 777 278 836 summa,
302 751 416 822 simile
439 750 611 845 quiddam
631 763 708 820 erat
726 750 990 843 proscriptioni,
1016 772 1104 843 qua·
1153 749 1284 822 scilicet
1297 749 1413 820 Clodii
1427 750 1624 843 propositio
1639 746 1981 842 huiuspraeiudieii.
2048 748 2132 818 Con·

127 858 171 927 lis
194 879 290 925 nune
311 866 383 938 est,
409 879 489 924 cum
512 854 707 945 imperator
729 854 926 945 principem
948 853 1103 946 aliquem
1153 865 1209 925 tra
1231 856 1483 946 rempublicam]
1515 853 1551 923 id
1584 865 1655 936 est,
1689 879 1761 924 esse
1789 851 2023 934 seditionem,
2062 871 2132 917 esse

127 957 328 1053 proscribit.
378 956 481 1026 Talia
506 968 608 1025 erant
635 980 738 1048 saepe
759 948 1104 1026 factasenatuscon-
1154 957 1226 1023 vim
1249 956 1417 1025 iniustam
1445 969 1479 1024 et
1503 956 1707 1047 capitalem,
1738 955 1910 1026 Milonem
1933 976 2008 1023 esse
2033 974 2134 1020 reum

128 1062 220 1134 sulta
243 1071 367 1130 contra
391 1059 597 1143 seditiosos,
629 1072 670 1129 ut
700 1071 822 1127 contra
848 1058 1037 1127 Catilinam
1070 1068 1106 1124 et
1154 1060 1268 1128 laesae
1289 1058 1503 1142 maiestatis,
1539 1060 1596 1128 vel
1618 1059 1792 1128 Milonem
1816 1059 1862 1128 ob
1888 1061 1966 1126 cam
1991 1075 2133 1123 causam

128 1164 271 1236 similes.
294 1203 298 1215 .
322 1159 406 1232 ldeo
435 1186 515 1232 cum
536 1165 703 1231 adversus
718 1161 890 1229 Milonem
913 1162 982 1228 tale
1004 1182 1105 1229 sena·
1156 1159 1440 1256 exbannitumffi)
1456 1174 1491 1229 et
1504 1165 1742 1253 proscriptum
1757 1187 1843 1232 esse.
1930 1159 2033 1229 Illum
2046 1155 2134 1245 vero]

127 1264 386 1338 tusconsultum
399 1265 580 1335 videretur
592 1266 724 1334 factum
737 1289 823 1346 esse,
841 1262 985 1332 Milonis
1001 1284 1105 1330 causa
1155 1264 1286 1334 scilicet
1303 1265 1458 1334 caedem.
1497 1261 1678 1335 Infitiatio.
1717 1263 1832 1356 Negat
1847 1260 1941 1330 enirn
1959 1259 2133 1328 Milonem

128 1369 233 1438 valde
258 1369 580 1459 praegravabatur,
606 1364 803 1436 habebatur
820 1390 886 1457 pro
902 1362 1019 1461 ηοω)
1035 1365 1106 1432 lae·
1157 1390 1177 1434 a
1192 1379 1317 1436 senatu
1332 1367 1606 1437 condemnatum
1619 1366 1738 1438 fuisse.
1840 1364 1993 1455 Studiis]
2008 1361 2136 1432 scilicet

129 1495 189 1542 sae
220 1469 431 1551 maiestatis,
467 1483 501 1539 et
530 1494 596 1562 pro
628 1469 839 1561 proscripto.
888 1467 934 1536 Et
962 1464 1106 1560 quidem
1156 1469 1349 1539 favoribus.
1397 1467 1634 1539 Avoluntate
1664 1481 1825 1552 senatus,
1860 1489 1968 1559 quam
1997 1466 2137 1534 decreto

129 1572 322 1664 Pompeius
345 1573 535 1642 autoritate
565 1567 670 1644 huius
700 1570 995 1641 senatusconsulti
1024 1593 1108 1638 con·
1159 1572 1320 1664 opponit.
1420 1574 1622 1666 Desierunt]
1639 1571 1852 1641 Ambustum
1870 1580 1974 1637 vocat
1990 1577 2136 1659 propter

130 1676 269 1767 scripsit
299 1675 491 1745 exercitum
523 1687 647 1745 contra
681 1675 874 1756 Milonem,
913 1674 973 1743 sed
1002 1667 1108 1741 huius
1158 1677 1338 1744 incensam
1375 1674 1522 1744 curiam.
1575 1677 1578 1683 ’
1630 1671 1890 1766 intermortuae]
1930 1669 2066 1741 scilicet
2099 1677 2136 1736 nt

131 1777 425 1850 senatusconsulti
453 1777 681 1847 acerbitatem
712 1802 808 1847 novo
838 1789 913 1845 turn
947 1773 1107 1865 exemplo
1159 1791 1300 1847 senatus
1321 1776 1575 1847 condemnaret
1590 1775 1775 1847 Milonems
1874 1767 2138 1863 Immensae]

130 1881 234 1951 leniit
247 1879 451 1972 Pompeius.
502 1880 651 1949 Addidit
666 1880 774 1963 enim,
798 1891 909 1949 utres
923 1899 1109 1967 cognosce·
1160 1880 1194 1948 id
1226 1892 1298 1963 est,
1341 1880 1689 1963 contemnebantur„
1721 1879 1797 1960 vel,
1832 1873 1925 1946 nihil
1955 1871 2136 1944 habebant

130 1996 248 2066 retur,
275 2006 316 2050 ac
339 1982 567 2052 iudicaretur.
616 1982 751 2052 Verum
769 1981 810 2049 in
830 1976 900 2049 hoc
914 1977 1110 2048 extraordi-
1161 1981 1372 2051 autoritatis.
1476 1985 1568 2066 Quae
1591 1984 1739 2077 quidem]
1766 1978 1956 2076 Concessio
1981 1978 2137 2068 interpo-

131 2086 236 2156 nario
259 2083 391 2154 iudicio
412 2084 492 2175 plus
520 2083 669 2175 periculi
697 2080 883 2153 habiturus
911 2093 986 2152 erat
1007 2080 1110 2162 Milo,
1160 2085 1227 2155 sita
1251 2085 1465 2153 minuendae
1489 2084 1645 2153 invidiae
1668 2108 1785 2154 causa.

133 2196 243 2283 quam
274 2186 305 2257 si
334 2210 390 2256 res
422 2186 562 2277 cognita
595 2199 684 2256 esset
717 2186 897 2256 ordinaria
928 2184 1007 2267 via,
1048 2181 1110 2252 ubi
1261 2183 1292 2276 ᾗ.
1310 2187 1369 2256 13.
1395 2192 1494 2258 Hane
1513 2210 1591 2258 oeru
1615 2187 1855 2284 quaestionem]
1879 2185 2014 2257 scilicet
2031 2203 2136 2274 quam

132 2290 254 2360 valent
273 2289 406 2358 multae
425 2291 657 2380 exceptiones,
682 2289 816 2381 negotii
829 2286 1111 2380 prorogationes,
1162 2290 1344 2359 constituit
1359 2288 1569 2381 Pompeius,
1594 2301 1635 2358 ut
1650 2314 1746 2359 novo
1762 2290 1922 2381 exemplo
1936 2285 2139 2364 haberetur,

132 2393 249 2462 studia
265 2391 480 2476 amicorum,
507 2392 592 2461 novi
607 2392 843 2483 magistratus.
894 2390 1113 2479 Praegrave·
1161 2392 1352 2474 iudicium,
1385 2393 1460 2475 vel,
1494 2406 1534 2462 ut
1554 2391 1773 2462 iudicaretur
1794 2394 1851 2461 vel
1876 2395 2139 2482 dignosceretur

133 2496 239 2565 batur
259 2494 367 2585 igitur
382 2494 471 2562 Milo
496 2494 651 2585 primum
674 2492 969 2565 senatusconsulti
983 2489 1113 2560 atrocis
1163 2519 1265 2565 causa
1289 2495 1446 2566 Milonis.
1545 2499 1726 2589 Nunquam
1748 2496 1876 2588 tamen]
1902 2494 1938 2563 id
1962 2504 2030 2578 est,
2054 2483 2140 2558 nihil

134 2598 267 2689 specie,
301 2621 379 2667 curn
412 2592 602 2667 haberetur
627 2623 694 2691 pro
716 2598 927 2689 proscripto.
978 2592 1113 2662 Adver-
1163 2597 1277 2666 voluit
1308 2599 1395 2666 novi
1421 2597 1625 2688 praecipere
1654 2599 1693 2665 in
1724 2598 1952 2692 inquirendo.
2059 2595 2140 2664 Gon·

135 2700 222 2771 sarii
242 2700 337 2769 enim
357 2699 586 2790 disputabant
607 2725 688 2770 eum
710 2701 783 2769 iam
807 2702 1015 2769 damnatum
1039 2718 1112 2766 esse
1161 2701 1380 2791 miserendum]
1405 2699 1536 2771 scilicet
1550 2701 1891 2772 senatusconsultum
1905 2699 2001 2783 fecit,
2025 2717 2140 2786 neque

136 2803 326 2872 autoritate
348 2803 642 2873 senatusconsulti
666 2805 771 2873 illius.
830 2801 966 2870 Deinde
991 2800 1115 2869 oberat
1165 2802 1278 2871 voluit
1325 2802 1645 2872 extraordinarium
1690 2802 1861 2873 iudicium
1917 2801 2140 2872 constituere.

136 2905 170 2975 ei
200 2905 482 2974 extraordinaria
513 2906 680 2995 cognitio.
741 2904 927 2974 Postremo
962 2903 1114 2970 deterre·
1165 2906 1291 2997 Erunt]
1325 2904 1433 2974 Redit
1459 2907 1504 2974 ad
1530 2905 1754 2981 sententiam.
1855 2910 1951 2978 Nova
1978 2901 2141 3001 quaestio]

136 3008 268 3077 bantur
289 3008 405 3077 studia
429 3007 625 3077 amicorum
650 3021 797 3099 propter
819 3004 1033 3096 praesidium
1053 3003 1115 3071 ad·
1165 3009 1202 3075 id
1226 3020 1296 3089 est,
1321 3031 1415 3077 nova
1438 3009 1553 3076 forma
1577 3007 1712 3080 iudicii.
1810 3013 1866 3080 De
1889 3012 1985 3079 ouius
2008 3007 2068 3077 illo
2088 3008 2140 3073 in·

137 3135 259 3179 versus
274 3134 354 3179 eum
370 3110 621 3199 conscriptum.
655 3111 730 3178 Hae
747 3122 829 3179 sunt
844 3132 980 3190 causae,
1005 3127 1115 3199 quare
1165 3121 1252 3180 cesto
1272 3109 1471 3207 mumo”)]
1507 3110 1609 3204 quasi
1632 3110 1742 3180 dicat:
1782 3109 1865 3182 Non
1884 3110 1984 3180 licuit
2005 3103 2140 3178 senatui

138 3211 263 3281 Cicero
279 3224 314 3279 et
328 3213 671 3281 senatusconsultum
688 3212 776 3281 illud
790 3211 893 3280 diluit
911 3235 951 3278 ac
966 3208 1115 3298 mitigat,
1167 3215 1375 3296 decernere,
1406 3225 1448 3282 ut
1465 3214 1525 3282 ille
1551 3227 1739 3283 vocaretur
1761 3213 1800 3282 in
1824 3214 1879 3284 ius
1902 3224 2052 3306 propter
2074 3221 2141 3277 stu·

141 3326 176 3384 ct
198 3315 313 3405 ipsum
337 3314 658 3385 extraordinarium
682 3314 850 3385 iudicium
876 3308 1116 3404 reprehendit,
1167 3339 1284 3406 prum.
1334 3314 1510 3385 Acerbum
1535 3312 1688 3386 horest.
1739 3315 2008 3385 Commemorat
2035 3308 2142 3381 histo

139 3418 184 3487 de
207 3442 277 3510 quo
300 3418 411 3486 multa
441 3419 599 3510 exempla
630 3417 780 3509 colligit,
812 3417 940 3510 quibus
965 3411 1119 3484 ostendit
1168 3417 1258 3486 riam
1292 3414 1503 3490 Plutarchus
1540 3419 1578 3487 in
1624 3419 1695 3486 vita
1736 3418 1896 3489 Caesaris
1912 3418 1971 3515 ²⁴).
2079 3417 2143 3486 cur

139 3517 229 3590 nihil
253 3520 366 3590 simile
386 3521 566 3590 decretum
587 3522 693 3592 luisse
711 3520 901 3590 interfectis
917 3514 1118 3587 clarissimis
1168 3524 1275 3610 igitur
1303 3524 1508 3616 incendium]
1542 3511 1787 3615 secundam)
1816 3520 2006 3612 mitigatio.
2056 3517 2143 3587 Cum

141 3623 227 3692 viris
255 3623 437 3714 Scipione,
469 3623 587 3695 Druso
603 3625 650 3720 ⁹¹)
678 3637 714 3694 et
738 3623 834 3707 aliis,
867 3623 929 3694 sed
956 3632 1117 3690 senatum
1169 3621 1304 3690 inimici
1326 3623 1472 3694 Milonis
1503 3625 1697 3693 obiicerent
1724 3623 1870 3697 Milonis
1899 3646 2043 3693 causam
2076 3622 2144 3687 ianr

142 3725 302 3795 reiecisse
334 3750 374 3793 ea
401 3725 543 3814 negotia
575 3727 621 3795 ad
644 3728 824 3795 ordinaria
848 3724 990 3795 iudicia.
1040 3720 1120 3791 Pri·
1170 3727 1375 3793 damnatam
1397 3750 1469 3795 esse
1491 3726 1813 3810 senatusconsulto,
1853 3749 1924 3820 quo
1945 3726 2044 3794 velut
2068 3745 2146 3814 pro

142 3854 242 3898 mum
257 3828 364 3919 igitur
379 3829 570 3919 respondet
584 3829 814 3911 infitiatione,
839 3840 947 3918 negat
963 3836 1120 3895 senatus·
1170 3827 1319 3919 scriptus
1343 3827 1528 3897 videbatur
1547 3829 1648 3913 Milo,
1675 3829 1798 3899 Cicero
1822 3829 1979 3921 primum
2005 3849 2148 3917 respou-

131 3934 345 4009 ,consultum
369 3954 441 4000 esse
465 3931 596 4000 facturn
620 3932 860 4001 consentiente
879 3941 1022 4010 senatu,
1059 3928 1120 3996 sed
1171 3931 1224 3999 dit
1254 3955 1318 4022 per
1348 3930 1615 4016 infitiationem,
1656 3934 1753 4026 quod
1791 3945 1933 4002 senatus
1961 3951 2147 4023 nunquam

144 4037 249 4106 docet
273 4046 434 4105 senatum
458 4033 635 4125 principio
659 4036 883 4103 adversatum
914 4055 986 4101 csse
1017 4026 1121 4096 vehe-
1173 4031 1368 4102 decreverit
1412 4034 1593 4103 communi
1627 4059 1819 4118 consensu,
1858 4033 2000 4104 eaedem
2034 4028 2148 4102 Clodii

144 4151 284 4208 menter
297 4138 349 4206 illi
362 4138 677 4207 senatusconsulto.
714 4136 851 4205 Deinde
866 4159 952 4204 vero
970 4156 1123 4200 comme·
1173 4135 1287 4203 videri
1307 4147 1429 4202 contra
1452 4137 1706 4228 rempublicam
1720 4139 1848 4206 factam
1873 4161 1958 4220 esse,
1980 4147 2149 4206 ettamen

146 4255 265 4312 morat
286 4266 359 4312 esse
380 4242 560 4334 quoddam
589 4239 929 4311 senatusconsultum
961 4235 1123 4326 generale
1174 4238 1256 4333 quia
1288 4238 1467 4330 quoddam
1500 4241 1661 4329 generale
1691 4242 1870 4309 decretum
1900 4252 1976 4310 erat
2006 4241 2150 4319 factum,

146 4344 297 4427 factum,
329 4344 427 4436 quod
457 4343 597 4435 mitigat
626 4343 810 4436 tripliciter
823 4339 904 4436 ²¹⁸).
961 4338 1124 4408 Primum
1176 4364 1264 4431 opus
1287 4340 1354 4409 luit
1368 4344 1552 4410 commoda
1573 4343 1876 4433 interpretatione.
1926 4340 2012 4411 ldeo
2027 4340 2149 4411 Cicero

150 4445 233 4538 quia
256 4447 363 4515 fuerit
384 4447 545 4535 generale
574 4446 810 4540 complectens
833 4455 1020 4535 utramque
1044 4463 1125 4530 par·
1177 4443 1275 4512 addit
1303 4443 1573 4533 mitigationem.
1635 4444 1840 4538 Tripliciter
1866 4458 1983 4516 autem
2014 4445 2152 4535 mitigat

151 4560 235 4617 tem.
298 4550 419 4640 Quare
446 4573 521 4617 non
550 4561 691 4641 poterat
721 4548 834 4618 videri
863 4546 951 4615 Milo
981 4541 1125 4634 proprie
1177 4547 1516 4617 senatusconsultum
1531 4547 1615 4645 ⁹⁴¹¹).
1671 4549 1873 4632 ·Primum,
1918 4552 2016 4643 quod
2048 4548 2152 4618 fuerit

152 4653 351 4722 damnatus.
401 4650 585 4736 Secundo,
616 4654 713 4746 quod
735 4654 863 4722 diserte
886 4646 1062 4718 addiderit
1082 4647 1126 4712 de
1179 4648 1339 4739 generale
1357 4651 1961 4747 complectensutramquepartem:
1981 4653 2064 4723 ideo
2082 4679 2151 4723 non

153 4752 343 4824 ordinariis
363 4751 513 4825 iudiciis.
563 4754 708 4839 Tertio,
735 4755 830 4849 quod
848 4778 922 4822 non
938 4750 984 4820 sit
996 4752 1127 4818 lactum

154 4857 335 4928 communi
349 4879 521 4925 consensu
534 4870 695 4941 senatus,
720 4860 779 4928 sed
799 4868 973 4925 extortum
989 4876 1053 4944 per
1067 4850 1129 4918 tri·
1214 4905 1263 4962 22)
1281 4902 1469 4964 mmmm]
1487 4905 1537 4958 M
1557 4905 1631 4956 lm
1651 4907 1736 4956 mare:
1754 4908 1936 4970 expsunttum.

153 4965 289 5033 hunum
301 4958 511 5056 quibusdam
521 4961 742 5032 senatoribus
752 4959 945 5029 Clodianae
956 4953 1129 5026 factionis.
1213 4991 1263 5049 2³)
1282 4992 1325 5043 m
1342 4990 1426 5040 wrm
1443 4991 1495 5040 nto
1513 4992 1622 5043 tneesro
1638 4994 1755 5057 stupro]
1773 4994 2151 5061 sensumsensurn.

1251 5061 1342 5111 Cotus
1359 5059 1437 5110 enlm
1454 5061 1488 5111 de
1504 5062 1556 5111 ttto
1574 5064 1683 5112 torreto
1700 5065 1810 5127 stupro.
1856 5109 1868 5135 ,

1215 5146 1264 5204 24)
1283 5145 1353 5194 Plut.
1371 5143 1451 5195 Caes.
1469 5158 1492 5197 o.
1510 5145 1535 5195 9.
1556 5146 1595 5197 to.

190 5234 240 5292 20]
258 5231 321 5288 reo]
340 5227 388 5278 Ed.
409 5226 484 5278 ¹568.
503 5226 615 5288 typogr.
634 5234 744 5274 errore:
761 5234 803 5274 eo.
1217 5234 1286 5291 24¹³)
1303 5232 1333 5281 tu
1356 5232 1406 5284 Ed.
1433 5232 1507 5282 1888.
1531 5232 1592 5282 tute
1613 5232 1675 5283 voct
1698 5245 1795 5284 nonen
1818 5238 1940 5288 auctoris
1962 5240 2054 5305 „rnre
2078 5240 2155 5297 ΜΝ

189 5322 239 5379 91)
257 5317 336 5368 Curat.
354 5326 438 5375 supra
454 5328 480 5377 p.
498 5314 558 5364 988.
1251 5302 1399 5365 praefixum
1417 5305 1469 5352 est„

189 5403 257 5470 21¹)
276 5403 356 5456 conf.
373 5412 459 5466 supra
474 5415 499 5465 p.
517 5399 576 5451 981.
592 5395 651 5448 991.
1218 5385 1293 5448 w)
1311 5387 1389 5445 conr.
1407 5397 1492 5452 supro
1508 5402 1534 5451 p.
1552 5390 1613 5442 981.
1630 5392 1691 5447 991.
1709 5389 1801 5479 1811..Ι

152 5129 357 5148 Ρ...-
