<?xml version="1.0" encoding="UTF-8"?>
<!DOCTYPE html PUBLIC "-//W3C//DTD XHTML 1.0 Transitional//EN"
    "http://www.w3.org/TR/xhtml1/DTD/xhtml1-transitional.dtd">
<html xmlns="http://www.w3.org/1999/xhtml" xml:lang="en" lang="en">
 <head>
  <title>
</title>
<meta http-equiv="Content-Type" content="text/html;charset=utf-8" />
  <meta name='ocr-system' content='tesseract 3.04.00' />
  <meta name='ocr-capabilities' content='ocr_page ocr_carea ocr_par ocr_line ocrx_word'/>
</head>
<body>
  <div class='ocr_page' id='page_1' title='image "./corpusreformato12melagoog/corpusreformato12melagoog_0646.png"; bbox 0 0 4544 5766; ppageno 0'>
   <div class='ocr_carea' id='block_1_1' title="bbox 116 176 2156 291">
    <p class='ocr_par' dir='ltr' id='par_1_1' title="bbox 116 176 2156 291">
     <span class='ocr_line' id='line_1_1' title="bbox 116 176 2156 291; baseline 0.01 -35"><span class='ocrx_word' id='word_1_1' title='bbox 116 180 215 259; x_wconf 78' lang='lat'>1265</span> <span class='ocrx_word' id='word_1_2' title='bbox 466 184 541 257; x_wconf 88' lang='lat' dir='ltr'>XX.</span> <span class='ocrx_word' id='word_1_3' title='bbox 590 179 872 257; x_wconf 77' lang='lat' dir='ltr'>ENARRATIO</span> <span class='ocrx_word' id='word_1_4' title='bbox 903 176 1161 254; x_wconf 80' lang='lat' dir='ltr'>ORATIONIS</span> <span class='ocrx_word' id='word_1_5' title='bbox 1195 179 1442 254; x_wconf 76' lang='lat' dir='ltr'>CICERONIS</span> <span class='ocrx_word' id='word_1_6' title='bbox 1472 180 1521 257; x_wconf 87' lang='lat' dir='ltr'><strong>IN</strong></span> <span class='ocrx_word' id='word_1_7' title='bbox 1555 182 1774 259; x_wconf 83' lang='lat' dir='ltr'>PISONEM.</span> <span class='ocrx_word' id='word_1_8' title='bbox 2026 200 2123 276; x_wconf 78' lang='grc'><strong>1266</strong></span> <span class='ocrx_word' id='word_1_9' title='bbox 2154 286 2156 291; x_wconf 52' lang='grc'><strong>,</strong></span> 
     </span>
    </p>
   </div>
   <div class='ocr_carea' id='block_1_2' title="bbox 113 351 2119 3221">
    <p class='ocr_par' dir='ltr' id='par_1_2' title="bbox 116 351 2119 467">
     <span class='ocr_line' id='line_1_2' title="bbox 116 351 2119 467; baseline 0.01 -42"><span class='ocrx_word' id='word_1_10' title='bbox 116 380 183 449; x_wconf 86' lang='lat' dir='ltr'><strong>per</strong></span> <span class='ocrx_word' id='word_1_11' title='bbox 202 353 390 449; x_wconf 80' lang='lat' dir='ltr'><strong>parodiam</strong></span> <span class='ocrx_word' id='word_1_12' title='bbox 409 355 447 426; x_wconf 89' lang='lat' dir='ltr'><strong>in</strong></span> <span class='ocrx_word' id='word_1_13' title='bbox 473 357 674 427; x_wconf 79' lang='lat' dir='ltr'><strong>orationem</strong></span> <span class='ocrx_word' id='word_1_14' title='bbox 694 355 792 424; x_wconf 89' lang='lat' dir='ltr'><strong>illam</strong></span> <span class='ocrx_word' id='word_1_15' title='bbox 815 379 915 426; x_wconf 87' lang='lat' dir='ltr'><strong>suam</strong></span> <span class='ocrx_word' id='word_1_16' title='bbox 934 354 1094 422; x_wconf 87' lang='lat' dir='ltr'><strong>traducta</strong></span> <span class='ocrx_word' id='word_1_17' title='bbox 1250 353 1336 445; x_wconf 89' lang='lat' dir='ltr'><strong>Cap.</strong></span> <span class='ocrx_word' id='word_1_18' title='bbox 1358 351 1481 427; x_wconf 84' lang='lat' dir='ltr'>XXXI.</span> <span class='ocrx_word' id='word_1_19' title='bbox 1515 351 1546 447; x_wconf 93' lang='lat'><strong>5.</strong></span> <span class='ocrx_word' id='word_1_20' title='bbox 1571 357 1630 429; x_wconf 97' lang='grc'><strong>78.</strong></span> <span class='ocrx_word' id='word_1_21' title='bbox 1664 362 1734 432; x_wconf 84' lang='lat' dir='ltr'><strong>Sed</strong></span> <span class='ocrx_word' id='word_1_22' title='bbox 1761 362 1962 467; x_wconf 73' lang='lat' dir='ltr'><strong>Torquatus]</strong></span> <span class='ocrx_word' id='word_1_23' title='bbox 1990 373 2119 450; x_wconf 84' lang='lat' dir='ltr'><strong>scilicet</strong></span> 
     </span>
    </p>

    <p class='ocr_par' dir='ltr' id='par_1_3' title="bbox 116 455 1979 554">
     <span class='ocr_line' id='line_1_3' title="bbox 116 455 1979 554; baseline 0.006 -25"><span class='ocrx_word' id='word_1_24' title='bbox 116 456 188 529; x_wconf 88' lang='lat' dir='ltr'><strong>hoc</strong></span> <span class='ocrx_word' id='word_1_25' title='bbox 206 482 327 531; x_wconf 90' lang='lat' dir='ltr'><strong>sensu:</strong></span> <span class='ocrx_word' id='word_1_26' title='bbox 353 459 462 528; x_wconf 87' lang='lat' dir='ltr'><strong>Ratio</strong></span> <span class='ocrx_word' id='word_1_27' title='bbox 484 458 628 554; x_wconf 89' lang='lat' dir='ltr'><strong>quidem</strong></span> <span class='ocrx_word' id='word_1_28' title='bbox 651 470 850 550; x_wconf 87' lang='lat' dir='ltr'><strong>comparet,</strong></span> <span class='ocrx_word' id='word_1_29' title='bbox 877 459 937 528; x_wconf 90' lang='lat' dir='ltr'><strong>sed</strong></span> <span class='ocrx_word' id='word_1_30' title='bbox 958 455 1094 550; x_wconf 82' lang='lat' dir='ltr'><strong>reliqua</strong></span> <span class='ocrx_word' id='word_1_31' title='bbox 1145 480 1247 549; x_wconf 88' lang='lat' dir='ltr'><strong>posse</strong></span> <span class='ocrx_word' id='word_1_32' title='bbox 1272 456 1386 525; x_wconf 87' lang='lat' dir='ltr'><strong>edicto</strong></span> <span class='ocrx_word' id='word_1_33' title='bbox 1410 459 1597 550; x_wconf 87' lang='lat' dir='ltr'><strong>comprimi</strong></span> <span class='ocrx_word' id='word_1_34' title='bbox 1621 464 1812 534; x_wconf 78' lang='lat' dir='ltr'><strong>amentiam</strong></span> <span class='ocrx_word' id='word_1_35' title='bbox 1835 469 1979 544; x_wconf 88' lang='lat' dir='ltr'><strong>tribuni.</strong></span> 
     </span>
    </p>

    <p class='ocr_par' dir='ltr' id='par_1_4' title="bbox 116 556 2117 676">
     <span class='ocr_line' id='line_1_4' title="bbox 116 556 2117 676; baseline 0.003 -44"><span class='ocrx_word' id='word_1_36' title='bbox 116 585 198 632; x_wconf 90' lang='lat' dir='ltr'><strong>non</strong></span> <span class='ocrx_word' id='word_1_37' title='bbox 225 574 356 634; x_wconf 79' lang='lat' dir='ltr'><strong>extant.</strong></span> <span class='ocrx_word' id='word_1_38' title='bbox 406 562 560 653; x_wconf 76' lang='grc' dir='ltr'><strong>οἴχεται,</strong></span> <span class='ocrx_word' id='word_1_39' title='bbox 592 557 661 631; x_wconf 90' lang='lat' dir='ltr'><strong>hoc</strong></span> <span class='ocrx_word' id='word_1_40' title='bbox 690 574 760 642; x_wconf 87' lang='lat' dir='ltr'><strong>est,</strong></span> <span class='ocrx_word' id='word_1_41' title='bbox 798 559 904 643; x_wconf 85' lang='lat' dir='ltr'><strong>abiit,</strong></span> <span class='ocrx_word' id='word_1_42' title='bbox 938 556 1095 642; x_wconf 83' lang='lat' dir='ltr'><strong>excessit,</strong></span> <span class='ocrx_word' id='word_1_43' title='bbox 1247 559 1333 650; x_wconf 85' lang='lat' dir='ltr'><strong>Cap.</strong></span> <span class='ocrx_word' id='word_1_44' title='bbox 1355 557 1493 632; x_wconf 91' lang='lat' dir='ltr'>XXXII.</span> <span class='ocrx_word' id='word_1_45' title='bbox 1520 557 1551 651; x_wconf 93' lang='lat'><strong>5.</strong></span> <span class='ocrx_word' id='word_1_46' title='bbox 1574 562 1633 633; x_wconf 83' lang='lat'>79.</span> <span class='ocrx_word' id='word_1_47' title='bbox 1668 570 1737 657; x_wconf 71' lang='grc'><strong>1196</strong></span> <span class='ocrx_word' id='word_1_48' title='bbox 1759 571 1794 640; x_wconf 83' lang='lat' dir='ltr'>G.</span> <span class='ocrx_word' id='word_1_49' title='bbox 1818 572 2009 676; x_wconf 77' lang='lat' dir='ltr'><strong>Gaesarem]</strong></span> <span class='ocrx_word' id='word_1_50' title='bbox 2035 580 2117 652; x_wconf 68' lang='lat' dir='ltr'><strong>Pla.</strong></span> 
     </span>
    </p>

    <p class='ocr_par' dir='ltr' id='par_1_5' title="bbox 118 659 2115 764">
     <span class='ocr_line' id='line_1_5' title="bbox 118 659 2115 764; baseline 0.01 -29"><span class='ocrx_word' id='word_1_51' title='bbox 118 689 195 735; x_wconf 91' lang='lat' dir='ltr'><strong>non</strong></span> <span class='ocrx_word' id='word_1_52' title='bbox 218 676 333 747; x_wconf 80' lang='lat' dir='ltr'><strong>extat,</strong></span> <span class='ocrx_word' id='word_1_53' title='bbox 363 688 400 734; x_wconf 93' lang='lat' dir='ltr'><strong>es</strong></span> <span class='ocrx_word' id='word_1_54' title='bbox 430 663 476 735; x_wconf 87' lang='lat' dir='ltr'><strong>ist</strong></span> <span class='ocrx_word' id='word_1_55' title='bbox 503 660 799 734; x_wconf 83' lang='lat' dir='ltr'><strong>verschwunden.</strong></span> <span class='ocrx_word' id='word_1_56' title='bbox 849 660 967 732; x_wconf 88' lang='lat' dir='ltr'><strong>Verba</strong></span> <span class='ocrx_word' id='word_1_57' title='bbox 999 659 1093 730; x_wconf 85' lang='lat' dir='ltr'><strong>enim</strong></span> <span class='ocrx_word' id='word_1_58' title='bbox 1145 675 1202 730; x_wconf 89' lang='lat' dir='ltr'><strong>cat</strong></span> <span class='ocrx_word' id='word_1_59' title='bbox 1222 661 1422 732; x_wconf 86' lang='lat' dir='ltr'><strong>Caesarem.</strong></span> <span class='ocrx_word' id='word_1_60' title='bbox 1521 661 1691 764; x_wconf 81' lang='lat' dir='ltr'><strong>Adducta]</strong></span> <span class='ocrx_word' id='word_1_61' title='bbox 1727 668 1780 738; x_wconf 90' lang='lat' dir='ltr'><strong>De</strong></span> <span class='ocrx_word' id='word_1_62' title='bbox 1803 673 1995 763; x_wconf 83' lang='lat' dir='ltr'><strong>probandis</strong></span> <span class='ocrx_word' id='word_1_63' title='bbox 2018 686 2115 758; x_wconf 86' lang='lat' dir='ltr'><strong>actis.</strong></span> 
     </span>
    </p>

    <p class='ocr_par' dir='ltr' id='par_1_6' title="bbox 118 759 2115 865">
     <span class='ocr_line' id='line_1_6' title="bbox 118 759 2115 865; baseline 0.009 -26"><span class='ocrx_word' id='word_1_64' title='bbox 118 778 203 839; x_wconf 76' lang='lat' dir='ltr'><strong>sunt</strong></span> <span class='ocrx_word' id='word_1_65' title='bbox 229 765 369 838; x_wconf 89' lang='lat' dir='ltr'><strong>Pisonis</strong></span> <span class='ocrx_word' id='word_1_66' title='bbox 407 790 449 836; x_wconf 85' lang='lat' dir='ltr'><strong>ex</strong></span> <span class='ocrx_word' id='word_1_67' title='bbox 483 766 668 859; x_wconf 85' lang='lat' dir='ltr'><strong>provincia</strong></span> <span class='ocrx_word' id='word_1_68' title='bbox 706 763 840 836; x_wconf 84' lang='lat' dir='ltr'><strong>reversi</strong></span> <span class='ocrx_word' id='word_1_69' title='bbox 867 761 1094 856; x_wconf 84' lang='lat' dir='ltr'><strong>significantis</strong></span> <span class='ocrx_word' id='word_1_70' title='bbox 1172 818 1175 823; x_wconf 80' lang='lat'>.</span> <span class='ocrx_word' id='word_1_71' title='bbox 1245 759 1277 855; x_wconf 95' lang='lat'><strong>5.</strong></span> <span class='ocrx_word' id='word_1_72' title='bbox 1293 764 1354 834; x_wconf 93' lang='grc'><strong>81.</strong></span> <span class='ocrx_word' id='word_1_73' title='bbox 1381 766 1488 850; x_wconf 86' lang='lat' dir='ltr'><strong>Quom</strong></span> <span class='ocrx_word' id='word_1_74' title='bbox 1508 775 1589 837; x_wconf 85' lang='lat' dir='ltr'><strong>tuuc</strong></span> <span class='ocrx_word' id='word_1_75' title='bbox 1609 772 1650 837; x_wconf 85' lang='lat' dir='ltr'><strong>de</strong></span> <span class='ocrx_word' id='word_1_76' title='bbox 1661 762 1724 865; x_wconf 68' lang='grc'><strong>19)]</strong></span> <span class='ocrx_word' id='word_1_77' title='bbox 1750 772 1821 843; x_wconf 90' lang='lat' dir='ltr'><strong>Cur</strong></span> <span class='ocrx_word' id='word_1_78' title='bbox 1837 773 2021 852; x_wconf 86' lang='lat' dir='ltr'><strong>Caesarem</strong></span> <span class='ocrx_word' id='word_1_79' title='bbox 2039 798 2115 857; x_wconf 88' lang='lat' dir='ltr'><strong>tan·</strong></span> 
     </span>
    </p>

    <p class='ocr_par' dir='ltr' id='par_1_7' title="bbox 116 858 1391 962">
     <span class='ocr_line' id='line_1_7' title="bbox 116 858 1391 962; baseline -0.004 -22"><span class='ocrx_word' id='word_1_80' title='bbox 116 858 275 942; x_wconf 83' lang='lat' dir='ltr'><strong>rationes</strong></span> <span class='ocrx_word' id='word_1_81' title='bbox 294 893 331 940; x_wconf 87' lang='lat' dir='ltr'><strong>se</strong></span> <span class='ocrx_word' id='word_1_82' title='bbox 352 868 486 960; x_wconf 87' lang='lat' dir='ltr'><strong>optime</strong></span> <span class='ocrx_word' id='word_1_83' title='bbox 516 868 723 953; x_wconf 82' lang='lat' dir='ltr'><strong>confecisse,</strong></span> <span class='ocrx_word' id='word_1_84' title='bbox 753 868 814 938; x_wconf 88' lang='lat' dir='ltr'><strong>sed</strong></span> <span class='ocrx_word' id='word_1_85' title='bbox 845 866 980 962; x_wconf 85' lang='lat' dir='ltr'><strong>reliqua</strong></span> <span class='ocrx_word' id='word_1_86' title='bbox 1011 887 1093 935; x_wconf 88' lang='lat' dir='ltr'><strong>con·</strong></span> <span class='ocrx_word' id='word_1_87' title='bbox 1144 877 1267 958; x_wconf 85' lang='lat' dir='ltr'><strong>topere</strong></span> <span class='ocrx_word' id='word_1_88' title='bbox 1285 878 1391 936; x_wconf 87' lang='lat' dir='ltr'><strong>amet.</strong></span> 
     </span>
    </p>

    <p class='ocr_par' dir='ltr' id='par_1_8' title="bbox 117 963 2114 1082">
     <span class='ocr_line' id='line_1_8' title="bbox 117 963 2114 1082; baseline 0.005 -38"><span class='ocrx_word' id='word_1_89' title='bbox 117 972 328 1065; x_wconf 79' lang='lat' dir='ltr'><strong>sumpsisse,</strong></span> <span class='ocrx_word' id='word_1_90' title='bbox 359 971 417 1040; x_wconf 86' lang='lat' dir='ltr'><strong>ita</strong></span> <span class='ocrx_word' id='word_1_91' title='bbox 438 994 475 1043; x_wconf 88' lang='lat' dir='ltr'><strong>se</strong></span> <span class='ocrx_word' id='word_1_92' title='bbox 505 995 586 1042; x_wconf 85' lang='lat' dir='ltr'><strong>cum</strong></span> <span class='ocrx_word' id='word_1_93' title='bbox 625 970 823 1041; x_wconf 88' lang='lat' dir='ltr'><strong>rationibus</strong></span> <span class='ocrx_word' id='word_1_94' title='bbox 838 969 949 1062; x_wconf 36' lang='lat' dir='ltr'><strong>,paria</strong></span> <span class='ocrx_word' id='word_1_95' title='bbox 979 969 1093 1037; x_wconf 82' lang='lat' dir='ltr'><strong>facere</strong></span> <span class='ocrx_word' id='word_1_96' title='bbox 1246 968 1333 1060; x_wconf 87' lang='lat' dir='ltr'><strong>Cap.</strong></span> <span class='ocrx_word' id='word_1_97' title='bbox 1347 963 1501 1038; x_wconf 92' lang='lat' dir='ltr'>XXXIII.</span> <span class='ocrx_word' id='word_1_98' title='bbox 1519 964 1550 1059; x_wconf 91' lang='lat'><strong>5.</strong></span> <span class='ocrx_word' id='word_1_99' title='bbox 1567 969 1627 1044; x_wconf 77' lang='lat'>82.</span> <span class='ocrx_word' id='word_1_100' title='bbox 1652 977 1713 1044; x_wconf 88' lang='lat' dir='ltr'><strong>Sic</strong></span> <span class='ocrx_word' id='word_1_101' title='bbox 1723 979 1792 1046; x_wconf 77' lang='grc'><strong>1616</strong></span> <span class='ocrx_word' id='word_1_102' title='bbox 1802 979 1995 1082; x_wconf 77' lang='lat' dir='ltr'><strong>sceleribus]</strong></span> <span class='ocrx_word' id='word_1_103' title='bbox 2010 986 2114 1061; x_wconf 86' lang='lat' dir='ltr'><strong>Com.</strong></span> 
     </span>
    </p>

    <p class='ocr_par' dir='ltr' id='par_1_9' title="bbox 116 1069 2039 1167">
     <span class='ocr_line' id='line_1_9' title="bbox 116 1069 2039 1167; baseline 0.005 -23"><span class='ocrx_word' id='word_1_104' title='bbox 116 1099 195 1144; x_wconf 92' lang='lat' dir='ltr'><strong>non</strong></span> <span class='ocrx_word' id='word_1_105' title='bbox 211 1098 327 1167; x_wconf 91' lang='lat' dir='ltr'><strong>posse.</strong></span> <span class='ocrx_word' id='word_1_106' title='bbox 377 1069 634 1145; x_wconf 73' lang='lat' dir='ltr'><strong>Demosthenes</strong></span> <span class='ocrx_word' id='word_1_107' title='bbox 653 1073 714 1142; x_wconf 86' lang='lat' dir='ltr'><strong>illa</strong></span> <span class='ocrx_word' id='word_1_108' title='bbox 741 1096 828 1142; x_wconf 88' lang='lat' dir='ltr'><strong>voce</strong></span> <span class='ocrx_word' id='word_1_109' title='bbox 850 1071 987 1164; x_wconf 69' lang='grc' dir='ltr'><strong><em>οἴχεται</em></strong></span> <span class='ocrx_word' id='word_1_110' title='bbox 1009 1095 1093 1142; x_wconf 79' lang='lat' dir='ltr'><strong>tuns</strong></span> <span class='ocrx_word' id='word_1_111' title='bbox 1144 1084 1321 1140; x_wconf 81' lang='lat' dir='ltr'><strong>memorat</strong></span> <span class='ocrx_word' id='word_1_112' title='bbox 1341 1069 1472 1160; x_wconf 82' lang='lat' dir='ltr'><strong>flagitia</strong></span> <span class='ocrx_word' id='word_1_113' title='bbox 1497 1069 1535 1138; x_wconf 93' lang='lat' dir='ltr'><strong>in</strong></span> <span class='ocrx_word' id='word_1_114' title='bbox 1556 1073 1738 1163; x_wconf 87' lang='lat' dir='ltr'><strong>provincia</strong></span> <span class='ocrx_word' id='word_1_115' title='bbox 1763 1081 1855 1148; x_wconf 89' lang='lat' dir='ltr'><strong>male</strong></span> <span class='ocrx_word' id='word_1_116' title='bbox 1877 1085 2039 1162; x_wconf 87' lang='lat' dir='ltr'><strong>admissa.</strong></span> 
     </span>
    </p>

    <p class='ocr_par' dir='ltr' id='par_1_10' title="bbox 118 1169 2114 1384">
     <span class='ocr_line' id='line_1_10' title="bbox 118 1169 2114 1290; baseline 0.002 -41"><span class='ocrx_word' id='word_1_117' title='bbox 118 1192 172 1249; x_wconf 86' lang='lat' dir='ltr'><strong>est</strong></span> <span class='ocrx_word' id='word_1_118' title='bbox 193 1176 233 1245; x_wconf 92' lang='lat' dir='ltr'><strong>in</strong></span> <span class='ocrx_word' id='word_1_119' title='bbox 256 1173 418 1246; x_wconf 81' lang='lat' dir='ltr'><strong>oratione</strong></span> <span class='ocrx_word' id='word_1_120' title='bbox 438 1171 535 1248; x_wconf 81' lang='grc' dir='ltr'><strong><em>κατὰ</em></strong></span> <span class='ocrx_word' id='word_1_121' title='bbox 549 1169 846 1274; x_wconf 76' lang='grc' dir='ltr'><strong><em>Ἀριστογείτονα</em></strong></span> <span class='ocrx_word' id='word_1_122' title='bbox 858 1172 918 1268; x_wconf 80' lang='lat'>¹⁰).</span> <span class='ocrx_word' id='word_1_123' title='bbox 1247 1172 1334 1264; x_wconf 86' lang='lat' dir='ltr'><strong>Cap.</strong></span> <span class='ocrx_word' id='word_1_124' title='bbox 1347 1170 1501 1243; x_wconf 87' lang='lat' dir='ltr'>XXXIV.</span> <span class='ocrx_word' id='word_1_125' title='bbox 1528 1169 1559 1264; x_wconf 93' lang='lat'><strong>5.</strong></span> <span class='ocrx_word' id='word_1_126' title='bbox 1583 1175 1643 1246; x_wconf 82' lang='grc'><strong>86.</strong></span> <span class='ocrx_word' id='word_1_127' title='bbox 1669 1182 1727 1248; x_wconf 79' lang='lat' dir='ltr'><strong>Aa</strong></span> <span class='ocrx_word' id='word_1_128' title='bbox 1748 1203 1824 1251; x_wconf 81' lang='lat' dir='ltr'><strong>uero</strong></span> <span class='ocrx_word' id='word_1_129' title='bbox 1837 1195 1874 1253; x_wconf 85' lang='lat' dir='ltr'><strong>tu</strong></span> <span class='ocrx_word' id='word_1_130' title='bbox 1885 1186 2023 1290; x_wconf 82' lang='lat' dir='ltr'><strong>parom]</strong></span> <span class='ocrx_word' id='word_1_131' title='bbox 2046 1193 2114 1266; x_wconf 62' lang='lat' dir='ltr'>Re.</span> 
     </span>
     <span class='ocr_line' id='line_1_11' title="bbox 219 1271 2049 1384; baseline 0.007 -35"><span class='ocrx_word' id='word_1_132' title='bbox 219 1276 308 1371; x_wconf 82' lang='lat' dir='ltr'><strong>cap.</strong></span> <span class='ocrx_word' id='word_1_133' title='bbox 329 1275 453 1349; x_wconf 86' lang='lat' dir='ltr'>XXVI.</span> <span class='ocrx_word' id='word_1_134' title='bbox 479 1276 511 1369; x_wconf 92' lang='lat'><strong>5.</strong></span> <span class='ocrx_word' id='word_1_135' title='bbox 532 1276 593 1354; x_wconf 75' lang='lat'>62.</span> <span class='ocrx_word' id='word_1_136' title='bbox 615 1280 788 1371; x_wconf 78' lang='lat' dir='ltr'><strong>Proetum]</strong></span> <span class='ocrx_word' id='word_1_137' title='bbox 813 1274 944 1346; x_wconf 83' lang='lat' dir='ltr'><strong>lronia.</strong></span> <span class='ocrx_word' id='word_1_138' title='bbox 1146 1276 1263 1346; x_wconf 89' lang='lat' dir='ltr'><strong>censio</strong></span> <span class='ocrx_word' id='word_1_139' title='bbox 1285 1271 1464 1345; x_wconf 85' lang='lat' dir='ltr'><strong>historica.</strong></span> <span class='ocrx_word' id='word_1_140' title='bbox 1566 1280 1674 1361; x_wconf 85' lang='lat' dir='ltr'><strong>Quum</strong></span> <span class='ocrx_word' id='word_1_141' title='bbox 1694 1285 1797 1353; x_wconf 77' lang='lat' dir='ltr'><strong>miser</strong></span> <span class='ocrx_word' id='word_1_142' title='bbox 1818 1281 1890 1384; x_wconf 79' lang='lat' dir='ltr'><strong>aa]</strong></span> <span class='ocrx_word' id='word_1_143' title='bbox 1916 1287 2049 1376; x_wconf 78' lang='grc' dir='ltr'><strong>πάθος.</strong></span> 
     </span>
    </p>

    <p class='ocr_par' dir='ltr' id='par_1_11' title="bbox 221 1373 2115 1484">
     <span class='ocr_line' id='line_1_12' title="bbox 221 1373 2115 1484; baseline 0.005 -33"><span class='ocrx_word' id='word_1_144' title='bbox 221 1377 253 1472; x_wconf 92' lang='grc'><strong>5.</strong></span> <span class='ocrx_word' id='word_1_145' title='bbox 274 1381 335 1451; x_wconf 86' lang='grc'><strong>63.</strong></span> <span class='ocrx_word' id='word_1_146' title='bbox 363 1385 438 1452; x_wconf 85' lang='lat' dir='ltr'><strong>Iam</strong></span> <span class='ocrx_word' id='word_1_147' title='bbox 459 1373 567 1474; x_wconf 77' lang='grc'><strong>616166]</strong></span> <span class='ocrx_word' id='word_1_148' title='bbox 590 1378 772 1472; x_wconf 84' lang='lat' dir='ltr'><strong>Epilogus.</strong></span> <span class='ocrx_word' id='word_1_149' title='bbox 1248 1374 1280 1469; x_wconf 89' lang='lat'><strong>5.</strong></span> <span class='ocrx_word' id='word_1_150' title='bbox 1311 1375 1371 1448; x_wconf 88' lang='grc'><strong>84.</strong></span> <span class='ocrx_word' id='word_1_151' title='bbox 1405 1381 1462 1449; x_wconf 78' lang='lat' dir='ltr'><strong>Ad</strong></span> <span class='ocrx_word' id='word_1_152' title='bbox 1490 1374 1616 1477; x_wconf 82' lang='lat' dir='ltr'><strong>necem]</strong></span> <span class='ocrx_word' id='word_1_153' title='bbox 1657 1381 1798 1454; x_wconf 90' lang='lat' dir='ltr'><strong>Novum</strong></span> <span class='ocrx_word' id='word_1_154' title='bbox 1829 1410 1937 1477; x_wconf 86' lang='lat' dir='ltr'><strong>genus</strong></span> <span class='ocrx_word' id='word_1_155' title='bbox 1967 1419 2115 1484; x_wconf 75' lang='lat' dir='ltr'><strong>poenae.</strong></span> 
     </span>
    </p>

    <p class='ocr_par' dir='ltr' id='par_1_12' title="bbox 116 1475 2114 1793">
     <span class='ocr_line' id='line_1_13' title="bbox 223 1475 2114 1601; baseline -0.005 -46"><span class='ocrx_word' id='word_1_156' title='bbox 223 1481 256 1575; x_wconf 92' lang='lat'><strong>5.</strong></span> <span class='ocrx_word' id='word_1_157' title='bbox 272 1481 334 1558; x_wconf 90' lang='grc'><strong>64.</strong></span> <span class='ocrx_word' id='word_1_158' title='bbox 359 1482 515 1578; x_wconf 66' lang='lat' dir='ltr'><strong>Nonou)</strong></span> <span class='ocrx_word' id='word_1_159' title='bbox 528 1482 648 1574; x_wconf 80' lang='lat' dir='ltr'><strong>etiam]</strong></span> <span class='ocrx_word' id='word_1_160' title='bbox 663 1481 880 1554; x_wconf 85' lang='lat' dir='ltr'><strong>Translatio.</strong></span> <span class='ocrx_word' id='word_1_161' title='bbox 917 1479 1094 1547; x_wconf 87' lang='lat' dir='ltr'><strong>Hactenus</strong></span> <span class='ocrx_word' id='word_1_162' title='bbox 1149 1483 1253 1553; x_wconf 69' lang='lat' dir='ltr'><strong>Urbes</strong></span> <span class='ocrx_word' id='word_1_163' title='bbox 1265 1475 1438 1579; x_wconf 80' lang='lat' dir='ltr'><strong>oeperunt]</strong></span> <span class='ocrx_word' id='word_1_164' title='bbox 1462 1478 1703 1554; x_wconf 73' lang='lat' dir='ltr'><strong>coacervatio.</strong></span> <span class='ocrx_word' id='word_1_165' title='bbox 1803 1491 2114 1601; x_wconf 41' lang='lat' dir='ltr'><strong>summumque]</strong></span> 
     </span>
     <span class='ocr_line' id='line_1_14' title="bbox 118 1578 1577 1677; baseline -0.003 -21"><span class='ocrx_word' id='word_1_166' title='bbox 118 1585 215 1656; x_wconf 78' lang='grc'><strong>6666</strong></span> <span class='ocrx_word' id='word_1_167' title='bbox 234 1584 324 1656; x_wconf 82' lang='lat' dir='ltr'><strong>dixit</strong></span> <span class='ocrx_word' id='word_1_168' title='bbox 345 1587 390 1654; x_wconf 88' lang='lat' dir='ltr'><strong>de</strong></span> <span class='ocrx_word' id='word_1_169' title='bbox 413 1586 518 1657; x_wconf 87' lang='lat' dir='ltr'><strong>rebus</strong></span> <span class='ocrx_word' id='word_1_170' title='bbox 539 1585 678 1677; x_wconf 87' lang='lat' dir='ltr'><strong>publice</strong></span> <span class='ocrx_word' id='word_1_171' title='bbox 703 1584 827 1676; x_wconf 86' lang='lat' dir='ltr'><strong>gestis,</strong></span> <span class='ocrx_word' id='word_1_172' title='bbox 846 1605 942 1652; x_wconf 89' lang='lat' dir='ltr'><strong>nunc</strong></span> <span class='ocrx_word' id='word_1_173' title='bbox 964 1578 1093 1650; x_wconf 86' lang='lat' dir='ltr'><strong>deeius</strong></span> <span class='ocrx_word' id='word_1_174' title='bbox 1143 1583 1422 1674; x_wconf 76' lang='lat' dir='ltr'><strong>Argtnnentatur</strong></span> <span class='ocrx_word' id='word_1_175' title='bbox 1444 1606 1462 1648; x_wconf 92' lang='lat' dir='ltr'><strong>a</strong></span> <span class='ocrx_word' id='word_1_176' title='bbox 1487 1583 1577 1652; x_wconf 89' lang='lat' dir='ltr'><strong>loco.</strong></span> 
     </span>
     <span class='ocr_line' id='line_1_15' title="bbox 116 1681 2114 1793; baseline 0.007 -34"><span class='ocrx_word' id='word_1_177' title='bbox 116 1687 260 1772; x_wconf 79' lang='lat' dir='ltr'><strong>studiis,</strong></span> <span class='ocrx_word' id='word_1_178' title='bbox 284 1699 318 1758; x_wconf 88' lang='lat' dir='ltr'><strong>et</strong></span> <span class='ocrx_word' id='word_1_179' title='bbox 337 1684 479 1779; x_wconf 88' lang='lat' dir='ltr'><strong>privato</strong></span> <span class='ocrx_word' id='word_1_180' title='bbox 505 1687 602 1758; x_wconf 88' lang='lat' dir='ltr'><strong>culto</strong></span> <span class='ocrx_word' id='word_1_181' title='bbox 627 1685 733 1757; x_wconf 87' lang='lat' dir='ltr'><strong>vitae.</strong></span> <span class='ocrx_word' id='word_1_182' title='bbox 1141 1764 1144 1769; x_wconf 28' lang='lat'><em>&lt;</em></span> <span class='ocrx_word' id='word_1_183' title='bbox 1247 1683 1333 1778; x_wconf 87' lang='lat' dir='ltr'><strong>Cap.</strong></span> <span class='ocrx_word' id='word_1_184' title='bbox 1345 1681 1484 1754; x_wconf 91' lang='lat' dir='ltr'>XXXV.</span> <span class='ocrx_word' id='word_1_185' title='bbox 1502 1681 1532 1774; x_wconf 91' lang='lat'><strong>5.</strong></span> <span class='ocrx_word' id='word_1_186' title='bbox 1548 1681 1608 1755; x_wconf 90' lang='grc'><strong>86.</strong></span> <span class='ocrx_word' id='word_1_187' title='bbox 1634 1689 1723 1773; x_wconf 85' lang='lat' dir='ltr'><strong>Quid</strong></span> <span class='ocrx_word' id='word_1_188' title='bbox 1734 1687 1915 1793; x_wconf 79' lang='lat' dir='ltr'><strong>auaritiae]</strong></span> <span class='ocrx_word' id='word_1_189' title='bbox 1938 1696 2114 1777; x_wconf 79' lang='lat' dir='ltr'><strong>Hactcnna</strong></span> 
     </span>
    </p>

    <p class='ocr_par' dir='ltr' id='par_1_13' title="bbox 220 1783 2115 1883">
     <span class='ocr_line' id='line_1_16' title="bbox 220 1783 2115 1883; baseline 0 -22"><span class='ocrx_word' id='word_1_190' title='bbox 220 1790 308 1883; x_wconf 88' lang='lat' dir='ltr'><strong>Cap.</strong></span> <span class='ocrx_word' id='word_1_191' title='bbox 323 1786 461 1862; x_wconf 88' lang='lat' dir='ltr'>XXVII.</span> <span class='ocrx_word' id='word_1_192' title='bbox 483 1786 515 1881; x_wconf 89' lang='lat'><strong>5.</strong></span> <span class='ocrx_word' id='word_1_193' title='bbox 530 1787 590 1861; x_wconf 91' lang='grc'><strong>64.</strong></span> <span class='ocrx_word' id='word_1_194' title='bbox 606 1794 690 1881; x_wconf 65' lang='lat' dir='ltr'><strong>Aac,</strong></span> <span class='ocrx_word' id='word_1_195' title='bbox 706 1790 857 1881; x_wconf 75' lang='lat' dir='ltr'><strong>senatur]</strong></span> <span class='ocrx_word' id='word_1_196' title='bbox 870 1783 1094 1856; x_wconf 82' lang='lat' dir='ltr'><strong>Distributio·</strong></span> <span class='ocrx_word' id='word_1_197' title='bbox 1146 1789 1281 1869; x_wconf 83' lang='lat' dir='ltr'><strong>caedes.</strong></span> <span class='ocrx_word' id='word_1_198' title='bbox 1303 1811 1398 1857; x_wconf 90' lang='lat' dir='ltr'><strong>nunc</strong></span> <span class='ocrx_word' id='word_1_199' title='bbox 1411 1787 1610 1879; x_wconf 85' lang='lat' dir='ltr'><strong>exemplum</strong></span> <span class='ocrx_word' id='word_1_200' title='bbox 1624 1790 1806 1864; x_wconf 79' lang='lat' dir='ltr'><strong>avaritiae.</strong></span> <span class='ocrx_word' id='word_1_201' title='bbox 1907 1803 2012 1873; x_wconf 82' lang='lat' dir='ltr'><strong>Pater</strong></span> <span class='ocrx_word' id='word_1_202' title='bbox 2026 1820 2115 1877; x_wconf 81' lang='lat' dir='ltr'><strong>aua.</strong></span> 
     </span>
    </p>

    <p class='ocr_par' dir='ltr' id='par_1_14' title="bbox 220 1885 1879 1991">
     <span class='ocr_line' id='line_1_17' title="bbox 220 1885 1879 1991; baseline 0.002 -27"><span class='ocrx_word' id='word_1_203' title='bbox 220 1891 252 1983; x_wconf 93' lang='lat'><strong>5.</strong></span> <span class='ocrx_word' id='word_1_204' title='bbox 276 1887 337 1965; x_wconf 81' lang='lat'><strong>65.</strong></span> <span class='ocrx_word' id='word_1_205' title='bbox 366 1895 429 1964; x_wconf 84' lang='lat' dir='ltr'><strong>Ubi</strong></span> <span class='ocrx_word' id='word_1_206' title='bbox 450 1887 546 1991; x_wconf 79' lang='lat' dir='ltr'><strong>eunt]</strong></span> <span class='ocrx_word' id='word_1_207' title='bbox 568 1890 810 1982; x_wconf 79' lang='lat' dir='ltr'><strong>Amplificatio</strong></span> <span class='ocrx_word' id='word_1_208' title='bbox 827 1914 847 1960; x_wconf 91' lang='lat' dir='ltr'><strong>a</strong></span> <span class='ocrx_word' id='word_1_209' title='bbox 865 1885 1094 1983; x_wconf 77' lang='lat' dir='ltr'><strong>professione.</strong></span> <span class='ocrx_word' id='word_1_210' title='bbox 1145 1885 1321 1987; x_wconf 46' lang='grc' dir='ltr'><strong>φωνὴ]</strong></span> <span class='ocrx_word' id='word_1_211' title='bbox 1348 1890 1536 1961; x_wconf 86' lang='lat' dir='ltr'><strong>Acerbum.</strong></span> <span class='ocrx_word' id='word_1_212' title='bbox 1585 1888 1618 1959; x_wconf 81' lang='grc' dir='ltr'>Α</span> <span class='ocrx_word' id='word_1_213' title='bbox 1641 1893 1751 1983; x_wconf 88' lang='lat' dir='ltr'><strong>patris</strong></span> <span class='ocrx_word' id='word_1_214' title='bbox 1774 1897 1879 1969; x_wconf 82' lang='lat' dir='ltr'><strong>Iacto.</strong></span> 
     </span>
    </p>

    <p class='ocr_par' dir='ltr' id='par_1_15' title="bbox 116 1988 2114 2190">
     <span class='ocr_line' id='line_1_18' title="bbox 116 1988 2114 2104; baseline 0.002 -38"><span class='ocrx_word' id='word_1_215' title='bbox 116 1990 283 2093; x_wconf 69' lang='lat' dir='ltr'><strong>Infamia]</strong></span> <span class='ocrx_word' id='word_1_216' title='bbox 306 1992 439 2065; x_wconf 81' lang='lat' dir='ltr'><strong>Itonia.</strong></span> <span class='ocrx_word' id='word_1_217' title='bbox 539 1997 659 2066; x_wconf 80' lang='lat' dir='ltr'><strong>Animi</strong></span> <span class='ocrx_word' id='word_1_218' title='bbox 681 1991 752 2093; x_wconf 78' lang='lat' dir='ltr'><strong>eur]</strong></span> <span class='ocrx_word' id='word_1_219' title='bbox 779 1990 833 2064; x_wconf 91' lang='lat' dir='ltr'><strong>De</strong></span> <span class='ocrx_word' id='word_1_220' title='bbox 854 1991 950 2062; x_wconf 87' lang='lat' dir='ltr'><strong>cultu</strong></span> <span class='ocrx_word' id='word_1_221' title='bbox 972 2000 1008 2058; x_wconf 90' lang='lat' dir='ltr'><strong>et</strong></span> <span class='ocrx_word' id='word_1_222' title='bbox 1023 2000 1096 2058; x_wconf 90' lang='lat' dir='ltr'><strong>stu·</strong></span> <span class='ocrx_word' id='word_1_223' title='bbox 1248 1991 1335 2086; x_wconf 87' lang='lat' dir='ltr'><strong>Cap.</strong></span> <span class='ocrx_word' id='word_1_224' title='bbox 1356 1988 1511 2063; x_wconf 91' lang='lat' dir='ltr'>XXXVI.</span> <span class='ocrx_word' id='word_1_225' title='bbox 1536 1988 1567 2083; x_wconf 91' lang='lat'><strong>5.</strong></span> <span class='ocrx_word' id='word_1_226' title='bbox 1586 1991 1645 2064; x_wconf 89' lang='grc'><strong>89.</strong></span> <span class='ocrx_word' id='word_1_227' title='bbox 1671 1999 1957 2104; x_wconf 75' lang='lat' dir='ltr'><strong>Samothraciam]</strong></span> <span class='ocrx_word' id='word_1_228' title='bbox 1981 2005 2114 2085; x_wconf 65' lang='lat' dir='ltr'><strong>Huma.</strong></span> 
     </span>
     <span class='ocr_line' id='line_1_19' title="bbox 117 2093 1569 2190; baseline 0 -24"><span class='ocrx_word' id='word_1_229' title='bbox 117 2097 185 2168; x_wconf 91' lang='lat' dir='ltr'><strong>diis</strong></span> <span class='ocrx_word' id='word_1_230' title='bbox 204 2096 366 2190; x_wconf 81' lang='lat' dir='ltr'><strong>privatae</strong></span> <span class='ocrx_word' id='word_1_231' title='bbox 387 2095 493 2180; x_wconf 85' lang='lat' dir='ltr'><strong>vitae.</strong></span> <span class='ocrx_word' id='word_1_232' title='bbox 1031 2093 1033 2098; x_wconf 75' lang='grc'><strong>’</strong></span> <span class='ocrx_word' id='word_1_233' title='bbox 1144 2095 1239 2165; x_wconf 86' lang='lat' dir='ltr'><strong>nitas</strong></span> <span class='ocrx_word' id='word_1_234' title='bbox 1257 2095 1382 2188; x_wconf 90' lang='lat' dir='ltr'><strong>populi</strong></span> <span class='ocrx_word' id='word_1_235' title='bbox 1401 2094 1569 2166; x_wconf 83' lang='lat' dir='ltr'><strong>Romani.</strong></span> 
     </span>
    </p>

    <p class='ocr_par' dir='ltr' id='par_1_16' title="bbox 114 2184 2118 2508">
     <span class='ocr_line' id='line_1_20' title="bbox 219 2184 2116 2300; baseline 0.004 -31"><span class='ocrx_word' id='word_1_236' title='bbox 219 2199 306 2292; x_wconf 86' lang='lat' dir='ltr'><strong>Cap.</strong></span> <span class='ocrx_word' id='word_1_237' title='bbox 335 2195 490 2270; x_wconf 90' lang='lat' dir='ltr'>XXVIII.</span> <span class='ocrx_word' id='word_1_238' title='bbox 523 2195 554 2288; x_wconf 94' lang='lat'><strong>5.</strong></span> <span class='ocrx_word' id='word_1_239' title='bbox 571 2197 645 2287; x_wconf 88' lang='grc'><strong>68.</strong></span> <span class='ocrx_word' id='word_1_240' title='bbox 680 2203 741 2268; x_wconf 81' lang='lat' dir='ltr'><strong>Est</strong></span> <span class='ocrx_word' id='word_1_241' title='bbox 768 2200 904 2290; x_wconf 78' lang='lat' dir='ltr'><strong>puidam</strong></span> <span class='ocrx_word' id='word_1_242' title='bbox 932 2184 1096 2288; x_wconf 74' lang='lat' dir='ltr'><strong>Graecus]</strong></span> <span class='ocrx_word' id='word_1_243' title='bbox 1247 2196 1334 2289; x_wconf 88' lang='lat' dir='ltr'><strong>Cap.</strong></span> <span class='ocrx_word' id='word_1_244' title='bbox 1354 2193 1523 2268; x_wconf 92' lang='lat' dir='ltr'>XXXVII.</span> <span class='ocrx_word' id='word_1_245' title='bbox 1550 2194 1581 2289; x_wconf 91' lang='lat'><strong>5.</strong></span> <span class='ocrx_word' id='word_1_246' title='bbox 1607 2197 1667 2268; x_wconf 89' lang='grc'><strong>96.</strong></span> <span class='ocrx_word' id='word_1_247' title='bbox 1697 2197 1875 2300; x_wconf 75' lang='grc'><strong>76661616]</strong></span> <span class='ocrx_word' id='word_1_248' title='bbox 1902 2205 2017 2295; x_wconf 83' lang='lat' dir='ltr'><strong>idest,</strong></span> <span class='ocrx_word' id='word_1_249' title='bbox 2042 2237 2116 2285; x_wconf 81' lang='lat' dir='ltr'><strong>non</strong></span> 
     </span>
     <span class='ocr_line' id='line_1_21' title="bbox 114 2295 1559 2395; baseline -0.002 -22"><span class='ocrx_word' id='word_1_250' title='bbox 114 2301 295 2373; x_wconf 81' lang='lat' dir='ltr'><strong>Extenuat</strong></span> <span class='ocrx_word' id='word_1_251' title='bbox 323 2303 408 2371; x_wconf 88' lang='lat' dir='ltr'><strong>vitia</strong></span> <span class='ocrx_word' id='word_1_252' title='bbox 433 2301 545 2384; x_wconf 87' lang='lat' dir='ltr'><strong>illius,</strong></span> <span class='ocrx_word' id='word_1_253' title='bbox 579 2302 675 2395; x_wconf 90' lang='lat' dir='ltr'><strong>quod</strong></span> <span class='ocrx_word' id='word_1_254' title='bbox 709 2299 754 2370; x_wconf 89' lang='lat' dir='ltr'><strong>sit</strong></span> <span class='ocrx_word' id='word_1_255' title='bbox 786 2309 974 2389; x_wconf 85' lang='lat' dir='ltr'><strong>corruptus</strong></span> <span class='ocrx_word' id='word_1_256' title='bbox 1002 2295 1096 2363; x_wconf 89' lang='lat' dir='ltr'><strong>illius</strong></span> <span class='ocrx_word' id='word_1_257' title='bbox 1145 2301 1296 2370; x_wconf 87' lang='lat' dir='ltr'><strong>vocabas</strong></span> <span class='ocrx_word' id='word_1_258' title='bbox 1320 2298 1559 2370; x_wconf 83' lang='lat' dir='ltr'><strong>coronarium.</strong></span> 
     </span>
     <span class='ocr_line' id='line_1_22' title="bbox 116 2397 2118 2508; baseline 0.006 -35"><span class='ocrx_word' id='word_1_259' title='bbox 116 2404 287 2477; x_wconf 85' lang='lat' dir='ltr'><strong>amicitia.</strong></span> <span class='ocrx_word' id='word_1_260' title='bbox 385 2409 458 2474; x_wconf 84' lang='lat' dir='ltr'><strong>Nec</strong></span> <span class='ocrx_word' id='word_1_261' title='bbox 474 2402 550 2492; x_wconf 76' lang='lat' dir='ltr'><strong>fere</strong></span> <span class='ocrx_word' id='word_1_262' title='bbox 566 2404 607 2474; x_wconf 82' lang='grc'><strong>66</strong></span> <span class='ocrx_word' id='word_1_263' title='bbox 626 2397 705 2501; x_wconf 78' lang='lat' dir='ltr'><strong>isto]</strong></span> <span class='ocrx_word' id='word_1_264' title='bbox 732 2400 787 2470; x_wconf 88' lang='lat' dir='ltr'><strong>De</strong></span> <span class='ocrx_word' id='word_1_265' title='bbox 804 2398 939 2471; x_wconf 88' lang='lat' dir='ltr'><strong>studiis.</strong></span> <span class='ocrx_word' id='word_1_266' title='bbox 1249 2402 1335 2493; x_wconf 89' lang='lat' dir='ltr'><strong>Cap.</strong></span> <span class='ocrx_word' id='word_1_267' title='bbox 1358 2399 1542 2473; x_wconf 92' lang='lat' dir='ltr'>XXXVIII.</span> <span class='ocrx_word' id='word_1_268' title='bbox 1569 2398 1600 2492; x_wconf 89' lang='lat'><strong>5.</strong></span> <span class='ocrx_word' id='word_1_269' title='bbox 1621 2400 1680 2475; x_wconf 70' lang='lat'><strong>92.</strong></span> <span class='ocrx_word' id='word_1_270' title='bbox 1707 2402 1925 2506; x_wconf 80' lang='lat' dir='ltr'><strong>Macedonia]</strong></span> <span class='ocrx_word' id='word_1_271' title='bbox 1959 2411 2118 2508; x_wconf 78' lang='lat' dir='ltr'><strong>Amplifi·</strong></span> 
     </span>
    </p>

    <p class='ocr_par' dir='ltr' id='par_1_17' title="bbox 115 2495 1900 2705">
     <span class='ocr_line' id='line_1_23' title="bbox 221 2495 1900 2602; baseline -0.003 -24"><span class='ocrx_word' id='word_1_272' title='bbox 221 2503 254 2597; x_wconf 92' lang='lat'><strong>5.</strong></span> <span class='ocrx_word' id='word_1_273' title='bbox 283 2504 361 2578; x_wconf 74' lang='lat'><strong>69.</strong></span> <span class='ocrx_word' id='word_1_274' title='bbox 384 2510 493 2601; x_wconf 66' lang='grc'><strong>611666</strong></span> <span class='ocrx_word' id='word_1_275' title='bbox 519 2499 667 2602; x_wconf 77' lang='grc'><strong>66111611]</strong></span> <span class='ocrx_word' id='word_1_276' title='bbox 710 2503 904 2594; x_wconf 76' lang='lat' dir='ltr'><strong>Compaiat</strong></span> <span class='ocrx_word' id='word_1_277' title='bbox 936 2500 1094 2570; x_wconf 79' lang='lat' dir='ltr'><strong>sororem</strong></span> <span class='ocrx_word' id='word_1_278' title='bbox 1147 2505 1239 2574; x_wconf 88' lang='lat' dir='ltr'><strong>catio</strong></span> <span class='ocrx_word' id='word_1_279' title='bbox 1261 2529 1281 2573; x_wconf 91' lang='lat' dir='ltr'><strong>a</strong></span> <span class='ocrx_word' id='word_1_280' title='bbox 1302 2505 1496 2575; x_wconf 81' lang='lat' dir='ltr'><strong>contrario.</strong></span> <span class='ocrx_word' id='word_1_281' title='bbox 1578 2495 1596 2509; x_wconf 78' lang='grc'>”</span> <span class='ocrx_word' id='word_1_282' title='bbox 1654 2497 1657 2502; x_wconf 68' lang='grc'><strong>’</strong></span> <span class='ocrx_word' id='word_1_283' title='bbox 1696 2498 1699 2505; x_wconf 76' lang='grc'><strong>’</strong></span> <span class='ocrx_word' id='word_1_284' title='bbox 1897 2542 1900 2547; x_wconf 89' lang='grc'><strong>-</strong></span> 
     </span>
     <span class='ocr_line' id='line_1_24' title="bbox 115 2600 1821 2705; baseline -0.001 -25"><span class='ocrx_word' id='word_1_285' title='bbox 115 2605 275 2680; x_wconf 88' lang='lat' dir='ltr'><strong>hominis</strong></span> <span class='ocrx_word' id='word_1_286' title='bbox 295 2633 376 2678; x_wconf 89' lang='lat' dir='ltr'><strong>cum</strong></span> <span class='ocrx_word' id='word_1_287' title='bbox 398 2606 522 2678; x_wconf 89' lang='lat' dir='ltr'><strong>bestia.</strong></span> <span class='ocrx_word' id='word_1_288' title='bbox 1249 2604 1280 2700; x_wconf 94' lang='lat'><strong>5.</strong></span> <span class='ocrx_word' id='word_1_289' title='bbox 1299 2606 1360 2679; x_wconf 95' lang='grc'><strong>94.</strong></span> <span class='ocrx_word' id='word_1_290' title='bbox 1387 2611 1478 2693; x_wconf 81' lang='grc'><strong>0666</strong></span> <span class='ocrx_word' id='word_1_291' title='bbox 1499 2600 1615 2705; x_wconf 76' lang='lat' dir='ltr'><strong>quum]</strong></span> <span class='ocrx_word' id='word_1_292' title='bbox 1641 2604 1821 2698; x_wconf 81' lang='lat' dir='ltr'><strong>Epilogus.</strong></span> 
     </span>
    </p>

    <p class='ocr_par' dir='ltr' id='par_1_18' title="bbox 116 2697 2118 3010">
     <span class='ocr_line' id='line_1_25' title="bbox 219 2697 2118 2808; baseline 0.002 -27"><span class='ocrx_word' id='word_1_293' title='bbox 219 2707 437 2804; x_wconf 83' lang='lat' dir='ltr'>Cap.XXlX.</span> <span class='ocrx_word' id='word_1_294' title='bbox 464 2704 496 2800; x_wconf 92' lang='lat'><strong>5.</strong></span> <span class='ocrx_word' id='word_1_295' title='bbox 511 2710 573 2784; x_wconf 72' lang='lat'><strong>72.</strong></span> <span class='ocrx_word' id='word_1_296' title='bbox 597 2711 677 2780; x_wconf 83' lang='lat' dir='ltr'><strong>Nou</strong></span> <span class='ocrx_word' id='word_1_297' title='bbox 689 2704 812 2800; x_wconf 60' lang='lat' dir='ltr'><strong>ullast)</strong></span> <span class='ocrx_word' id='word_1_298' title='bbox 828 2697 907 2801; x_wconf 84' lang='lat' dir='ltr'><strong>tihi]</strong></span> <span class='ocrx_word' id='word_1_299' title='bbox 920 2699 1094 2771; x_wconf 89' lang='lat' dir='ltr'><strong>Invidiam</strong></span> <span class='ocrx_word' id='word_1_300' title='bbox 1249 2705 1359 2801; x_wconf 83' lang='lat'>596.</span> <span class='ocrx_word' id='word_1_301' title='bbox 1384 2715 1464 2782; x_wconf 81' lang='lat' dir='ltr'><strong>Non</strong></span> <span class='ocrx_word' id='word_1_302' title='bbox 1478 2714 1591 2780; x_wconf 80' lang='lat' dir='ltr'><strong>eodem</strong></span> <span class='ocrx_word' id='word_1_303' title='bbox 1603 2704 1782 2808; x_wconf 73' lang='lat' dir='ltr'><strong>supplicia]</strong></span> <span class='ocrx_word' id='word_1_304' title='bbox 1808 2710 2000 2785; x_wconf 79' lang='lat' dir='ltr'><strong>correctio.</strong></span> <span class='ocrx_word' id='word_1_305' title='bbox 2083 2724 2118 2791; x_wconf 83' lang='grc' dir='ltr'><strong><em>Δ</em></strong></span> 
     </span>
     <span class='ocr_line' id='line_1_26' title="bbox 116 2803 2118 2909; baseline 0.001 -26"><span class='ocrx_word' id='word_1_306' title='bbox 116 2815 375 2885; x_wconf 73' lang='lat' dir='ltr'><strong>versimilorum</strong></span> <span class='ocrx_word' id='word_1_307' title='bbox 398 2811 539 2883; x_wconf 86' lang='lat' dir='ltr'><strong>minuit.</strong></span> <span class='ocrx_word' id='word_1_308' title='bbox 620 2803 818 2906; x_wconf 71' lang='lat' dir='ltr'><strong>scripsisti]</strong></span> <span class='ocrx_word' id='word_1_309' title='bbox 842 2805 994 2876; x_wconf 73' lang='lat' dir='ltr'><strong>Itoniae·</strong></span> <span class='ocrx_word' id='word_1_310' title='bbox 1145 2835 1268 2902; x_wconf 83' lang='lat' dir='ltr'><strong>poenae</strong></span> <span class='ocrx_word' id='word_1_311' title='bbox 1293 2825 1417 2885; x_wconf 80' lang='lat' dir='ltr'><strong>natura</strong></span> <span class='ocrx_word' id='word_1_312' title='bbox 1430 2804 1495 2909; x_wconf 67' lang='grc'><strong>111)]</strong></span> <span class='ocrx_word' id='word_1_313' title='bbox 1521 2811 1723 2881; x_wconf 85' lang='lat' dir='ltr'><strong>Poenarum</strong></span> <span class='ocrx_word' id='word_1_314' title='bbox 1746 2836 1820 2884; x_wconf 92' lang='lat' dir='ltr'><strong>non</strong></span> <span class='ocrx_word' id='word_1_315' title='bbox 1842 2839 1914 2888; x_wconf 84' lang='lat' dir='ltr'><strong>esse</strong></span> <span class='ocrx_word' id='word_1_316' title='bbox 1938 2807 2118 2899; x_wconf 39' lang='lat' dir='ltr'><strong>calamita,-</strong></span> 
     </span>
     <span class='ocr_line' id='line_1_27' title="bbox 118 2905 1995 3010; baseline -0.007 -23"><span class='ocrx_word' id='word_1_317' title='bbox 118 2946 122 2953; x_wconf 90' lang='grc'><strong><em>’</em></strong></span> <span class='ocrx_word' id='word_1_318' title='bbox 221 2915 427 3009; x_wconf 58' lang='lat' dir='ltr'><strong>capum.</strong></span> <span class='ocrx_word' id='word_1_319' title='bbox 453 2909 561 3006; x_wconf 77' lang='lat'>573.</span> <span class='ocrx_word' id='word_1_320' title='bbox 583 2913 654 2984; x_wconf 81' lang='lat' dir='ltr'><strong>Sed</strong></span> <span class='ocrx_word' id='word_1_321' title='bbox 665 2906 858 3010; x_wconf 84' lang='lat' dir='ltr'><strong>Phalarim]</strong></span> <span class='ocrx_word' id='word_1_322' title='bbox 881 2905 1096 2978; x_wconf 73' lang='lat' dir='ltr'><strong>Translatho.</strong></span> <span class='ocrx_word' id='word_1_323' title='bbox 1147 2928 1240 2998; x_wconf 79' lang='lat' dir='ltr'><strong>tem,</strong></span> <span class='ocrx_word' id='word_1_324' title='bbox 1263 2917 1324 2986; x_wconf 77' lang='lat' dir='ltr'><strong>sed</strong></span> <span class='ocrx_word' id='word_1_325' title='bbox 1344 2914 1539 2984; x_wconf 75' lang='lat' dir='ltr'><strong>infamiam.</strong></span> <span class='ocrx_word' id='word_1_326' title='bbox 1991 2982 1995 2993; x_wconf 34' lang='lat'><strong>¹</strong></span> 
     </span>
    </p>

    <p class='ocr_par' dir='ltr' id='par_1_19' title="bbox 113 3009 2118 3221">
     <span class='ocr_line' id='line_1_28' title="bbox 224 3009 2068 3117; baseline 0.003 -28"><span class='ocrx_word' id='word_1_327' title='bbox 224 3016 255 3112; x_wconf 90' lang='grc'><strong>5.</strong></span> <span class='ocrx_word' id='word_1_328' title='bbox 270 3015 330 3090; x_wconf 86' lang='grc'><strong>76.</strong></span> <span class='ocrx_word' id='word_1_329' title='bbox 356 3009 587 3114; x_wconf 74' lang='lat' dir='ltr'><strong>Nihiiietum]</strong></span> <span class='ocrx_word' id='word_1_330' title='bbox 612 3013 727 3086; x_wconf 91' lang='lat' dir='ltr'><strong>Diluit</strong></span> <span class='ocrx_word' id='word_1_331' title='bbox 740 3011 965 3084; x_wconf 86' lang='lat' dir='ltr'><strong>calumniam.</strong></span> <span class='ocrx_word' id='word_1_332' title='bbox 1027 3012 1097 3081; x_wconf 87' lang='lat' dir='ltr'><strong>Sed</strong></span> <span class='ocrx_word' id='word_1_333' title='bbox 1252 3018 1338 3110; x_wconf 80' lang='lat' dir='ltr'><strong>Cap.</strong></span> <span class='ocrx_word' id='word_1_334' title='bbox 1355 3015 1428 3088; x_wconf 88' lang='lat' dir='ltr'><strong>XL.</strong></span> <span class='ocrx_word' id='word_1_335' title='bbox 1454 3014 1485 3109; x_wconf 91' lang='lat'><strong>5.</strong></span> <span class='ocrx_word' id='word_1_336' title='bbox 1510 3016 1570 3088; x_wconf 82' lang='lat'>96.</span> <span class='ocrx_word' id='word_1_337' title='bbox 1595 3013 1864 3117; x_wconf 66' lang='lat' dir='ltr'><strong>Dyrrhachium]</strong></span> <span class='ocrx_word' id='word_1_338' title='bbox 1890 3014 2068 3104; x_wconf 74' lang='grc'><strong>66166666.</strong></span> 
     </span>
     <span class='ocr_line' id='line_1_29' title="bbox 113 3113 2118 3221; baseline 0.001 -27"><span class='ocrx_word' id='word_1_339' title='bbox 113 3127 166 3194; x_wconf 79' lang='lat' dir='ltr'><strong>eit</strong></span> <span class='ocrx_word' id='word_1_340' title='bbox 188 3115 347 3221; x_wconf 71' lang='grc'><strong>61166666]</strong></span> <span class='ocrx_word' id='word_1_341' title='bbox 375 3117 575 3192; x_wconf 84' lang='lat' dir='ltr'><strong>Concessio.</strong></span> <span class='ocrx_word' id='word_1_342' title='bbox 1249 3118 1432 3215; x_wconf 90' lang='lat' dir='ltr'>Cap.XLI.</span> <span class='ocrx_word' id='word_1_343' title='bbox 1447 3118 1478 3212; x_wconf 89' lang='lat'><strong>5.</strong></span> <span class='ocrx_word' id='word_1_344' title='bbox 1487 3118 1548 3189; x_wconf 94' lang='grc'><strong>99.</strong></span> <span class='ocrx_word' id='word_1_345' title='bbox 1573 3123 1754 3213; x_wconf 79' lang='lat' dir='ltr'><strong>Nunquam</strong></span> <span class='ocrx_word' id='word_1_346' title='bbox 1767 3113 1841 3217; x_wconf 72' lang='lat' dir='ltr'><strong>epo]</strong></span> <span class='ocrx_word' id='word_1_347' title='bbox 1855 3119 2118 3219; x_wconf 81' lang='lat' dir='ltr'><strong>Frequentatio.</strong></span> 
     </span>
    </p>
   </div>
   <div class='ocr_carea' id='block_1_3' title="bbox 121 3331 2118 3548">
    <p class='ocr_par' dir='ltr' id='par_1_20' title="bbox 121 3331 2118 3548">
     <span class='ocr_line' id='line_1_30' title="bbox 1400 3332 1949 3386; baseline -0.009 0"><span class='ocrx_word' id='word_1_348' title='bbox 1400 3337 1424 3385; x_wconf 81' lang='lat' dir='ltr'><strong>st</strong></span> <span class='ocrx_word' id='word_1_349' title='bbox 1456 3332 1600 3386; x_wconf 71' lang='grc'><strong>661118.</strong></span> <span class='ocrx_word' id='word_1_350' title='bbox 1632 3333 1657 3383; x_wconf 76' lang='lat' dir='ltr'><strong>lt</strong></span> <span class='ocrx_word' id='word_1_351' title='bbox 1726 3333 1788 3385; x_wconf 78' lang='lat' dir='ltr'><strong>rell.</strong></span> <span class='ocrx_word' id='word_1_352' title='bbox 1941 3372 1949 3386; x_wconf 89' lang='lat'>.</span> 
     </span>
     <span class='ocr_line' id='line_1_31' title="bbox 121 3331 2118 3548; baseline -0.014 -45"><span class='ocrx_word' id='word_1_353' title='bbox 121 3456 125 3463; x_wconf 65' lang='lat'><em>⁴</em></span> <span class='ocrx_word' id='word_1_354' title='bbox 159 3392 484 3526; x_wconf 42' lang='grc' dir='ltr'><strong>1151155111]πῖῂῇ</strong></span> <span class='ocrx_word' id='word_1_355' title='bbox 501 3388 648 3526; x_wconf 47' lang='lat' dir='ltr'><strong>mah</strong></span> <span class='ocrx_word' id='word_1_356' title='bbox 664 3385 731 3454; x_wconf 54' lang='grc' dir='ltr'><strong>’π’</strong></span> <span class='ocrx_word' id='word_1_357' title='bbox 748 3385 793 3449; x_wconf 55' lang='grc'><strong>11</strong></span> <span class='ocrx_word' id='word_1_358' title='bbox 821 3379 1012 3435; x_wconf 60' lang='grc'><strong>1111111111</strong></span> <span class='ocrx_word' id='word_1_359' title='bbox 1026 3380 1099 3434; x_wconf 64' lang='lat' dir='ltr'>M</span> <span class='ocrx_word' id='word_1_360' title='bbox 1179 3338 1616 3548; x_wconf 40' lang='grc' dir='ltr'><strong>ἓξὲξεέξέιὲαῧωιιυω1</strong></span> <span class='ocrx_word' id='word_1_361' title='bbox 1624 3331 1976 3482; x_wconf 57' lang='grc'><strong>661606661111111616611166</strong></span> <span class='ocrx_word' id='word_1_362' title='bbox 1999 3424 2027 3478; x_wconf 78' lang='lat' dir='ltr'><strong>h.</strong></span> <span class='ocrx_word' id='word_1_363' title='bbox 2049 3422 2071 3476; x_wconf 87' lang='lat' dir='ltr'>l.</span> <span class='ocrx_word' id='word_1_364' title='bbox 2089 3425 2118 3476; x_wconf 86' lang='lat' dir='ltr'><strong>tn</strong></span> 
     </span>
    </p>
   </div>
   <div class='ocr_carea' id='block_1_4' title="bbox 157 3536 2120 3731">
    <p class='ocr_par' dir='ltr' id='par_1_21' title="bbox 157 3536 2120 3731">
     <span class='ocr_line' id='line_1_32' title="bbox 157 3536 2120 3647; baseline -0.016 -31"><span class='ocrx_word' id='word_1_365' title='bbox 157 3564 206 3626; x_wconf 80' lang='lat'><strong>¹⁷)</strong></span> <span class='ocrx_word' id='word_1_366' title='bbox 224 3562 325 3627; x_wconf 71' lang='lat' dir='ltr'><strong>nanc]</strong></span> <span class='ocrx_word' id='word_1_367' title='bbox 343 3563 385 3615; x_wconf 75' lang='lat' dir='ltr'><strong>na</strong></span> <span class='ocrx_word' id='word_1_368' title='bbox 401 3536 451 3615; x_wconf 77' lang='lat' dir='ltr'><strong>na.</strong></span> <span class='ocrx_word' id='word_1_369' title='bbox 470 3563 543 3614; x_wconf 79' lang='lat' dir='ltr'><strong>rasa</strong></span> <span class='ocrx_word' id='word_1_370' title='bbox 562 3563 590 3613; x_wconf 70' lang='lat' dir='ltr'><strong>et</strong></span> <span class='ocrx_word' id='word_1_371' title='bbox 608 3559 664 3623; x_wconf 83' lang='lat' dir='ltr'><strong>u.;</strong></span> <span class='ocrx_word' id='word_1_372' title='bbox 681 3558 731 3608; x_wconf 83' lang='lat' dir='ltr'><strong>na.</strong></span> <span class='ocrx_word' id='word_1_373' title='bbox 750 3555 836 3608; x_wconf 73' lang='lat' dir='ltr'><strong>oren.</strong></span> <span class='ocrx_word' id='word_1_374' title='bbox 854 3552 940 3609; x_wconf 70' lang='lat' dir='ltr'><strong>nau</strong></span> <span class='ocrx_word' id='word_1_375' title='bbox 1180 3583 1230 3643; x_wconf 64' lang='lat'><strong>2„</strong></span> <span class='ocrx_word' id='word_1_376' title='bbox 1246 3581 1272 3634; x_wconf 55' lang='grc' dir='ltr'><em>Α</em></span> <span class='ocrx_word' id='word_1_377' title='bbox 1286 3591 1396 3647; x_wconf 57' lang='lat' dir='ltr'><strong>pom,</strong></span> <span class='ocrx_word' id='word_1_378' title='bbox 1418 3575 1545 3636; x_wconf 76' lang='lat' dir='ltr'><strong>namra]</strong></span> <span class='ocrx_word' id='word_1_379' title='bbox 1568 3575 1639 3641; x_wconf 53' lang='lat' dir='ltr'><strong>m</strong></span> <span class='ocrx_word' id='word_1_380' title='bbox 1660 3571 1742 3629; x_wconf 53' lang='grc' dir='ltr'><strong>,ω</strong></span> <span class='ocrx_word' id='word_1_381' title='bbox 1763 3575 1848 3631; x_wconf 48' lang='grc' dir='ltr'><strong>Μ,</strong></span> <span class='ocrx_word' id='word_1_382' title='bbox 1867 3575 1940 3638; x_wconf 54' lang='grc' dir='ltr'><strong>,Μ</strong></span> <span class='ocrx_word' id='word_1_383' title='bbox 1962 3575 2120 3631; x_wconf 62' lang='lat' dir='ltr'><strong>mmm</strong></span> 
     </span>
     <span class='ocr_line' id='line_1_33' title="bbox 159 3645 1467 3731; baseline -0.016 -11"><span class='ocrx_word' id='word_1_384' title='bbox 159 3669 207 3729; x_wconf 81' lang='lat' dir='ltr'><strong>te)</strong></span> <span class='ocrx_word' id='word_1_385' title='bbox 224 3669 305 3731; x_wconf 83' lang='grc'><strong>6116]</strong></span> <span class='ocrx_word' id='word_1_386' title='bbox 322 3665 363 3718; x_wconf 83' lang='lat' dir='ltr'><strong>sie</strong></span> <span class='ocrx_word' id='word_1_387' title='bbox 379 3666 429 3718; x_wconf 74' lang='lat' dir='ltr'><strong>Ed.</strong></span> <span class='ocrx_word' id='word_1_388' title='bbox 447 3666 524 3719; x_wconf 81' lang='grc'><strong>16118.</strong></span> <span class='ocrx_word' id='word_1_389' title='bbox 541 3665 569 3714; x_wconf 83' lang='grc'><strong>61</strong></span> <span class='ocrx_word' id='word_1_390' title='bbox 587 3662 640 3727; x_wconf 82' lang='lat' dir='ltr'><strong>el.;</strong></span> <span class='ocrx_word' id='word_1_391' title='bbox 658 3661 710 3712; x_wconf 80' lang='lat' dir='ltr'><strong>Ed.</strong></span> <span class='ocrx_word' id='word_1_392' title='bbox 728 3657 815 3712; x_wconf 80' lang='lat' dir='ltr'><strong>orell.</strong></span> <span class='ocrx_word' id='word_1_393' title='bbox 832 3657 907 3718; x_wconf 61' lang='lat' dir='ltr'><strong>ou„</strong></span> <span class='ocrx_word' id='word_1_394' title='bbox 1213 3652 1240 3701; x_wconf 85' lang='lat' dir='ltr'><strong>h.</strong></span> <span class='ocrx_word' id='word_1_395' title='bbox 1257 3651 1277 3700; x_wconf 89' lang='grc'><strong>1.</strong></span> <span class='ocrx_word' id='word_1_396' title='bbox 1295 3645 1467 3705; x_wconf 74' lang='lat' dir='ltr'><strong>noninveni.</strong></span> 
     </span>
    </p>
   </div>
   <div class='ocr_carea' id='block_1_5' title="bbox 0 0 2276 5764">
    <p class='ocr_par' dir='ltr' id='par_1_22' title="bbox 0 0 2276 5764">
     <span class='ocr_line' id='line_1_34' title="bbox 0 0 2276 5764; baseline 0 0"><span class='ocrx_word' id='word_1_397' title='bbox 0 0 2276 5764; x_wconf 95' lang='lat' dir='ltr'><strong> </strong></span> 
     </span>
    </p>
   </div>
   <div class='ocr_carea' id='block_1_6' title="bbox 170 5451 703 5585">
    <p class='ocr_par' dir='ltr' id='par_1_23' title="bbox 170 5451 703 5585">
     <span class='ocr_line' id='line_1_35' title="bbox 170 5451 703 5585; baseline -0.006 -30"><span class='ocrx_word' id='word_1_398' title='bbox 170 5451 473 5585; x_wconf 66' lang='lat' dir='ltr'><strong>lucumonis.</strong></span> <span class='ocrx_word' id='word_1_399' title='bbox 503 5485 587 5551; x_wconf 81' lang='lat' dir='ltr'><strong>Von.</strong></span> <span class='ocrx_word' id='word_1_400' title='bbox 603 5484 703 5552; x_wconf 79' lang='lat' dir='ltr'>XVI.</span> 
     </span>
    </p>
   </div>
  </div>
 </body>
</html>
