4544 5766
121 190 203 269 aas
476 186 559 263 m
609 188 895 267 unianimo
926 187 1103 263 numi
1132 182 1424 269 nummum
1453 182 1780 277 tuls'totffla
2075 199 2155 303 Μ

124 363 241 433 loebe.
286 359 622 455 Maiorem-probat
636 361 845 437 Aristoteles
860 388 903 433 ex
922 363 1018 433 dieto
1034 363 1116 434 Pla·
1168 383 1250 449 rum
1267 372 1516 447 argumentum
1539 363 1774 436 refutationis.
1835 364 2074 464 Pythagoraei
2098 373 2151 441 di»

122 465 239 547 tonis,
267 465 422 559 quiipse
437 467 593 556 negabat
612 465 710 537 ideas
733 491 836 549 esse,
858 465 921 536 ubi
942 478 993 536 est
1016 468 1115 558 prius
1166 474 1296 531 xerunt
1309 486 1489 537 summum
1503 465 1638 535 bonum
1661 492 1735 538 esse
1760 493 1872 540 unum
1898 472 2087 569 quiddam,
2112 475 2150 547 id

121 581 157 639 et
169 569 365 660 posterius.
385 614 389 621 -
417 565 458 639 ld
474 562 532 638 hic
549 594 593 638 eo
614 571 879 651 accommodat,
902 581 943 639 ut
964 593 1114 663 sequens
1165 565 1277 657 magis
1300 564 1431 654 Probat
1451 565 1679 653 Αΐῑδῑῡῑθῖθδ,
1709 589 1826 663 ‘quam
1854 575 2147 666 imaginationem

120 683 238 751 textus
264 671 448 754 ostendit,
486 684 527 743 ut
546 671 717 762 significet
737 672 957 741 ch'rersarum
983 671 1113 763 specie·
1165 667 1209 735 de
1232 666 1310 736 idea
1331 669 1513 740 communi
1529 671 1720 743 bonorum.
1771 673 1844 744 Nec
1865 679 1952 747 dicit
1977 680 2062 773 quid
2085 708 2147 760 ro-

121 799 201 843 rum
223 796 304 843 nora
326 796 399 843 esse
424 797 535 845 unam
557 775 698 858 ideam,
724 773 814 843 sieut
834 773 966 843 binarii
983 787 1018 843 et
1043 788 1112 843 ter·
1164 765 1554 863 luerinththagoraei,
1578 798 1643 842 nec
1658 800 1724 845 nos
1744 778 1880 850 curiose
1896 783 2146 871 scrutabimur,

121 875 214 945 narii
228 901 307 945 uon
323 887 440 966 potest
454 901 528 947 esse
545 901 617 947 una
633 876 726 959 idea,
752 877 835 969 quia
852 889 936 947 sum
950 877 1110 947 diversae
1163 873 1246 966 quia
1268 874 1462 945 sententiae
1486 870 1711 968 Pythagorae
1740 878 1885 951 fuerunt
1912 883 2021 956 variis
2043 885 2144 958 invo-

122 978 266 1071 spccies.
334 978 443 1049 Vides
463 974 679 1071 reprehendi
706 980 850 1048 confuse
881 979 995 1063 dicta,
1035 995 1112 1049 erm
1161 974 1267 1045 lucris
1284 988 1407 1047 tectae.
1445 975 1522 1046 Etsi
1537 991 1656 1051 cautem
1673 978 1852 1053 interdum
1866 987 1985 1075 figuris
2002 1001 2036 1057 et
2050 1015 2145 1082 sym·

124 1080 330 1172 explicatius
344 1081 483 1164 dicere,
508 1082 622 1153 virtus
637 1093 689 1150 est
706 1081 797 1164 finis,
820 1092 882 1151 aiat
897 1082 1010 1152 virtus
1026 1108 1109 1151 con·
1159 1078 1250 1149 bolis
1268 1103 1391 1149 omnes
1412 1079 1588 1170 ingeniosi
1609 1082 1848 1168 delectantur,
1874 1100 1994 1159 tamen
2016 1097 2144 1167 modus

124 1185 238 1254 iuncta
255 1209 337 1252 cum
354 1185 535 1275 voluptate
548 1197 602 1255 est
615 1183 714 1268 buis,
742 1209 850 1277 quam
866 1185 998 1275 lingere
1013 1210 1108 1254 com-
1160 1181 1306 1274 quidam
1324 1181 1381 1264 sit,
1408 1196 1443 1251 et
1460 1208 1533 1251 non
1549 1183 1594 1252 sit
1608 1185 1719 1253 nimia
1737 1187 1950 1275 obscuritas,
1974 1195 2142 1283 dogmata

123 1311 266 1357 munem
282 1299 318 1355 et
331 1287 566 1357 universalem
590 1288 706 1356 ideam
728 1286 815 1354 boui
836 1288 1106 1355 convenientem
1159 1283 1230 1352 sint
1261 1284 1468 1377 perspicua,
1504 1299 1538 1354 et
1559 1288 1705 1378 proprie
1729 1287 1843 1374 dicta,
1882 1305 1917 1360 et
1938 1293 2077 1369 ἐσθλὸν
2098 1296 2141 1373 τὸ

125 1388 240 1458 virtuti
257 1402 295 1459 et
316 1389 503 1481 volsrptati.
562 1389 661 1459 Tarlis
681 1389 778 1457 nulla
802 1414 872 1457 una
896 1390 1024 1459 notitia
1045 1404 1108 1460 aru
1159 1380 1291 1482 σαφὲς,
1324 1384 1721 1484 inqcritEuripides¹⁶),
1753 1391 1882 1476 idest,
1911 1398 2144 1491 perspicuitas

126 1493 236 1582 imago
257 1492 399 1583 concipi
418 1504 554 1583 potest,
588 1491 797 1583 praesertim
822 1491 859 1560 in
884 1486 951 1560 hac
975 1493 1106 1561 discor·
1159 1501 1210 1558 est
1241 1488 1403 1578 generosi
1434 1489 1546 1559 aninri
1574 1489 1757 1564 indicium.
1816 1495 1936 1586 Quare
1965 1501 2142 1593 fugiamus

127 1595 178 1664 dia
191 1607 337 1678 nostra,
363 1594 401 1661 in
423 1618 493 1687 qua
512 1608 648 1686 pugnat
672 1595 836 1686 voluptas
861 1619 941 1663 cum
963 1595 1105 1666 virtute.
1158 1591 1349 1661 verborum
1385 1592 1540 1663 latebras
1578 1607 1613 1662 ct
1654 1619 1813 1666 amemus
1852 1601 2141 1692 perspicuitatem

129 1700 239 1791 Quare
266 1695 329 1765 illa
351 1698 432 1765 idea
455 1710 507 1765 cst
528 1697 635 1765 insane
656 1698 891 1778 vocabulum,
931 1697 988 1766 eui
1006 1699 1104 1767 nulla
1157 1693 1365 1783 praesertim
1379 1693 1417 1763 in
1434 1694 1606 1767 docendo.
1640 1695 1722 1767 Non
1738 1699 1861 1768 dubito
1878 1716 1995 1773 autem
2008 1705 2141 1800 Pytha.

129 1800 321 1871 tersubest.
345 1800 348 1806 ’
371 1798 456 1869 hleo
472 1799 679 1870 Aristoteles
705 1812 803 1869 taixat
824 1794 889 1868 has
913 1801 1104 1870 verborum
1157 1820 1280 1884 gorram
1298 1791 1365 1865 hac
1386 1797 1521 1881 unitate
1543 1798 1754 1871 intellexisse
1770 1800 1906 1887 Deum,
1933 1832 2039 1900 quem
2062 1836 2141 1883 sen-

79 1972 81 1979 ,
131 1902 351 1994 praestigias,
379 1926 484 1995 ·quae
514 1926 588 1970 non
617 1914 822 1973 monstrant
849 1926 905 1971 res
934 1916 1048 1974 certas
1068 1904 1104 1971 in
1156 1898 1202 1967 sit
1216 1923 1289 1968 esse
1304 1900 1450 1967 unicum
1475 1912 1509 1969 et
1528 1927 1707 2009 sarnanum
1731 1905 1886 1990 bonum,
1927 1931 2140 2008 causamque

79 2002 82 2095 l
131 2004 304 2075 communi
320 2004 404 2073 rita.
456 2002 552 2073 Idem
567 2029 713 2097 prorsus
730 2005 806 2074 vult
830 2007 1025 2073 secuudum
1049 2031 1105 2074 ar-
1156 2001 1262 2084 boui,
1288 2002 1410 2083 idest,
1436 2002 1769 2089 rerrunbonarum,
1796 2007 1885 2077 sicut
1905 2011 2063 2089 delinitio
2084 2042 2140 2087 so·

131 2120 350 2197 gumeutum,
377 2109 475 2200 quod
494 2107 638 2201 quidem
656 2133 676 2175 a
693 2105 809 2198 priori
829 2102 920 2176 nihil
945 2132 1035 2198 opus
1055 2122 1106 2179 est
1157 2115 1239 2187 crat,
1266 2130 1358 2197 qnae
1372 2104 1542 2177 tribuitur
1557 2106 1825 2204 Sperrsippu¹⁰):
1859 2109 1955 2183 Deus
1974 2130 2025 2186 cst
2040 2144 2141 2193 mem

133 2210 254 2281 ticelti.
1158 2219 1322 2290 aeterua,
1348 2232 1452 2278 carrusa
1467 2208 1555 2277 honi
1576 2221 1725 2280 naturae
1747 2237 1809 2281 sen
1832 2236 1963 2286 rerurn.
2015 2221 2065 2293 Ut
2079 2248 2141 2295 au.

218 2311 508 2405 Aequiuocinon
527 2325 662 2381 estuna
684 2311 883 2381 communis
901 2312 991 2382 idea.
1035 2313 1105 2381 Bo·
1159 2321 1228 2376 tem
1266 2309 1376 2379 oeulis
1411 2310 1526 2379 lucem
1565 2337 1745 2382 octrumum
1783 2315 1919 2385 bonum
1951 2344 2024 2390 esse
2055 2325 2141 2397 dici.

130 2441 208 2487 uum
228 2415 423 2507 aequivoce
445 2414 575 2484 dieitur
595 2416 639 2482 de
663 2416 760 2482 bono
784 2415 959 2498 naturali,
995 2412 1106 2484 hone-
1157 2435 1255 2493 mus,
1296 2410 1346 2481 ita
1372 2414 1484 2480 menti
1504 2408 1683 2483 humanae
1701 2441 1880 2491 summum
1903 2420 2039 2495 bonum
2066 2452 2140 2511 esse

79 2592 81 2601 ,
128 2533 197 2603 stu,
220 2517 320 2600 utili,
347 2518 465 2593 suaavi:
494 2541 821 2610 ergoneqnaqnam
843 2530 894 2586 est
915 2541 986 2586 uara
1011 2544 1106 2586 com-
1157 2526 1292 2582 veteres
1320 2508 1524 2605 philosophi
1551 2515 1737 2601 dicebant,
1775 2518 1846 2588 frui
1874 2520 1969 2606 Deo,
2009 2526 2046 2598 id
2077 2544 2140 2615 est,

130 2622 241 2693 „mnis
257 2621 352 2689 idea,
1159 2640 1347 2704 agnoscere
1364 2614 1500 2699 Deum,
1535 2629 1569 2685 et
1592 2618 1784 2711 ci,parere.
1844 2622 2021 2698 Videbant
2044 2633 2139 2703 enim

223 2722 343 2792 Maior
360 2733 413 2790 est
427 2721 625 2791 manifesta.
679 2721 772 2814 Quia
789 2721 1013 2791 diversarum
1030 2745 1106 2812 spe·
1158 2717 1334 2786 mentibus
1346 2713 1512 2789 humanis
1527 2718 1669 2805 insitam
1685 2745 1758 2790 esse
1773 2729 1952 2817 quandam
1967 2729 2055 2822 legis
2076 2758 2140 2805 no.

127 2825 256 2895 citrum
272 2826 530 2894 diversaesunt
545 2823 735 2912 imagines,
770 2824 862 2894 utin
879 2824 1106 2915 praecedenti
1157 2820 1294 2905 titiam,
1321 2845 1412 2914 quare
1437 2834 1613 2891 monstrat
1635 2822 1858 2912 esseDeum,
1884 2854 1996 2901 unmn
2019 2837 2141 2907 condi·

123 2941 335 3020 argumento
349 2927 485 2995 dictum
501 2939 563 2999 est.
623 2927 695 2997 Nec
713 2939 852 2996 estnua
869 2926 1017 3010 notitia,
1044 2951 1105 2996 sen
1158 2934 1272 2991 torem
1295 2947 1434 3006 rerum,
1459 2924 1616 3007 bonum,
1643 2924 1791 3010 iustum,
1817 2929 2012 3021 vindicem,
2039 2965 2141 3008 mon-

123 3031 303 3113 tlelinitio,
330 3029 429 3098 corvi
443 3042 478 3099 et
492 3029 585 3112 avis,
613 3028 711 3096 corvi
726 3042 761 3097 et
775 3029 894 3120 piscis.
1157 3038 1246 3094 strat
1263 3024 1346 3093 item
1366 3025 1568 3095 discrimina
1586 3021 1816 3098 honestorum
1836 3045 1870 3100 et
1886 3035 2055 3127 turpium,
2077 3045 2141 3111 do-

222 3133 403 3203 Minorem
418 3133 558 3223 probat.
611 3132 703 3222 Quia
722 3156 951 3225 nequaquam
968 3144 1105 3203 estuna
1158 3140 1281 3222 cetque
1304 3126 1383 3197 Deo
1407 3127 1445 3197 in
1467 3125 1536 3198 boc
1563 3126 1701 3198 delectu
1727 3131 2045 3227 obtemperandum
2067 3170 2141 3215 esse

121 3235 271 3319 notitia,
296 3260 360 3306 seu
373 3234 531 3303 delinitio
548 3234 695 3315 mentis,
720 3260 811 3326 quae
827 3237 1027 3304 estbonum
1042 3259 1105 3303 na-
1157 3230 1371 3322 adprobanti
1388 3226 1549 3302 honesta.
1601 3230 1704 3301 Talia
1728 3233 1922 3307 disserebat
1940 3254 2040 3315 retus
2061 3242 2142 3340 phi-

122 3336 256 3422 turale‚
284 3350 319 3409 et
333 3336 487 3420 virtutis,
514 3361 605 3430 quae
624 3336 824 3406 esthonum
842 3332 1044 3419 honestum,
1071 3349 1106 3404 et
1156 3328 1319 3424 losophia
1343 3335 1386 3401 de
1402 3330 1480 3403 Deo
1504 3345 1539 3426 et
1563 3333 1767 3404 desummo
1790 3339 1899 3412 bono.
1955 3341 2038 3414 ldeo
2062 3374 2143 3419 cum

120 3441 314 3532 pcmoiae,
341 3464 432 3536 quae
457 3452 508 3509 est
528 3440 664 3509 bonnm
687 3439 794 3521 utile,
828 3451 863 3506 et
885 3439 1105 3510 dilatationis
1156 3430 1379 3528 Pythagoras
1393 3434 1526 3528 inquit:
1554 3430 1594 3503 ln
1611 3437 1737 3505 ordine
1759 3438 1938 3512 bonorum
1961 3472 2141 3520 summum

119 3568 338 3626 nervorum,
361 3567 453 3635 quae
470 3554 522 3610 est
537 3541 723 3611 delectatio
741 3541 778 3611 in
795 3554 971 3611 coritactu.
1020 3539 1104 3611 ideo
1157 3562 1231 3606 esse
1246 3535 1436 3631 quiddam,
1472 3540 1514 3606 de
1533 3536 1611 3605 Deo
1636 3539 1774 3610 locutus
1800 3557 1861 3614 est.
1912 3544 2017 3618 Hunc
2034 3554 2143 3623 sensit

119 3646 257 3740 inquit,
286 3644 514 3715 diuersorum
538 3645 717 3714 bonorum
744 3644 903 3714 diversas
925 3656 1038 3726 artes,
1071 3657 1106 3712 et
1157 3638 1301 3709 unicum
1318 3665 1403 3725 esse,
1431 3651 1466 3708 et
1480 3636 1643 3709 homines
1656 3642 1727 3710 frui
1744 3669 1807 3716 suu
1823 3646 1933 3733 bono,
1954 3676 2033 3721 cum
2046 3651 2144 3728 hunc

120 3749 263 3819 diversa
295 3747 585 3839 praedicamenta
614 3771 710 3828 esse,
746 3746 828 3840 quia
850 3746 1000 3815 notitiae
1023 3759 1106 3817 sunt
1157 3754 1371 3833 agnoscunt,
1411 3753 1446 3809 et
1469 3739 1501 3810 ci
1524 3742 1783 3835 obtemperant.
1851 3748 1948 3833 Haec
1978 3768 2029 3826 est
2057 3758 2143 3851 legis

123 3852 296 3921 diversae.
360 3850 498 3918 Deinde
521 3848 795 3931 absurditatem,
828 3874 891 3919 seu
914 3849 1021 3918 inane
1044 3873 1106 3917 ro·
1157 3845 1339 3927 doctrina,
1366 3868 1458 3938 quae
1475 3842 1595 3939 aliquo
1612 3849 1721 3916 modo
1738 3853 1949 3925 naturaliter
1972 3870 2056 3927 nota
2079 3874 2142 3944 est,

123 3954 289 4025 eubulum
305 3952 472 4044 exagitat.
522 3952 627 4021 Plato
644 3951 813 4021 discernit
835 3951 929 4021 inter
952 3951 1104 4043 speeiem
1158 3971 1268 4043 quae,
1308 3946 1490 4041 quomodo
1521 3947 1752 4018 discernenda
1781 3953 1826 4021 sit
1856 3980 1873 4023 a
1904 3960 2141 4048 promissione

124 4057 360 4139 abstractam,
402 4067 566 4150 quaeest
587 4055 743 4146 perlecta
769 4054 907 4145 imago,
942 4067 975 4122 et
998 4054 1103 4122 alimn
1156 4048 1360 4140 Evangelii,
1385 4048 1620 4119 aliasdietum
1641 4064 1703 4122 est.
1755 4053 1828 4122 Alii
1852 4060 2054 4150 symbolum
2070 4064 2142 4159 Py-

125 4159 306 4251 uulgarem
329 4158 533 4248 imaginem,
600 4156 709 4226 atiud
733 4170 785 4226 est
806 4157 840 4225 ei
859 4151 1106 4250 αὐτοάνθρω-
1157 4148 1328 4242 thagorae'
1345 4150 1495 4220 civiliter
1511 4151 1723 4243 intelligunt,
1747 4180 1859 4226 carrum
1876 4184 1949 4229 esse
1963 4187 2142 4238 summum

124 4284 190 4343 ,ως
208 4286 275 4333 eeu
292 4256 518 4355 αὐτοαρετὴ,
553 4259 650 4329 aliud
672 4257 875 4352 ἄνθρωπος
895 4284 958 4329 seu
981 4252 1104 4351 ἀρετή.
1157 4255 1313 4339 bonurn,
1348 4253 1386 4322 id
1411 4267 1480 4338 est,
1516 4268 1672 4340 certum,
1705 4268 1799 4324 certa
1826 4261 1966 4333 ratione
1992 4266 2142 4341 circum.

125 4363 219 4455 Quid
235 4362 411 4445 voluerit,
434 4362 507 4431 iam
525 4361 617 4445 dini,
643 4363 720 4431 vult
742 4360 880 4443 ideam,
905 4374 945 4431 ut
964 4361 1106 4430 sortitu-
1157 4356 1348 4449 scriptum,
1381 4355 1471 4425 sicut
1493 4356 1638 4425 dicitur:
1680 4354 1815 4427 lustitia
1842 4375 1894 4431 est
1918 4380 2083 4445 constans
2108 4387 2144 4445 et

127 4465 237 4551 huis,
265 4490 339 4536 esse
365 4466 560 4555 perlectam
582 4463 792 4555 imaginem,
818 4487 893 4531 non
918 4463 1033 4557 qualis
1055 4475 1107 4533 est
1157 4473 1329 4552 perpetua
1355 4457 1594 4552 voluutas¹⁷),
1627 4457 1664 4526 id
1687 4472 1756 4543 est,
1794 4477 1888 4534 certa
1911 4481 1945 4537 et
1970 4490 2142 4569 perpetua

128 4569 321 4641 iuCatone.
369 4565 453 4637 ldeo
473 4569 687 4637 abstractam
704 4560 1106 4660 vocataciroardpeiar.
1158 4562 1297 4631 ratione
1337 4583 1398 4631 seu
1436 4584 1563 4628 norma
1599 4560 1885 4656 circumscripta,
1934 4574 2019 4667 quia
2055 4578 2142 4651 vitia

129 4669 193 4741 sad
214 4669 423 4741 Aristoteles
445 4669 582 4739 deridet
604 4669 884 4752 affectationem,
920 4693 983 4738 seu
1006 4667 1107 4736 novi-

131 4784 226 4947 t&
237 4773 724 4970 ὧῖυνὲῗᾞέῗῖἒὲἵέἔςᾝ
736 4772 1107 4969 Σὲτῑὲἱέἕξπὲὅω
1195 4843 1241 4910 tt)
1259 4844 1354 4907 Eurip.
1372 4845 1456 4910 lplrtg.
1473 4846 1537 4896 Aul.
1552 4843 1613 4896 56⁰.
1637 4836 1756 4896 Ἔσθλὸν
1772 4844 1863 4917 σαφὲς
1880 4851 1943 4909 alet.

226 4979 353 5050 Obiter
369 4977 493 5049 inserit
508 4977 641 5046 dietum
649 4969 927 5068 Pythagoricum
936 4974 995 5070 ¹⁴),
1012 4974 1109 5069 quod
1196 4964 1736 5100 ¹⁸}iff‘ffilfflpn2ffi'gffi0ffsnffi
1754 4966 1900 5091 faigm
1916 4977 2144 5103 mmmm&

79 5074 81 5095 ¹
139 5082 399 5153 mfflffle
413 5080 633 5151 Platofflcae.
685 5076 825 5147 Deinde
839 5079 933 5149 redit
953 5079 1000 5147 ad
1024 5078 1109 5147 alte·
1230 5103 1330 5167 cessit,
1349 5116 1426 5167 quen
1444 5104 1535 5152 sacten
1554 5106 1616 5164 pont
1632 5106 1694 5153 ooto
1712 5114 1801 5155 anuos
1817 5109 1852 5159 ob
1869 5102 2053 5166 retitudinem
2063 5117 2143 5169 tnr-

1231 5184 1300 5223 maru
1325 5171 1477 5223 Xerrocrett
1500 5171 1645 5221 concessit.
1693 5174 1728 5222 Α.
1746 5173 1800 5225 848
1820 5186 1846 5227 ι.
1864 5177 1927 5230 cnr.
1946 5185 2071 5235 nocuo·
2093 5192 2145 5242 ert.

142 5220 336 5350 m
351 5232 530 5346 dietmaiiod
547 5281 713 5331 Aristoteles
730 5279 755 5340 s.
769 5278 794 5330 7.
814 5278 891 5330 acrius
908 5279 1005 5343 ospitis
1021 5280 1112 5343 elect,
1231 5242 1340 5360 mm
1356 5242 1391 5291 ἰ)
1407 5252 1441 5290 ⁶⁰
1458 5240 1555 5290 ”lim
1572 5239 1738 5292 “mmm
1761 5240 1843 5353 ΜΨ
1867 5247 2034 5301 mentm!
2056 5257 2146 5345 ΜΦ

199 5354 359 5419 umus
376 5353 510 5415 incipiunt
527 5350 555 5400 ln
573 5351 657 5402 ualet.
673 5350 758 5414 tm,
778 5348 852 5401 15³2.
868 5352 896 5398 et
911 5348 985 5399 tato.
1003 5348 1113 5401 Scholia

200 5424 292 5487 cuttu
311 5423 360 5473 Vl.
1202 5415 1250 5476 tr)
1268 5415 1324 5468 cto.
1341 5411 1546 5553 Philippiglll.
1561 5424 1585 5464 u.
1598 5412 1626 5464 6.
1644 5413 1671 5477 8.
1688 5413 1728 5465 tu
