4544 5766
189 198 266 279 sor
474 192 678 268 semma
697 193 775 273 ru.
795 133 1002 271 aru-o
1026 188 1235 267 ramma
1259 194 1328 267 m
1350 191 1942 273 communicamus.
2134 187 2212 265 sn

194 369 338 441 caeteris
361 368 496 462 politiis
517 369 689 438 dicemus:
722 368 916 458 Praecepta
939 365 1117 437 naturalia
1142 379 1178 434 et
1228 369 1358 440 iectum
1383 369 1430 439 sit
1450 366 1662 452 Ambrosio,
1701 369 1826 439 cedere
1849 363 1984 458 templo
2006 358 2215 455 botentin),

193 474 335 557 divina,
361 496 451 566 quae
467 484 550 541 sunt
562 469 759 555 naturalia,
792 483 875 539 sunt
891 468 1094 539 eommunia
1110 469 1177 538 toti
1228 487 1349 543 tamen
1360 473 1556 563 prudenter
1571 471 1841 562 intelligendum
1857 482 1920 541 cst.
1971 466 2065 537 Nam
2086 464 2216 534 eodem

195 575 317 669 generi
335 572 506 645 humano.
557 569 641 642 ldco
657 573 789 666 ubique
809 573 904 640 valet
927 585 1176 664 praeceptum:

194 680 278 755 Non
292 680 427 747 furtum
443 676 570 759 facies,
597 677 687 746 sicut
701 687 945 768 praeceptum:
977 675 1061 746 Nou
1080 699 1178 744 moe-

195 778 367 851 chaberis.
418 778 465 848 Et
486 778 618 872 ubique
643 778 775 849 subditi
795 775 930 848 habent
950 779 1069 872 aliqua
1092 802 1177 869 pro·

194 884 293 975 pria,
334 894 369 951 et
391 906 597 975 quanquam
622 881 752 951 alicubi
775 881 925 952 servitus
948 893 1018 965 est,
1058 894 1178 949 tamen

194 986 324 1078 gradus
339 997 422 1055 suut
437 985 634 1068 servitutis,
662 999 697 1054 et
710 986 803 1075 leges
820 984 963 1077 imperii
975 983 1180 1055 Germanici

193 1089 381 1159 manifeste
398 1088 561 1157 sanciunt
575 1105 695 1158 rerum
710 1087 980 1179 proprietatem,
1005 1099 1046 1156 ut
1063 1100 1180 1156 osten·

195 1192 247 1261 dit
261 1190 432 1261 successio
448 1190 485 1258 in
499 1186 790 1273 haereditatibus,
814 1202 889 1259 tum
907 1192 944 1259 in
957 1190 1084 1273 feudis,
1103 1203 1179 1259 tum

194 1293 233 1365 in
248 1294 326 1362 aliis
340 1292 461 1378 bonis,
488 1294 526 1361 in
543 1294 670 1388 quibus
686 1290 857 1364 habemus
872 1293 1072 1364 dominium
1088 1293 1180 1362 dire·

196 1409 291 1466 ctum
313 1408 349 1465 et
363 1397 461 1465 utile.

299 1547 391 1618 Sunt
420 1561 538 1617 autem
571 1549 609 1617 in
637 1549 860 1619 subditorum
885 1551 990 1620 bonis
1016 1549 1179 1618 ordinata

196 1651 350 1734 tributa,
376 1651 572 1720 necessaria
592 1654 637 1720 ad
656 1677 880 1721 communem
906 1678 1050 1743 pacem,
1077 1676 1180 1746 quae,

195 1767 236 1824 ut
253 1755 507 1846 supradictum
525 1767 594 1837 est,
627 1754 758 1823 iustum
778 1768 829 1824 est
846 1768 881 1823 et
895 1769 1014 1845 petere
1031 1768 1064 1823 et
1079 1778 1180 1846 prae-

195 1869 309 1940 stare,
350 1858 411 1926 sed
444 1857 490 1926 sit
520 1856 747 1926 mediocritas
780 1858 985 1928 tolerabilis.
1051 1857 1180 1926 Postea

195 1960 310 2030 sciant
327 1984 450 2028 onmes
467 1983 566 2049 reges
582 1973 616 2027 et
631 1960 808 2050 principes
822 1986 859 2030 se
877 1985 1019 2053 quoque
1031 1960 1108 2051 lege
1130 1959 1181 2026 di-

196 2060 281 2129 vina
299 2061 428 2130 teneri:
456 2061 539 2130 Nou
554 2063 686 2130 furtum
703 2063 821 2131 facies.
872 2063 968 2131 l‘lacc
989 2065 1045 2132 lex
1069 2076 1181 2131 ructas

197 2164 394 2234 circumdat
429 2165 593 2234 omnibus
627 2161 833 2235 homiuibus
864 2166 1113 2236 universaliter
1144 2164 1181 2232 in

197 2279 274 2336 toto
289 2291 417 2357 genere
433 2261 604 2337 humano.
657 2268 750 2360 Quia
765 2269 840 2337 sine
863 2270 934 2337 ulla
960 2269 1181 2338 dubitatione

196 2394 296 2460 reges
314 2368 421 2438 etiam
444 2370 590 2439 subiecti
615 2384 697 2439 srmt
717 2371 786 2462 legi
808 2372 969 2455 divinae,
995 2384 1035 2441 ut
1049 2372 1181 2440 Psalm.

197 2470 321 2566 82⁴⁷),
343 2469 429 2567 (1.):
457 2472 554 2542 Deus
575 2474 671 2542 stetit
691 2474 727 2541 in
750 2498 929 2567 synagoga
953 2478 1121 2556 deorum,
1149 2486 1182 2541 et

197 2576 282 2645 deos
301 2575 481 2645 diiudicat.
541 2575 588 2643 Et
609 2575 690 2645 Esa.
708 2578 743 2659 3,
761 2576 872 2672 (14.):
907 2577 1004 2647 Deus
1029 2578 1067 2646 in
1091 2578 1182 2646 iudi-

197 2679 292 2747 cium
310 2679 428 2746 reniet
444 2703 523 2747 cum
540 2678 772 2770 principibus.
798 2679 845 2748 Et
855 2677 1003 2751 Zachar.
1016 2682 1076 2763 10,
1094 2680 1180 2775 (3.);

197 2781 311 2873 Super
325 2795 485 2872 pastores
500 2781 611 2851 iratus
627 2796 678 2850 est
692 2785 793 2851 furor
807 2808 918 2853 meus.

298 2934 488 3003 Praeterea
518 2958 618 3024 reges
643 2934 749 3003 etiam
772 2936 920 3005 subiecti
945 2949 1027 3006 sunt
1048 2937 1183 3027 legibus

197 3036 378 3139 positivis,
426 3036 609 3106 ordinaria
639 3039 829 3107 autoritate
873 3040 911 3107 in
949 3065 1058 3130 regno
1091 3040 1183 3110 latis.

198 3141 415 3234 Quanquam
440 3141 477 3207 in
501 3135 555 3208 his
579 3135 712 3208 hahent
735 3136 946 3232 potestatem
972 3142 1183 3232 interpreta-

199 3244 318 3312 tionis.
382 3240 466 3310 ldeo
489 3267 592 3334 saepe
614 3243 742 3311 citatur
760 3246 816 3313 lex
841 3242 1037 3315 Theodosii
1059 3245 1097 3313 iu
1116 3246 1183 3314 Co-

197 3347 275 3416 dice
290 3343 338 3438 ⁴⁸)
369 3370 460 3439 quae
490 3346 655 3415 omnibus
684 3360 769 3415 nota
804 3372 877 3416 esse
904 3349 1025 3416 debet:
1065 3348 1182 3439 Digna

198 3448 323 3543 v0x⁴⁰)
348 3448 531 3518 maiestate
553 3451 753 3540 regnantis,
785 3451 920 3541 legibus
943 3452 1125 3543 alligatum
1147 3477 1183 3521 se

197 3551 396 3645 principem
412 3552 584 3645 profiteri.
636 3553 736 3621 Adeo
752 3555 795 3621 de
809 3554 1000 3623 autoritate
1017 3555 1104 3624 iuris
1120 3579 1184 3624 no·

200 3669 271 3724 stra
287 3655 419 3746 pendet
440 3655 632 3738 autoritas,
666 3671 700 3726 et
720 3681 760 3724 re
782 3681 864 3724 vera
893 3658 1008 3726 maius
1032 3659 1183 3750 imperio

200 3772 272 3839 est,
319 3757 527 3827 submittere
558 3759 693 3846 legibus
719 3759 959 3851 principatum
975 3760 1034 3854 ⁶⁰).
1101 3761 1184 3830 ldeo

200 3861 296 3930 enim
313 3860 463 3950 scriptae
479 3870 562 3928 sunt
578 3861 683 3950 leges,
704 3874 744 3929 ut
758 3857 921 3932 homines
936 3863 1084 3952 legibus,
1111 3889 1185 3932 nou

200 3962 344 4030 incertis
360 3963 633 4052 magistratuum
650 3964 805 4033 arbitriis
818 3979 998 4055 regantur.
1056 3966 1183 4036 Postea

202 4065 346 4135 additur
361 4064 608 4155 magistratus,
635 4078 675 4134 ut
692 4067 736 4136 sit
752 4080 867 4138 custos
893 4081 929 4136 et
951 4081 1116 4138 executor
1137 4071 1186 4137 le·

1228 578 1337 645 modo
1363 575 1515 645 diciano
1537 574 1658 651 omnia
1682 600 1756 645 esse
1778 594 1926 664 regum,
1950 570 2041 639 sicut
2065 567 2217 638 dicimus

1230 679 1351 747 omnia
1369 703 1442 749 esse
1458 679 1598 768 legum,
1629 702 1692 747 seu
1713 679 1827 767 legem
1851 700 1924 746 esse
1948 672 2135 741 dominam
2157 692 2215 739 re·

1229 807 1329 866 rum,
1356 781 1539 863 videlicet,
1565 805 1639 850 uon
1655 781 1752 874 quod
1763 781 1942 871 privatam
1955 774 2216 868 proprietatem

1230 886 1294 955 ulli
1310 885 1439 977 eripiat
1453 887 1528 967 lex,
1554 885 1615 953 sed
1629 883 1743 953 multo
1759 883 1892 973 magis,
1918 880 2016 974 quod
2035 877 2082 947 sit
2099 887 2218 947 custos

1231 988 1510 1071 distributionis,
1537 1012 1628 1080 quae
1644 987 1802 1078 primum
1816 987 1907 1055 facta
1924 994 1986 1052 est.
2027 979 2075 1051 Et
2088 979 2219 1049 rrltima

1231 1091 1400 1160 successio
1423 1091 1460 1157 in
1483 1089 1587 1159 bonis
1610 1089 1757 1158 desertis
1772 1088 1818 1182 ω)
1845 1084 2008 1179 pervenit
2032 1084 2077 1153 ad
2099 1083 2217 1172 legem

1231 1219 1292 1264 seu
1308 1219 1487 1263 summum
1505 1194 1792 1283 gubernatorem.

1333 1347 1423 1417 Cum
1445 1345 1587 1414 extincti
1613 1356 1695 1415 sunt
1717 1341 1848 1435 privati
1871 1337 2027 1421 domini,-
2062 1336 2139 1419 lex,
2182 1334 2219 1403 id

1233 1464 1304 1534 est,
1343 1475 1501 1519 summus
1522 1449 1740 1541 gubernator
1760 1446 1845 1516 facit
1868 1442 1974 1510 aliam
1997 1436 2219 1510 distributio-

1232 1579 1326 1623 nem.
1364 1552 1410 1620 Ei
1429 1550 1670 1621 iurisconsulti
1688 1550 1845 1618 modeste
1859 1548 2057 1639 loquentes,
2077 1542 2218 1610 diccmt:

1232 1655 1362 1727 Omnia
1379 1668 1460 1725 sunt
1475 1680 1618 1745 regum,
1645 1653 1742 1746 quod
1759 1653 1804 1719 ad
1821 1649 2064 1719 defensionem
2079 1644 2218 1713 attinet.

1233 1760 1334 1853 Quae
1349 1759 1522 1828 sententia
1540 1753 1608 1826 hoc
1624 1757 1738 1847 ipsum
1755 1756 1850 1838 vult,
1874 1754 1988 1843 leges,
2014 1747 2159 1829 iudicia,
2186 1759 2221 1814 et

1233 1866 1506 1954 gubernatores,
1549 1860 1715 1953 quisunt
1739 1868 1941 1928 executores
1967 1855 2108 1944 legum,
2149 1872 2222 1919 esse

1234 1966 1395 2036 custodes
1416 1967 1528 2033 factae
1552 1961 1831 2041 distributionis,
1863 1971 1898 2027 et
1920 1955 2083 2026 extinctis
2102 1950 2220 2023 domi-

1233 2070 1288 2139 nis
1303 2065 1434 2137 habere
1450 2091 1627 2136 summam
1646 2066 1888 2134 astitoritatem.

1333 2217 1400 2284 Hic
1429 2230 1530 2285 vetus
1557 2214 1718 2284 narratio
1752 2214 1794 2282 de
1819 2212 2036 2305 imperatore
2061 2204 2219 2275 Henrico

1232 2317 1584 2412 Lucetburgensitt)‚
1611 2316 1806 2386 memoriae
1823 2313 2027 2384 mandanda
2043 2322 2106 2380 cst.
2152 2306 2220 2376 Hic

1234 2425 1329 2493 enim
1346 2450 1426 2492 cum
1442 2423 1479 2490 in
1496 2420 1634 2490 ltaliam
1651 2422 1719 2490 iter
1742 2420 1891 2500 faceret,
1917 2428 1951 2484 et
1967 2439 2049 2484 casu
2065 2413 2221 2481 interro-

1234 2539 1348 2619 gasset
1362 2528 1406 2594 de
1422 2551 1521 2606 arce,
1548 2524 1647 2593 cuius
1664 2535 1773 2605 esset,
1798 2545 1889 2615 quae
1913 2540 2121 2613 quanquam
2145 2512 2221 2607 pri-

1235 2643 1355 2699 vatum
1380 2628 1566 2697 domiuum
1591 2623 1764 2709 habebat,
1804 2637 1924 2693 tamen
1947 2619 2132 2691 dicebatur
2153 2618 2222 2685 im·

1234 2733 1409 2825 peratoris
1436 2757 1528 2814 esse,
1566 2743 1644 2798 orta
1669 2742 1720 2798 est
1742 2724 1935 2818 disputatio
1962 2724 1999 2792 in
2024 2722 2153 2792 itinere
2178 2720 2222 2788 de

1235 2837 1346 2904 dicto:
1371 2818 1601 2904 Omniasunt
1617 2831 1856 2924 imperatoris.
1913 2826 1960 2896 Et
1976 2838 2153 2895 certatum
2171 2836 2225 2893 est

1236 2937 1396 3030 deposito
1414 2936 1582 3032 equom),
1617 2949 1651 3003 et
1670 2935 1844 3028 permissa
1866 2929 2073 3002 diiudicatio
2098 2928 2224 2996 docto-

1235 3043 1351 3125 ribus,
1386 3065 1466 3109 cum
1490 3039 1669 3107 venissent
1691 3035 1908 3106 Bononiam.
1959 3030 2012 3101 lbi
2033 3056 2113 3100 curn
2138 3054 2225 3125 pro-

1235 3144 1443 3213 nuntiarent
1457 3145 1620 3211 doctores
1637 3166 1703 3232 pro
1725 3165 1779 3223 eo,
1804 3137 1867 3234 qui
1879 3136 2088 3205 defenderat
2103 3158 2223 3202 arcem

1235 3247 1462 3339 imperatoris
1478 3271 1570 3328 esse,
1597 3244 1680 3338 quia
1698 3243 1819 3312 omnia
1836 3252 1951 3309 essent
1975 3237 2223 3329 imperatoris:

1236 3364 1270 3419 et
1293 3351 1382 3419 alter
1403 3350 1577 3419 amisisset
1599 3371 1729 3440 equum
1755 3372 1796 3415 ex
1822 3356 1946 3436 pacto:
1982 3337 2150 3410 homines
2172 3342 2224 3408 fa·

1237 3454 1302 3523 ceti
1318 3453 1594 3522 assentationem
1613 3450 1812 3519 deriserunt
1834 3443 1902 3516 hoc
1920 3446 2019 3528 ioco,
2045 3442 2222 3530 dicentes:

1235 3557 1398 3626 Alterum
1438 3554 1570 3625 habere
1605 3578 1756 3646 equum,
1810 3552 1960 3620 alterum
1995 3544 2222 3639 respondisse

1237 3685 1402 3755 aequum.

1339 3813 1478 3881 Citatur
1521 3822 1555 3877 et
1596 3834 1637 3877 ex
1675 3805 1873 3898 Augustino
1886 3803 1932 3899 ω)
1972 3804 2011 3872 iu
2048 3800 2224 3883 Decretis,

1238 3915 1316 3985 dist.
1333 3918 1367 3984 8.
1378 3913 1424 4008 ³⁰)
1458 3914 1562 3982 Tolle
1584 3912 1662 3981 iura
1687 3911 1965 4003 imperatorum,
1999 3919 2034 3975 et
2059 3906 2139 4001 quis
2162 3931 2224 3976 aici-

1239 4019 1334 4087 debit
1347 4018 1480 4086 dicere:
1507 4014 1603 4084 Haec
1620 4014 1704 4082 villa
1716 4037 1797 4081 mea
1814 4009 1945 4105 est?⁶⁷)
1971 4007 2019 4078 Et
2038 4009 2153 4079 multa
2173 4009 2225 4078 ibi

201 4193 304 4260 gum,
332 4194 393 4239 seu
419 4192 489 4237 vox
513 4168 599 4259 legis
624 4181 658 4237 et
683 4170 845 4240 minister
872 4170 908 4237 in
931 4171 1070 4240 iudiciis
1092 4185 1126 4241 et
1148 4173 1186 4239 in
1238 4200 1247 4206 ·

200 4271 338 4363 poenis.

304 4428 373 4495 Sed
388 4429 519 4494 multae
535 4423 751 4519 hyperbolae
775 4425 941 4515 leguntur
965 4428 1008 4495 ab
1032 4443 1187 4499 assenta-

203 4529 340 4598 toribus
356 4531 446 4597 male
462 4532 635 4613 detortae,
655 4543 694 4598 ut
710 4542 778 4597 est:
807 4528 937 4597 Omnia
955 4544 1037 4599 sunt
1051 4557 1187 4622 regum,

203 4633 301 4727 quod
317 4632 449 4700 dictum
469 4634 533 4701 etsi
555 4635 643 4700 adeo
659 4633 828 4701 usitatum
846 4645 916 4716 est,
944 4646 983 4701 ut
1000 4633 1106 4703 etiam
1127 4638 1189 4703 ob·

211 4812 363 4821 ——-—--
402 4813 416 4817 ..

237 4919 294 5038 αἶ)
304 4917 484 5036 ΡῗιΙιιιὼθῖ]
512 4917 596 4967 aaut.
622 4917 709 4968 Ettctc.
744 4921 891 4970 secuudum
915 4922 1002 4972 Lxx.
1034 4926 1062 4974 et
1085 4925 1187 4989 Vulg:

296 5001 375 5037 seru.
429 5024 435 5036 .

237 5092 477 5222 tepqod.1l.²etq.
494 5091 533 5144 14.
560 5091 639 5141 text.
665 5090 762 5153 (corp.
787 5091 838 5143 iur.
865 5093 916 5144 civ.
942 5095 983 5146 ed.
1010 5096 1084 5146 Beck
1109 5096 1187 5147 ’1.11.

296 5198 303 5213 .
330 5175 381 5222 .p.
430 5175 478 5210 o..

238 5262 286 5328 ⁴9)
306 5264 374 5323 vox]
392 5262 420 5311 tn
439 5262 538 5312 Codice
555 5262 677 5313 additur:
697 5267 750 5314 est.

237 5366 287 5422 60)
307 5364 510 5427 ρήιιοὶραῐιιηι.]
530 5364 557 5411 1η
571 5363 636 5415 cod.
656 5364 749 5414 addite
766 5369 845 5414 sunt:
870 5367 905 5414 Et
924 5367 1035 5417 oraculo
1053 5379 1188 5428 preaesen-

270 5434 308 5479 tr‘s
321 5432 402 5481 edicti
409 5467 418 5496 ,
439 5434 509 5494 quod
523 5434 600 5483 crebis
619 5434 703 5484 licere
721 5447 776 5487 nott
793 5435 929 5499 patirum,
947 5435 1010 5485 atits
1029 5437 1187 5489 iudicemus.

1272 4298 1320 4363 at)
1338 4294 1501 4345 Ambrosius
1519 4293 1663 4355 episcopus
1681 4285 1897 4338 Mediolanensis
1921 4287 1955 4335 ab
1972 4285 2144 4357 Imperatore
2162 4284 2224 4355 Ye-

1306 4365 1456 4416 teutiuicno
1470 4364 1500 4412 11.
1516 4363 1629 4423 eiusque
1641 4362 1729 4409 matre
1741 4357 1861 4420 lustina,
1880 4354 1980 4417 temple
1993 4352 2127 4416 quaedam
2138 4350 2224 4403 Arta-

1308 4436 1352 4484 uts
1370 4433 1469 4483 cedere
1487 4433 1582 4481 iussus
1601 4428 1712 4490 obsequt
1730 4426 1827 4476 notuit.

1271 4554 1320 4612 52]
1340 4552 1475 4609 desertis]
1495 4550 1536 4599 sic
1552 4548 1620 4598 Edd.
1642 4547 1733 4609 tadu,
1756 4545 1831 4595 teat.
1851 4546 1879 4593 et
1899 4540 1991 4606 1667.;
2007 4540 2059 4591 tte.
2078 4539 2157 4591 1500.
2173 4544 2226 4604 ty-

1307 4636 1386 4687 pogr.
1404 4633 1515 4671 errore:
1541 4619 1678 4667 desertas.

1274 4743 1321 4809 53)
1341 4744 1420 4794 Cous.
1440 4752 1525 4803 supra
1541 4755 1567 4801 p.
1585 4738 1641 4789 126.
1661 4741 1726 4787 trote
1740 4736 1781 4785 11.

1273 4868 1322 4924 51)
1341 4867 1424 4928 equo]
1444 4863 1484 4911 sic
1502 4861 1570 4910 Edd.
1592 4858 1683 4917 tuas..
1703 4854 1777 4905 1557.
1796 4857 1823 4903 et
1844 4850 2206 4914 remanentiumque.

1273 4988 1320 5051 55)
1340 4988 1380 5035 Ex
1399 4981 1547 5046 Augustini
1569 4980 1650 5030 tract.
1666 4976 1712 5024 vt.
1733 4974 1767 5023 ad
1786 4987 1808 5021 c.
1825 4974 1846 5024 1.
1866 4970 1985 5021 loannis.

1274 5111 1322 5165 56)
1342 5105 1450 5154 Decreti
1469 5104 1556 5166 prima
1574 5112 1639 5163 pars
1656 5097 1719 5145 dist.
1731 5096 1757 5144 8.
1775 5108 1797 5146 c.
1816 5095 1838 5143 1.
1858 5094 1885 5153 S.
1899 5093 1922 5144 1.
1940 5091 2038 5154 (Corp.
2053 5091 2108 5143 ior.
2124 5103 2224 5144 mon.

1308 5178 1349 5226 ed.
1369 5177 1478 5223 tric-,tter
1498 5175 1528 5224 P.
1541 5173 1561 5220 l.
1581 5185 1606 5233 p.
1624 5168 1689 5226 te).

1273 5293 1321 5359 57)
1343 5296 1415 5343 ttucc
1434 5293 1500 5341 vitta
1519 5301 1578 5339 mea
1595 5279 1674 5345 citt]
1694 5284 1733 5333 sic
1751 5283 1833 5330 editt.
1849 5280 1954 5334 deboc
1977 5277 2030 5327 loct
2047 5277 2125 5327 uum
2141 5283 2226 5329 verba

1310 5369 1375 5413 naec
1396 5366 1475 5411 sunt:
1507 5370 1567 5408 meo
1585 5360 1630 5406 est
1648 5356 1697 5403 itte
1715 5354 1798 5411 vitta,
1821 5355 1869 5400 ecit
1888 5361 1965 5398 meus
1984 5351 2027 5397 est
2045 5347 2092 5397 itte
2111 5362 2226 5411 servus,

1309 5438 1355 5482 erit
1374 5434 1469 5482 ctumus
1488 5431 1553 5478 baec
1572 5437 1630 5476 mea
1649 5415 1713 5473 est?
