4544 5766
58 186 142 266 m

63 360 449 452 magnam-regionem·
461 359 660 452 toceuparit
674 359 780 455 ⁷¹).····
806 358 1055 432 Sctcee's'serunt

62 464 225 557 posteris
243 466 409 559 quaestio
427 475 508 546 est,-
526 464 679 535 eminete
694 476 851 534 teneant.

55 596 63 603 ’
81 598 84 603 ’
99 590 118 613 ”
149 588 332 695 'Denique'
362 596 635 693 maxittra‘'‘'pars‘
653 588 842 668 lrontinit'rn
864 592 1053 681 dubitaret,

54 700 106 770 'aii
123 698 217 773 iirsl'e
230 727 287 771 res
303 725 384 772 suas
397 690 594 793 'possideret
604 755 613 784 ,
623 718 629 742 ¹
640 703 669 771 ‘si
679 703 810 793 procul
828 700 1053 797 quaerendae

61 806 179 874 es'sent
204 800 331 874 causae
353 804 609 874 translationis.
658 799 752 872 'ldeo
773 804 953 896 sapienter
973 808 1053 872 sari-

62 906 129 976 cita
145 908 209 978 ¹est
229 900 486 1001 praescriptio,
518 919 552 975 et
576 906 827 989 constitutum,
861 932 905 976 ne
927 907 1052 999 procul

63 1022 284 1105 quaerantur
300 1034 445 1098 clausae,
471 1010 533 1079 sed
548 1022 588 1078 ut
604 1010 719 1098 legem
738 1021 772 1076 ct
789 1022 949 1078 nostram
969 1034 1051 1079 con-

61 1111 249 1182 scientiam
265 1111 489 1203 aspiciamus.

162 1249 212 1317 Et
235 1244 293 1317 hic
318 1230 475 1340 priinum
498 1247 619 1338 regula
645 1249 798 1314 tenenda
832 1260 901 1317 est:
944 1247 1050 1339 Quod

60 1351 191 1446 cuique
214 1351 378 1422 attribuit
401 1352 477 1433 lex,
503 1374 597 1418 vera·
611 1350 802 1431 autoritate
825 1349 987 1433 condita,
1014 1352 1050 1418 id

58 1453 153 1523 iuste
177 1466 295 1537 tenet,
336 1453 443 1523 etiam
464 1451 543 1521 Deo
566 1453 809 1543 approbante,
848 1452 932 1546 quia
953 1452 1050 1523 Deus

49 1558 243 1649 ¹approbat
260 1557 424 1648 politicas
446 1555 690 1624 ordinationes
710 1554 889 1646 probabili
909 1557 1049 1623 ratione

57 1661 183 1732 iactos.
236 1657 360 1754 ltaque
379 1682 499 1728 coram
517 1657 595 1726 Deo
611 1660 705 1726 bona
724 1658 938 1727 conscientia
960 1659 1049 1727 iuste

57 1763 222 1854 possides
245 1775 344 1833 tuam
368 1762 545 1843 tunicam,
583 1759 721 1829 etiamsi
744 1761 924 1844 nauseis,
950 1786 1050 1854 ⁸qno-

54 1867 171 1934 modo
182 1866 275 1935 'lana
294 1866 339 1933 ad
357 1889 437 1934 eum
453 1863 676 1955 pervenerit,
703 1863 765 1957 qui
781 1864 862 1932 fecit
877 1887 1050 1955 pannum.

163 2001 439 2071 Haec-doctrina
465 2012 499 2068 et
522 1998 719 2068 consolatio
743 2000 848 2070 bonis
871 1999 1050 2068 mentibus

55 2105 260 2176 necessaria
279 2117 348 2187 est,
372 2128 463 2198 quae
490 2102 519 2171 si
543 2103 664 2192 ignota
680 2115 787 2184 esset,
815 2105 1049 2173 conscientiae

51 2208 199 2302 magnis
216 2205 499 2276 dubitationibus
516 2204 814 2274 excruciarentur.
844 2214 856 2225 '

164 2344 234 2413 Sed
251 2342 344 2411 dicet
358 2342 502 2435 aliquis:
539 2341 732 2434 Quomodo
757 2353 874 2432 polest
887 2337 977 2410 mihi
995 2365 1050 2410 res

53 2447 181 2514 aliena
211 2444 377 2528 attribui,
418 2469 494 2512 non
517 2444 729 2513 assentiente
751 2443 924 2513 domino?
981 2444 1051 2511 lle-

53 2551 239 2643 spondeo:
268 2547 359 2617 Cum
383 2548 544 2639 privatus
568 2548 735 2616 dominns
754 2571 835 2617 suas
861 2570 917 2614 res
940 2547 1051 2636 negli-

54 2652 132 2745 git,
166 2653 223 2721 lex
245 2652 284 2719 fit
304 2649 429 2718 talium
455 2672 577 2718 rerum
594 2648 754 2731 domina,
779 2648 869 2718 sient
884 2648 980 2717 Dens
997 2649 1051 2716 in-

57 2754 145 2851 quit
167 2752 297 2850 (Exod.
317 2750 376 2838 19,
394 2748 429 2824 5.
463 2752 594 2822 Psalm.
611 2748 672 2834 50,
699 2751 791 2845 12.):
832 2751 945 2820 Terra
970 2776 1049 2818 arrea

57 2871 125 2927 est.
188 2856 278 2926 Cum
302 2856 412 2947 igitur
434 2856 490 2925 lex
514 2855 620 2938 sciat,
657 2867 822 2946 oportere
843 2856 950 2923 finem
978 2879 1050 2924 esse

57 2961 201 3044 litium,
227 2973 261 3028 et
276 2960 434 3049 singulos
454 2959 543 3029 scire
560 2972 745 3048 oportere,
772 2983 819 3026 an
835 2981 979 3028 suerrum
996 2982 1051 3025 re-

56 3088 147 3134 rnm
169 3061 309 3131 domini
333 3062 423 3145 sint,
462 3075 496 3130 et
519 3061 602 3129 iusti
622 3086 859 3152 possessores,
901 3061 1052 3128 consulit

57 3166 248 3234 communi
262 3163 342 3258 paci
358 3177 393 3233 et
407 3162 642 3233 conscientiae
658 3163 927 3254 possidentium.
953 3162 1051 3231 :ttio-

61 3266 238 3363 quienim
261 3267 422 3362 quisquis
445 3267 570 3349 vellet,
599 3267 838 3360 qualicunque
854 3278 1052 3357 praetextu,

63 3372 209 3441 turbare
238 3384 395 3441 veterem
422 3394 680 3462 possessorem,
729 3382 768 3438 nt
799 3382 918 3436 tctrnen
946 3393 1051 3459 saepe

66 3474 144 3542 fieri
170 3471 341 3544 ridemus.
408 3473 504 3541 Haec
527 3497 605 3539 cnm
630 3471 679 3539 ita
705 3472 760 3539 lex
783 3471 918 3554 sanxit,
956 3470 1052 3539 Dens

66 3577 260 3669 approbat,
301 3589 335 3643 et
364 3601 439 3643 non
467 3574 614 3644 dubium
641 3587 691 3642 est
716 3573 995 3665 praescriptione
1019 3586 1053 3641 et

68 3679 201 3773 acquiri
219 3676 400 3762 dominia,
428 3692 462 3747 et
477 3703 532 3747 res
548 3677 639 3747 iuste
659 3676 833 3767 possideri
847 3677 943 3744 bona
969 3701 1052 3744 con-

71 3782 225 3852 scientia.

234 3965 296 4035 De
323 3964 454 4034 metis
480 3961 887 4054 praescriptionis.

167 4119 236 4188 Sed
268 4120 362 4210 leges
391 4117 542 4208 scriptae
568 4117 790 4184 circumdant
814 4125 927 4181 metas
950 4136 1052 4202 prae-

74 4218 269 4311 scriptioni,
308 4221 370 4290 ubi
395 4222 531 4302 valeat,
572 4244 662 4313 quae
689 4219 717 4287 si
738 4216 938 4297 violentur,
979 4239 1052 4281 non

74 4337 158 4391 recte
175 4324 466 4393 accommodatur
488 4347 621 4390 nomen
643 4318 947 4412 praescriptionis.
1005 4317 1052 4384 Ut

77 4498 272 4511 ——u—-un

104 4593 149 4660 71)
166 4596 241 4644 llaec
260 4592 385 4653 spectant
402 4590 437 4638 ad
452 4592 586 4650 Byrsam,
617 4598 709 4635 arcem
733 4585 760 4633 in
786 4582 872 4632 medta
897 4584 963 4631 ortae
981 4581 1053 4630 Cac-

138 4661 365 4724 ttregintenstum,
383 4660 461 4709 cuins
480 4656 597 4707 nominis
618 4655 695 4718 origo
714 4667 747 4703 ex
765 4655 934 4702 Graecorum
953 4649 1052 4698 tatrutis

137 4740 165 4784 et
183 4720 281 4782 Servio
302 4729 367 4777 telis
386 4731 443 4776 est:
476 4724 601 4789 Appulse
617 4723 653 4772 ed
671 4724 786 4785 Limam
805 4719 889 4783 Dido,
922 4730 1000 4780 quum
1019 4720 1052 4765 etr

137 4803 237 4853 tttarm
256 4798 424 4859 pelleretur,
455 4794 533 4856 petllt
551 4792 667 4854 callide,
699 4795 729 4839 ut
747 4791 849 4839 emeret
868 4791 972 4836 tantum
990 4791 1051 4834 ter-

137 4881 199 4934 rae,
234 4872 364 4929 quantum
391 4865 488 4926 posset
511 4861 614 4911 corium
637 4859 715 4909 bovts
736 4862 848 4911 tenere.
879 4856 948 4918 quod
973 4867 1053 4917 quum

137 4925 1052 5065 caesenatistttttxtttttttttt:attat

139 5077 270 5127 eonditum
294 5083 312 5121 e
336 5071 433 5119 bubulo
456 5069 531 5119 corto
554 5071 670 5129 Byrsam
698 5065 871 5125 nuncupavit.
924 5061 999 5122 Qirod
1025 5062 1053 5107 et

140 5146 225 5204 uerte
241 5143 324 5203 Vtrg.
343 5143 412 5188 Aen.
432 5140 457 5193 1.
474 5136 526 5188 ³67
540 5149 582 5197 sq.
612 5133 780 5194 Meroetiqne
805 5133 910 5193 sotum,
936 5129 1001 5178 teeti
1018 5127 1053 5176 de

140 5204 245 5263 nontne
264 5213 400 5272 Byrsam.
437 5206 555 5256 'leortno
585 5209 713 5266 quautam
739 5203 853 5263 possent
883 5197 1053 5249 circumdare

141 5287 224 5344 tergo.
277 5278 343 5326 tid.
368 5277 445 5325 ntor.
464 5275 492 5335 2,
519 5274 561 5329 ts,
587 5275 644 5337 tt,
674 5272 813 5322 Drakentr.
839 5269 873 5319 ud
897 5268 945 5319 sil.
965 5269 990 5323 1,
1011 5266 1052 5315 16.

142 5352 240 5413 scalig.
251 5346 395 5397 Arrtmedv.
411 5345 511 5394 Eusetr.
529 5357 557 5391 ιι.
571 5343 632 5397 80³.
651 5356 678 5403 p.
693 5344 736 5391 48.
756 5343 783 5387 et
802 5338 835 5387 de
854 5337 958 5386 emend.
971 5341 1052 5395 temp.

15 5448 30 5497 Ι·
141 5418 258 5482 Append.
279 5431 304 5478 p.
317 5415 361 5466 28.

92 5499 255 5568 hiaxru.
271 5499 377 5565 Ocra.
408 5498 493 5562 Vos.
509 5496 601 5558 XVI.

568 182 928 263 fttttrnttntt
954 168 1575 269 noctitttttfflffilffltttraan
1651 226 1654 235 ·
1704 204 1745 235 '··
1797 218 1802 233 ·

2015 200 2093 277 m

1105 358 1229 455 siquis
1252 361 1396 433 alterius
1419 377 1590 448 tutorem,
1623 365 1732 435 etiam
1755 366 1925 460 ignorans
1950 367 2091 457 lrabeat,

1035 504 1039 513 ·
1105 486 1333 556 nequaqnam
1352 488 1518 535 excusare
1538 468 1650 536 scelus
1671 471 1821 539 nomine
1841 476 2091 566 praescriptio-

1106 565 1161 634 nis
1171 578 1305 655 potest.
1326 602 1330 607 ·
1347 567 1536 637 Usitatnm
1552 583 1605 640 est
1622 583 1739 641 autem
1757 574 1796 642 in
1812 575 1990 669 aliquibus
2015 602 2090 646 rna-

1104 667 1147 735 lis
1162 671 1417 741 consuetudine
1435 683 1469 738 et
1484 672 1716 742 diuturnitate
1732 679 1902 766 temporis
1925 705 2090 751 excusare

1105 783 1269 860 peecata,
1308 786 1348 840 nt
1378 798 1475 842 rnnm
1501 776 1604 843 multi
1635 793 1801 848 excusant
1822 782 2091 869 profanationes

1105 873 1254 956 Missae,
1280 886 1316 941 et
1340 876 1428 945 alios
1451 876 1600 948 vitiosos
1622 880 1746 949 cultus.
1799 884 1867 950 Sed
1891 898 2035 954 aeterna
2056 899 2092 955 et

1104 975 1254 1043 immota
1271 980 1390 1067 regula
1410 984 1561 1048 tenenda
1580 992 1648 1050 cst:
1677 982 1824 1053 Peccata
1850 1009 1924 1053 non
1949 1002 2091 1057 excusat

1103 1078 1319 1148 diuturnitas
1344 1083 1535 1173 temporis,
1562 1081 1812 1156 nthechielis
1827 1090 1890 1170 20,
1916 1088 2089 1184 (18.19.)

1103 1181 1248 1252 dicitur:
1290 1180 1329 1250 ln
1360 1186 1557 1276 praeceptis
1582 1199 1725 1277 patrum
1750 1203 1950 1260 vestrorum
1977 1194 2089 1262 nolite

1103 1285 1297 1355 ambulare.
1349 1285 1427 1376 Ego
1448 1288 1627 1359 Dominus
1643 1289 1740 1359 Dens
1759 1305 1893 1375 vester,
1930 1295 1966 1363 in
1990 1321 2090 1386 prae-

1103 1388 1211 1477 ceptis
1226 1388 1314 1458 meis
1330 1391 1521 1461 ambulate.

1201 1539 1392 1611 Sciendum
1417 1557 1469 1612 est
1488 1543 1599 1635 igitur
1612 1546 1657 1613 de
1679 1548 1979 1639 praescriptione,
2006 1572 2090 1616 con-

1102 1640 1257 1713 ditiones
1274 1656 1430 1737 quatuor
1448 1649 1619 1717 tenendas
1635 1672 1720 1718 esse.

1204 1796 1348 1882 Prima,
1386 1812 1427 1868 ut
1450 1824 1506 1869 res
1528 1802 1609 1870 talis
1630 1801 1693 1886 sit,
1731 1827 1822 1895 quae
1850 1805 1963 1873 teneri
1988 1829 2091 1897 prae-

1101 1898 1293 1989 scriptione
1311 1901 1443 1991 possit,
1470 1903 1552 1996 qnia
1572 1918 1733 1994 peccata,
1761 1930 1817 1975 res
1838 1907 2008 1990 furtivae,
2034 1931 2091 1976 res

1102 2002 1293 2072 attributae
1311 2002 1357 2096 ⁷²)
1393 2004 1592 2076 ministerio
1625 2005 1830 2097 Evangelii,
1878 2034 1943 2077 nec
1976 2009 2091 2078 teneri

1102 2105 1384 2196 praescriptione
1401 2122 1569 2198 possunt,
1593 2133 1658 2179 nec
1673 2110 1822 2204 acquiri.

1205 2257 1365 2326 Secunda
1389 2257 1568 2341 conditio,
1602 2272 1642 2328 ut
1667 2260 1712 2330 sit
1735 2261 1846 2331 iustus
1871 2263 2014 2346 titulus,
2040 2261 2092 2329 vi-

1103 2358 1229 2427 delicet
1245 2360 1416 2429 successio
1433 2361 1472 2429 in
1488 2358 1718 2446 haereditate,
1745 2365 1800 2432 rel
1818 2366 1971 2456 emptio,
1999 2389 2090 2460 qnae

1102 2463 1142 2528 tn
1157 2462 1252 2529 bona
1269 2462 1505 2547 conscientia,
1532 2465 1588 2532 vel
1603 2466 1769 2550 donatia,
1798 2481 1838 2536 nt
1859 2493 1979 2539 emens
2002 2482 2091 2560 part-

1102 2573 1224 2631 numa
1242 2578 1441 2633 mercatore
1457 2568 1532 2635 sine
1550 2568 1654 2651 dolo,
1675 2582 1808 2638 statuat
1822 2595 1858 2640 se
1875 2595 1959 2639 vere
1977 2571 2092 2639 domi-

1103 2691 1189 2734 num
1206 2668 1296 2750 fieri,
1322 2678 1357 2735 et
1372 2663 1440 2736 hoc
1455 2670 1655 2738 dominium
1673 2683 1707 2738 et
1724 2668 1815 2738 hanc
1831 2675 2091 2762 possessionem

1103 2792 1123 2836 a
1140 2768 1217 2837 Deo
1235 2771 1441 2862 approbari.

1207 2921 1331 2990 Tertia
1360 2921 1539 3005 conditio,
1574 2922 1669 2990 bona
1694 2924 1800 3008 fides,
1831 2924 1869 2993 id
1895 2938 1969 3007 est,
1995 2927 2091 2991 lxma

1104 3024 1330 3095 conscicntia.
1392 3024 1469 3094 Etsi
1497 3037 1617 3093 aldem
1645 3020 1733 3093 haec
1756 3029 1912 3096 conditio
1938 3028 2091 3095 correla-

1104 3127 1175 3194 tiva
1193 3129 1367 3198 secundae
1385 3151 1459 3196 esse
1477 3127 1637 3209 ridetur,
1662 3153 1742 3197 cum
1760 3131 1881 3200 titulus
1898 3131 2008 3200 iustus
2029 3140 2092 3211 est,
2146 3204 2150 3211 ,

1102 3241 1219 3320 potest
1237 3255 1418 3322 possessor
1435 3226 1566 3298 habere
1580 3231 1715 3299 bonam
1732 3233 2005 3317 conscientiam,
2031 3234 2094 3302 sed

1105 3344 1225 3401 tamen
1247 3332 1335 3404 haec
1359 3333 1534 3402 restrictio
1558 3335 1803 3425 complectitur
1827 3349 1862 3405 et
1884 3336 2011 3418 aliam,
2042 3335 2094 3402 vi-

1104 3434 1250 3519 delicet,
1291 3461 1335 3505 ne
1361 3435 1399 3503 in
1424 3449 1562 3504 emente
1593 3436 1639 3504 sit
1664 3439 1777 3510 dolus.
1847 3440 1972 3509 Posset
1996 3439 2092 3505 enim

1105 3561 1224 3605 emens
1254 3539 1363 3621 scire,
1404 3562 1480 3606 rent
1506 3562 1579 3607 esse
1603 3539 1772 3607 furtivam
1798 3553 1859 3609 aut
1881 3564 2018 3609 sacram
2034 3538 2094 3634 73),

1104 3639 1281 3708 nesciente
1299 3640 1496 3711 venditore.
1548 3639 1803 3712 Honestissime
1827 3643 1935 3735 igitur
1958 3643 2093 3712 dictum

1105 3754 1174 3826 est,
1199 3745 1245 3811 ad
1261 3743 1581 3835 praescriptionem
1598 3745 1732 3837 requiri
1750 3746 1883 3815 bonam
1897 3746 2023 3828 fidem,
2057 3746 2091 3812 id

1105 3857 1174 3928 est,
1201 3847 1335 3915 bonam
1359 3847 1633 3930 conscientiam,
1667 3873 1712 3917 ne
1736 3850 1823 3942 quid
1847 3850 1930 3918 dolo
1956 3862 2093 3939 agatur,

1105 3960 1138 4016 et
1164 3973 1208 4017 ne
1235 3950 1280 4018 sit
1306 3951 1466 4019 affectata
1509 3949 1724 4040 ignorantia.
1788 3952 1881 4021 barn
1920 3950 2094 4042 particula

1103 4054 1212 4121 torta
1255 4052 1372 4141 sides
1418 4052 1570 4121 excludit
1610 4054 1819 4144 multiplicia
1862 4049 2094 4143 sophismata,

1104 4155 1193 4222 sient
1208 4156 1395 4248 antiquum
1413 4157 1564 4223 dictum:
1588 4151 1684 4223 Inter
1698 4156 1812 4224 bonos
1828 4156 1917 4221 bene
1936 4153 2093 4247 agier⁷⁴).

1103 4254 1208 4324 ltern:
1236 4255 1276 4324 ln
1294 4258 1532 4328 contractibus
1547 4258 1662 4326 bonae
1678 4258 1772 4339 fidei,
1797 4260 1973 4351 quaedam
1991 4282 2092 4348 prae-

1105 4361 1231 4428 standa
1253 4385 1348 4443 esse,
1375 4386 1465 4452 quae
1481 4385 1554 4429 non
1571 4373 1653 4427 sunt
1669 4373 1874 4451 nuncupata
1889 4360 2022 4450 lingna.

1206 4509 1344 4600 erctrta
1367 4508 1544 4589 corrditio,
1579 4520 1631 4575 est
1653 4507 1884 4597 possessionis
1908 4509 2092 4579 continua-

1104 4613 1175 4693 tio,
1203 4612 1278 4680 sine
1295 4610 1556 4700 interruptione
1571 4610 1739 4700 legitima.
1803 4610 1849 4678 Ut
1873 4636 1931 4694 res
1949 4612 2092 4681 mobilis

1103 4715 1259 4783 triennio
1277 4714 1352 4783 sine
1368 4713 1654 4802 interpellatione
1672 4713 1828 4802 legitima
1853 4739 2011 4804 possessa
2035 4715 2091 4784 sit.

1109 4904 1314 4921 ..ύ-

1137 5018 1185 5085 ⁷2)
1205 5016 1368 5134 ettplbutae]
1386 5011 1425 5063 sic
1443 5014 1511 5065 Eat
1529 5012 1605 5064 1550.
1623 5015 1651 5062 et
1673 5015 1765 5078 tom
1791 5014 1859 5063 lldd.
1876 5014 1949 5064 tw.
1971 5018 1998 5064 et
2017 5015 2093 5065 1560.

1173 5088 1240 5140 ιῑῑιί
1261 5086 1361 5134 uttvae.

1137 5209 1188 5267 73)
1208 5207 1264 5255 lter
1290 5214 1373 5253 saera
1396 5199 1414 5253 t.
1433 5216 1458 5265 q.
1481 5213 1566 5262 supra
1584 5200 1611 5249 tn
1629 5200 1718 5263 prime
1743 5199 1898 5250 conditione
1922 5199 2093 5264 appelletur:

1174 5289 1222 5327 res
1240 5275 1375 5324 attributa
1392 5271 1547 5321 mtntsterto
1567 5269 1719 5333 Evangelii.

1139 5400 1188 5459 ta)
1209 5395 1287 5448 Cous.
1307 5404 1392 5455 supre
1410 5389 1511 5530 ιι12867.
1538 5392 1604 5439 uota
1617 5387 1659 5439 27.
