4566 5760
65 207 141 282 167
406 214 410 245 ⁵
469 206 515 265 st
628 204 656 278 l.
695 200 1048 278 mosoma
1070 202 1288 278 MOMLlS·
1302 204 1537 280 ιΕΡΙΊὈΜΕ.
1619 268 1623 273 .
2021 203 2095 278 158

64 380 163 462 fieri,
198 379 297 472 quod
328 398 407 447 cum
436 377 571 448 iustitia
604 391 759 469 pugnat,
790 378 983 448 terrendum
1005 392 1058 448 est
1108 377 1260 470 proinde
1274 379 1503 459 beneficentia
1517 379 1707 472 praecipue
1719 380 1769 449 ita
1781 378 2091 458 moderandaerit,

58 483 174 573 igitur
187 481 387 549 Pericleum
403 480 509 549 illud:
543 481 826 550 Gratilicandum
841 505 916 550 esse
933 480 1055 552 amicis
1106 505 1153 550 ne
1166 481 1224 551 cui
1240 483 1302 551 liat
1315 481 1469 567 iniuria,
1495 483 1586 553 sicut
1600 493 1635 551 et
1656 506 1776 554 sacrae
1799 483 1923 552 literae
1942 484 2088 551 docent:

62 584 172 682 μέχρι
184 582 341 678 βωμῶν,
369 578 437 651 boc
453 595 516 666 est,
538 583 602 667 ita,
612 606 657 653 ne
673 583 854 654 laedamus
867 583 1051 667 iustitiam,
1105 583 1183 654 Deo
1195 608 1271 653 non
1284 586 1426 676 placere
1442 584 1603 656 victimas
1620 612 1661 655 ex
1675 585 1814 678 rapina.

846 854 1318 944 Gratitudo.

165 1072 425 1143 Beneficentiae
452 1071 607 1143 vicissim
629 1076 844 1164 respondere
867 1071 1048 1164 gratitudo
1100 1087 1140 1143 ut
1153 1072 1201 1145 sis
1217 1075 1411 1166 longaevus
1425 1099 1530 1166 super
1545 1088 1691 1147 terram.
1742 1076 1839 1145 Haec
1852 1074 1937 1146 satis
1951 1072 1996 1142 sit
2010 1097 2088 1140 mo-

61 1177 178 1258 debet,
205 1176 287 1246 ideo
303 1176 411 1246 series
426 1174 503 1265 ipsa
517 1176 688 1245 virtutum
705 1177 872 1267 postulat,
897 1187 939 1245 ut
954 1199 1050 1243 nunc
1099 1176 1217 1247 nuisse
1231 1179 1274 1247 de
1290 1177 1403 1248 causis
1418 1177 1664 1268 gratitudinis,
1696 1182 1789 1248 etde
1806 1201 1922 1272 poena
1939 1172 2088 1265 ingrati·

62 1282 107 1349 de
120 1278 338 1371 gratitudine
355 1278 526 1348 dicamus.
573 1276 637 1347 Est
660 1278 756 1346 enim
780 1278 959 1368 gratitudo
978 1276 1050 1344 vir·
1100 1279 1252 1362 tudinis,
1288 1302 1372 1347 nam
1403 1281 1565 1350 omnium
1593 1282 1676 1350 libri
1703 1283 1801 1375 pleni
1835 1293 1918 1353 sunt
1939 1278 2088 1346 laudum

62 1396 140 1465 tus,
165 1406 235 1475 qua
250 1380 481 1450 benemeritis
494 1379 653 1449 debitam
675 1380 827 1470 gratiam
842 1405 923 1451 cum
936 1378 1050 1446 animi
1099 1377 1205 1451 buius
1219 1381 1371 1451 virtutis.
1410 1380 1525 1453 Huius
1538 1384 1681 1477 quidem
1696 1380 1911 1454 simulachra
1925 1380 2033 1450 etiam
2050 1377 2088 1446 in

60 1484 312 1555 benevolentia
327 1508 367 1552 ac
381 1483 512 1565 studio,
537 1496 612 1552 turn
627 1483 706 1552 aliis
720 1483 843 1551 officiis
855 1481 1048 1552 reddimus.
1098 1483 1220 1554 bestiis
1236 1484 1341 1553 nobis
1354 1484 1455 1553 linxit
1468 1484 1588 1568 Deus,
1612 1486 1651 1555 in
1669 1488 1798 1581 quibus
1815 1510 1957 1557 sensum
1976 1505 2089 1576 qrren-

59 1586 231 1657 Debitum
249 1609 357 1668 voco,
381 1584 465 1679 quia
479 1586 637 1655 naturali
652 1585 868 1675 obligatione
882 1587 1049 1655 beneme-
1098 1589 1182 1655 dam
1195 1584 1356 1654 beneficii
1374 1586 1486 1656 inesse
1503 1589 1693 1660 cemimus.
1744 1589 1838 1661 Nota
1854 1600 1906 1658 est
1921 1586 2017 1655 enim
2034 1581 2089 1653 hi-

60 1690 140 1759 ritis
160 1689 311 1778 gratiam
333 1689 519 1770 debemus,
551 1690 618 1759 etsi
639 1713 714 1756 non
735 1712 876 1780 semper
897 1687 1049 1757 civiliter
1098 1689 1209 1758 storia
1225 1691 1268 1757 de
1285 1689 1387 1757 leone
1396 1688 1465 1779 ⁰⁹),
1491 1703 1561 1759 eta
1580 1690 1727 1762 ciconiis
1736 1703 1917 1783 sumptum
1933 1701 1985 1758 est
1999 1687 2089 1756 illud

61 1791 211 1883 obligati
231 1815 363 1861 sumus.
421 1789 580 1860 Proinde
602 1791 685 1885 quia
709 1791 825 1881 gratia
848 1802 901 1861 est
925 1792 1047 1882 aliquo
1099 1788 1466 1890 inenatapyuvm).
1518 1791 1641 1885 Turpe
1666 1808 1718 1865 est
1740 1807 1860 1866 autem
1880 1789 2045 1861 homines
2066 1814 2087 1855 a

57 1897 172 1964 modo
195 1893 333 1974 debita,
360 1891 477 1963 vicina
500 1906 552 1962 est
575 1894 729 1964 iustitiae
754 1893 954 1984 gratitudo,
986 1905 1048 1961 aut
1097 1893 1219 1964 bestiis
1231 1893 1344 1976 vinci,
1370 1886 1512 1964 virtutis
1527 1896 1663 1969 officiis.

60 1997 196 2089 species
226 1997 416 2090 quaedam.
469 1994 560 2067 Cum
589 1996 698 2087 igitur
728 1996 844 2066 omnis
873 1994 1045 2066 iniustitia

60 2111 195 2192 pugnet
212 2122 292 2169 cum
309 2096 477 2169 societate
500 2093 834 2190 bumana,ingrati
860 2098 968 2167 etima
993 2097 1048 2166 iu-
1148 2093 1261 2187 Quis
1299 2095 1454 2166 modus
1491 2120 1584 2166 ease
1624 2097 1760 2167 debet
1799 2095 1842 2166 iu
1885 2094 2035 2187 gratia

59 2203 203 2281 meandi
218 2213 302 2271 sunt
316 2196 436 2270 hostes
449 2196 628 2272 humanae
643 2202 839 2285 societatis,
866 2226 949 2269 nam
970 2199 1046 2270 sine
1454 2217 1603 2286 resera
1613 2217 1668 2286 nd
1677 2216 1722 2286 a?

58 2301 126 2375 bac
141 2315 266 2375 mutua
282 2316 318 2372 et
330 2303 483 2394 gratuita
498 2305 822 2375 communicatione
848 2304 1046 2373 officioruni
1294 2378 1302 2395 .
1457 2381 1465 2396 ο
1509 2381 1517 2398 ι
1823 2383 1831 2400 ·

57 2432 134 2479 non
147 2419 264 2499 potest
278 2405 483 2476 conservari
497 2403 654 2477 bumana
670 2409 832 2478 societas.
856 2407 936 2477 Nisi
950 2404 1046 2474 enim
1201 2378 1393 2450 Gralllffll⁰
1407 2404 1539 2466 assum,
1563 2397 1603 2454 ut
1620 2398 1780 2454 caeterae
1797 2394 1957 2464 Ὴΐῑῑῑῑθὸ,
1984 2382 2089 2449 (lebet

58 2511 131 2581 sint
147 2520 272 2580 mutua
288 2507 423 2590 officia,
448 2532 522 2576 non
539 2523 657 2599 potest
674 2534 747 2580 esse
764 2509 933 2578 diuturna
948 2505 1047 2575 beni·
1100 2503 1173 2549 ‘⁵⁸⁰
1204 2494 1396 2598 Perpetui,
1423 2496 1459 2551 θῑ
1490 2509 1571 2554 cum
1600 2488 1742 2604 virtutis
1774 2511 1879 2555 cansa
1902 2483 2089 2603 gratitudi-

58 2613 194 2704 gaitaa‚
217 2623 253 2679 et
267 2609 503 2702 inaequalitas
518 2610 596 2700 ipsa
613 2613 742 2681 iniusta
762 2622 797 2679 ea
818 2609 962 2677 inimica
984 2630 1049 2676 na,
1099 2605 1184 2698 nem
1197 2584 1363 2673 amplecti
1378 2585 1592 2702 debeamus,
1619 2613 1657 2656 rn
1669 2589 1808 2658 levibus
1822 2590 2001 2657 beneficus
2017 2612 2089 2655 vrr-

57 2729 162 2789 turae
177 2725 241 2794 est,
268 2736 348 2781 cum
363 2734 488 2781 omnes
502 2699 722 2782 ad'muruam
739 2711 1047 2782 conservationem
1099 2696 1155 2753 ²¹¹⁸
1173 2708 1248 2802 ¹l'3?
1264 2709 1301 2755 ὅθ
1318 2699 1485 2755 θΧῦδΰῑῑθῑ
1499 2699 1605 2781 ‘tique
1622 2702 1760 2771 efflat,
1788 2703 1823 2759 01
1839 2713 1960 2757 Veram
1983 2691 2089 2756 bene·

55 2838 261 2887 nascamur.
310 2811 395 2883 ldeo
412 2825 508 2882 recte
524 2814 765 2886 iurisconsulti
778 2814 919 2898 dimmt,
944 2825 1048 2881 natu·
1099 2786 1316 2871 V⁰l⁰¹¹¹¹³¹¹¹v
1339 2801 1374 2856 el
1391 2791 1751 2862 ³⁶1⁸⁸l¹¹dl¹1mb⁰¹¹⁸
1772 2791 1935 2861 merendi
1958 2793 2088 2884 pariat,

56 2919 184 2991 taliter
206 2940 272 2986 nos
299 2915 452 3005 obligari
475 2918 521 2984 ad
544 2913 756 3012 ἀντίδωρα,
783 2928 820 2986 ea
839 2939 1048 3011 quanquam
1098 2912 1174 2957 non
1189 2889 1305 2959 solum
1323 2891 1457 2963 fructus
1472 2917 1599 2977 causa,
1623 2897 1684 2965 sed
1708 2895 1825 2966 nostri
1849 2891 1957 2963 oliicii
1981 2907 2088 2988 atque

57 3025 152 3113 leges
166 3043 241 3090 non
257 3019 346 3087 dant
360 3017 536 3087 actionem
551 3018 590 3087 in
607 3021 766 3113 qualibet
778 3017 1048 3110 ingratitudine,
1098 2987 1333 3112 humassllfflfis
1354 3017 1472 3065 cat1⁸³¹·
1549 2995 1684 3116 Vefum
1712 2998 1752 3067 in
1784 2996 1939 3067 externis
1954 2995 2089 3114 'casticiis

57 3140 181 3195 tamen
198 3121 385 3212 insigniter
399 3118 560 3211 ingratos
575 3122 751 3212 puniunt,
777 3134 819 3192 ut
831 3119 1048 3192 libertosin·
1098 3094 1293 3184 reddendss.
1319 3097 1448 3214 ¹¹¹⁰-dJl³
1483 3112 1686 3193 quaemus,
1720 3125 1826 3195 quem
1855 3101 2088 3218 Sitsslltlssdffle

56 3239 178 3319 gratos
193 3219 382 3293 retrabunt
395 3223 435 3291 in
451 3224 670 3296 servitutem.
721 3225 946 3294 Donationes
962 3246 1048 3291 con·
1099 3198 1255 3291 quidam
1286 3211 1572 3285 immamus,
1619 3204 1717 3274 iuxta
1755 3203 1904 3274 Hesiodi
1924 3201 1955 3295 ¹)
1988 3226 2089 3294 prae-

57 3331 190 3401 cedunt
202 3324 364 3395 revocari
377 3338 525 3416 propter
541 3327 845 3417 ingratitudinem.
886 3324 974 3394 ltem
989 3348 1047 3393 ex·
1099 3312 1261 3391 cePium,
1286 3313 1328 3374 ul
1346 3298 1540 3399 ridderman

57 3429 247 3503 haeredari
270 3429 432 3518 ingratos
454 3428 598 3499 liberos.
670 3428 760 3501 ltem
785 3431 932 3499 seudum
956 3426 1048 3518 eripi
1183 3410 1270 3502 “itti
1291 3418 1337 3503 τῷ
1355 3420 1461 3504 μέτρῳ
1484 3422 1540 3483 καὶ
1558 3416 1659 3485 λώϊον
1680 3417 1723 3483 αἴ
1736 3442 1771 3484 κε
1780 3421 1814 3502 ²)
1835 3417 1947 3484 δύναιο
1959 3423 2002 3500 ³).

56 3536 200 3627 ingrato
214 3533 360 3603 vasallo.
1098 3519 1404 3592 Humanissimum
1422 3525 1517 3594 enim
1535 3538 1604 3609 est,
1629 3529 1728 3621 quod
1751 3527 1849 3598 iubet
1870 3526 2011 3594 vincere
2026 3529 2089 3594 da·

159 3638 230 3707 Sed
253 3637 343 3705 bene
366 3632 522 3703 instituti
546 3632 659 3701 animi
682 3646 753 3716 est,
786 3633 919 3703 sentire
949 3631 1047 3726 quod
1099 3635 1174 3693 tum
1205 3625 1439 3710 beneficium,
1465 3627 1496 3698 si
1517 3641 1639 3697 tamen
1670 3630 1795 3721 possis.
1847 3630 1938 3699 Sunt
1965 3641 2086 3698 autem

50 3738 137 3812 ‘Deo
151 3737 336 3829 displiceat
353 3735 592 3827 ingratitudo:
621 3736 904 3829 quoddivinitua
920 3733 1047 3826 punia-
1099 3725 1275 3816 plurima,
1301 3752 1393 3822 quae
1415 3731 1640 3822 compensari
1667 3758 1743 3803 non
1762 3746 1912 3825 possunt
1934 3733 2089 3803 externis

56 3859 137 3927 aar,
161 3843 260 3913 iuxta
275 3838 487 3911 senteutiam
500 3837 716 3924 Salomonis,
740 3839 913 3910 proverb,
930 3837 978 3907 17
986 3834 1047 3931 θ’),
1100 3828 1243 3914 officiis,
1275 3831 1338 3900 ubi
1363 3832 1481 3901 maior
1502 3835 1615 3905 animi
1640 3835 1891 3906 benevolentia
1916 3849 1951 3904 et
1973 3835 2089 3905 maius

57 3947 177 4044 (1a):
202 3944 241 4015 si
265 3945 393 4013 reddas
415 3943 551 4011 malum
575 3966 641 4032 pro
663 3945 780 4026 bono,
809 3966 885 4010 non
906 3941 1048 4009 recedet
1097 3932 1257 4002 Studium
1279 3935 1383 4003 reddi
1404 3936 1530 4021 debet,
1555 3952 1595 4008 ut
1609 3936 1709 4022 Deo,
1735 3939 1962 4031 parentibus,
1987 3961 2090 4027 prae-

55 4048 354 4121 malumadomo
371 4057 444 4116 tua.
494 4042 676 4136 Praecipit
689 4048 733 4115 de
748 4044 985 4136 gratitudine,
1012 4053 1047 4111 et
1099 4036 1319 4125 captoribus,
1344 4037 1543 4124 Ecclesiae,
1569 4041 1707 4132 patriae
1723 4055 1757 4109 et
1783 4041 1846 4122 iis,
1880 4042 1940 4133 qui
1966 4042 2010 4106 de
2035 4064 2089 4108 re-

57 4165 227 4251 quartum
241 4161 488 4240 praeceptum:
511 4146 660 4218 Honora
676 4161 815 4240 patrem
832 4160 867 4217 et
881 4159 1046 4225 matrem,
1098 4138 1240 4227 publica
1264 4140 1356 4209 bene
1381 4156 1577 4214 merentur.

874 4410 1276 4503 Amicitia.

159 4652 326 4727 Amicitia
349 4651 495 4744 proprie
525 4665 578 4723 est
605 4651 760 4721 iustitiae
789 4649 942 4741 species,
978 4673 1048 4744 qua
1103 4647 1191 4715 tiam
1213 4669 1305 4728 esse,
1331 4657 1372 4714 ut
1400 4643 1563 4735 religiose
1592 4659 1754 4716 mutuam
1785 4649 1890 4716 iidem
1920 4662 1953 4716 et
1984 4650 2091 4716 bene·

60 4761 225 4836 redditur
253 4754 503 4827 benevolentia
542 4767 666 4824 mutua
695 4777 761 4845 pro
788 4753 1050 4837 benevolentia,
1100 4748 1293 4818 volentiam
1316 4759 1547 4838 praestemus.

59 4882 95 4938 et
111 4860 304 4959 peculiaris
319 4860 495 4954 quaedam
510 4882 553 4926 ac
566 4856 722 4927 liberalis
738 4856 936 4927 officiorum
951 4881 1049 4925 com·
1133 4882 1182 4948 aa)
1200 4885 1276 4933 naec
1302 4879 1387 4929 verm
1412 4880 1539 4940 samana
1561 4880 1597 4930 aa
1624 4881 1809 4943 arsamum,
1835 4882 1938 4931 uacum
1968 4893 2092 4945 sermm,

57 4965 257 5043 munitatio
282 4961 521 5034 constituitur.
572 4961 624 5028 Ac
645 4958 829 5030 sciendum
854 4972 906 5031 est
926 4959 1048 5028 amici·
1167 4947 1749 5078 mssttlfmdffigufflffwe'lrtffiss
1764 4952 1868 5069 :ma
1891 4951 2091 5081 ξ,Ἓ“’ΘΙέἷ)ῗ

56 5073 148 5143 tiam
176 5068 347 5137 virtutem
374 5089 467 5146 esse,
499 5075 539 5135 nt
568 5062 709 5133 virtutis
740 5086 845 5132 causa
869 5060 1047 5133 discamus
1170 5090 1227 5152 re,
1243 5087 1351 5168 aaran
1368 5084 1431 5135 urst.
1448 5086 1530 5138 antu.
1548 5084 1583 5148 7,
1599 5087 1642 5138 aa.
1811 5058 1854 5176 ν’
1948 5055 1955 5070 ’
2039 5053 2046 5069 ’

55 5173 233 5247 amicitias
253 5169 381 5288 colere.
433 5166 572 5238 Demde
592 5165 821 5237 statuendum
834 5177 887 5234 est
900 5178 936 5234 et
948 5179 1045 5235 rustr—
1134 5153 2090 5288 ¹⁰?&30J0P'fflffiffl‘ggffilffmffifflsvfflmcffi

1134 5293 1162 5360 l)
1181 5295 1293 5345 uastat.
1309 5289 1383 5359 Ἐργ.
1400 5305 1426 5342 ν.
1444 5292 1506 5343 ³5⁰.
1526 5293 1569 5346 ed.
1586 5295 1738 5358 Goettliug.

1130 5362 1162 5428 2)
1180 5363 1213 5411 at
1228 5367 1273 5426 κε]
1292 5363 1334 5413 sle
1350 5361 1401 5411 red.
1420 5361 1510 5424 lotia
1529 5362 1579 5411 Ed.
1600 5362 1673 5413 tato.
1694 5364 1721 5413 εἰ
1737 5377 1775 5419 κε.

87 5439 137 5508 98)
156 5438 288 5492 Provert.
307 5438 364 5504 17,]
381 5437 424 5489 rte
441 5439 516 5488 recte
529 5436 578 5490 rc
594 5435 669 5489 reto.
676 5451 686 5502 3
703 5432 754 5486 aa
770 5431 846 5484 teti.
857 5430 991 5486 Proceri.
1000 5434 1044 5487 ts.
1131 5432 1162 5499 8}
1181 5433 1230 5485 tid.
1248 5430 1419 5494 fluentium:
1438 5428 1471 5477 ut
1485 5440 1515 5480 aa
1534 5425 1642 5493 divam.

54 5345 263 5363 ὤ
