4544 5766
127 186 203 271 bel

229 368 301 440 Sed
332 364 592 435 consideranda
620 374 674 433 est
702 361 877 455 particula
907 360 1118 432 Honestum.

126 474 238 543 Recte
258 471 356 540 enim
379 469 528 552 dicitur,
565 479 668 557 pacta
697 488 789 560 quae
811 477 952 556 turpem
972 487 1115 533 causam

124 570 272 657 babent,
292 595 370 641 non
383 585 468 642 sunt
479 569 713 640 observanda.
736 568 808 659 ‚Ac
823 565 1032 658 praesertim
1048 561 1116 635 boc

122 683 172 752 sic
195 677 434 767 intelligatur,
474 697 565 768 quae
594 671 821 763 praecipiunt
845 672 961 738 facere
991 682 1115 737 contra

120 786 238 874 legem
252 780 339 863 Dei,
364 791 406 848 ut
421 803 499 846 cum
514 772 698 873 Phaedrae
713 772 893 865 promittit
901 772 1114 863 Hippolytus

121 888 351 959 selecturum
368 880 543 975 quidquid
568 878 643 969 ipsa
667 876 864 968 petivisset,
890 888 926 942 et
946 875 1006 941 illa
1025 874 1114 964 petit

121 991 297 1061 incestam
313 983 626 1064 consuetudinem,
661 977 800 1049 recusit
813 978 1045 1070 Hippolytus,
1079 987 1113 1044 et

122 1106 218 1163 recte
246 1090 349 1160 dicit:
387 1085 531 1178 ‚Lingua
564 1083 700 1166 iuravi,
738 1094 773 1150 et
797 1092 954 1150 mentem
977 1079 1112 1148 iniura-

123 1210 197 1266 tam
214 1193 372 1288 gero⁶⁷).

226 1298 362 1368 Contra
381 1297 493 1383 legem
511 1289 669 1359 divinam
684 1283 776 1356 nibil
798 1285 907 1368 velle,
932 1280 1027 1353 nihil
1050 1307 1110 1375 pe-

120 1416 219 1484 tere,
245 1396 338 1470 nibil
351 1397 580 1491 promittere,
606 1416 671 1459 rtec
684 1389 856 1481 promissa
878 1389 993 1456 lacere
1018 1385 1110 1456 licet.

119 1506 173 1574 Ae
217 1504 385 1596 superior
420 1498 540 1590 regula
579 1490 637 1563 hic
672 1490 853 1581 restringit
886 1490 1109 1563 inferiorem:

119 1602 221 1681 ttihit
238 1606 325 1678 velis
341 1618 464 1674 contra
480 1609 667 1693 praecepta
684 1594 762 1665 Dei.
820 1591 971 1662 luserior
987 1593 1109 1683 regula

123 1723 190 1783 est:
216 1711 345 1781 Serves
360 1719 475 1800 pacta.
527 1701 622 1770 llaec
642 1699 763 1788 regula
786 1695 1013 1786 restringitur
1033 1707 1110 1762 tan·

123 1828 199 1884 tum
232 1816 279 1883 ad
298 1834 372 1895 ea,
419 1831 509 1903 quae
542 1814 729 1896 praecepta
764 1824 805 1868 ac
837 1823 1001 1868 concessa
1029 1810 1111 1868 suut

123 1919 198 2009 lege
214 1916 299 1986 Dei.

223 2021 317 2091 Cum
339 2014 403 2086 lilii
425 2011 661 2081 adolescentes
681 2018 743 2075 aut
766 2005 894 2098 pupilli
912 2016 1037 2074 mutuo
1054 2026 1111 2073 su-

123 2138 227 2195 munt
241 2148 303 2192 aes
319 2120 496 2198 alienum,
523 2109 661 2180 etiamsi
679 2111 895 2201 promittunt
917 2132 954 2176 se
977 2107 1111 2177 solutu-

124 2252 180 2298 ros
196 2250 297 2307 esse,
322 2235 443 2291 tamen
457 2215 574 2309 pactio
590 2214 692 2282 irrita
716 2224 787 2296 est,
820 2210 903 2304 quia
927 2210 987 2278 illa
1014 2222 1111 2278 aetas

125 2356 194 2400 non
220 2327 336 2399 babet
356 2325 507 2393 liberum
529 2340 751 2386 eonsensum.
801 2313 868 2381 llic
881 2314 921 2380 lit
938 2310 1110 2383 correctio

126 2459 163 2504 ex
181 2429 396 2504 definitione
418 2423 534 2517 pacti,
562 2419 646 2514 quia
669 2440 860 2488 consensus
881 2419 997 2498 deest,
1023 2427 1064 2484 ut
1080 2413 1111 2484 si

83 2542 85 2547 ’
124 2539 278 2608 luciosus
294 2532 542 2626 pacisceretur.
601 2521 659 2591 Sic
686 2533 721 2589 et
743 2543 934 2589 consensus
955 2521 1052 2588 deest
1072 2516 1111 2584 in

125 2635 420 2733 promissionibus
443 2645 578 2700 terrore
604 2623 768 2705 extortis,
807 2635 848 2690 ut
872 2647 952 2691 cum
978 2619 1112 2690 latroni

125 2741 349 2835 promittitur
381 2731 550 2830 pecunia,
589 2751 634 2795 ne
667 2726 777 2794 vitam
808 2721 950 2814 eripiat.
1013 2722 1110 2792 Haec

126 2847 239 2937 pactio
256 2843 362 2913 irrita
373 2851 451 2922 est,
475 2833 544 2904 nisi
557 2832 605 2901 sit
617 2828 753 2900 sancita
769 2828 982 2896 iuramento.
1016 2825 1108 2897 Nam

129 2949 161 3019 in
180 2951 390 3020 iuramento
413 2962 559 3033 prorsus
580 2933 686 3002 debet
706 2931 825 3000 abesse
848 2928 1049 3012 simulatio,
1076 2942 1112 2998 et

127 3075 193 3121 uon
209 3061 301 3123 snut
317 3044 490 3116 eludenda
506 3036 681 3130 promissa
697 3033 891 3103 violatione
907 3031 1111 3116 iuramenti,

128 3155 205 3249 quia
222 3177 302 3224 non
318 3161 405 3222 sunt
418 3144 580 3216 facienda
605 3139 697 3208 mala
709 3160 726 3219 ,·
752 3149 794 3207 ut
815 3134 983 3204 eveniant
1003 3135 1110 3207 bona.

126 3255 204 3327 ldeo
232 3269 331 3327 recte
363 3255 492 3322 docent
522 3238 749 3332 canonum),
783 3239 867 3307 talia
891 3249 994 3329 pacta
1015 3238 1129 3327 iura-¹

98 3418 101 3427 ,
126 3373 246 3430 mento
263 3355 399 3430 sancita
416 3348 588 3422 servanda
610 3367 703 3426 esse,
729 3366 809 3411 cum
832 3366 906 3409 non
930 3340 1055 3410 iurasti
1076 3352 1109 3409 te

125 3463 243 3555 ipsum
256 3464 435 3531 iacturum
452 3449 586 3545 aliquid
606 3459 728 3516 contra
747 3444 860 3535 legem
878 3442 959 3512 Dei.

226 3565 418 3635 Caeterum
454 3558 493 3625 iu
525 3553 602 3620 inre
636 3547 730 3618 civili
762 3558 907 3638 praetor
941 3567 1016 3612 non
1049 3545 1112 3612 dat

123 3664 377 3759 sestonsmffl),
402 3660 582 3758 quianon
603 3653 679 3721 vult
702 3648 871 3740 opitulari
895 3646 1049 3730 latroni,
1076 3658 1112 3715 et

123 3773 339 3842 confirmare
358 3767 500 3837 scelera.
568 3757 708 3825 Tamen
731 3753 867 3821 interea
893 3749 979 3821 sinit
997 3749 1110 3833 illum,

122 3875 184 3971 qui
208 3871 364 3954 iuravit,
400 3864 531 3937 babere
556 3859 733 3927 rationem
754 3880 838 3924 suae
864 3852 1110 3924 conscientiae.

121 3978 217 4051 ttaec
243 3975 432 4067 diligenter
451 3963 707 4038 consideranda
727 3970 828 4042 suut,
868 3969 909 4027 ut
937 3954 1111 4045 intelliga-

122 4092 200 4164 tur,
218 4079 327 4149 aliud
342 4086 498 4168 spectare
513 4088 685 4148 canones,
711 4062 772 4157 qui
786 4062 915 4129 docent
932 4058 1110 4128 conscien-

121 4184 232 4267 tiam,
267 4181 365 4251 alind
388 4185 591 4275 praetorem
614 4169 651 4237 in
673 4166 750 4239 iure
774 4162 888 4247 cirili,
923 4161 985 4257 qui
1003 4155 1111 4230 babet

122 4285 307 4361 rationem
321 4280 482 4375 publicae
496 4272 606 4366 panis.

225 4388 306 4459 ttae
326 4385 434 4477 igitur
455 4383 545 4451 duae
564 4373 759 4468 particulae
774 4370 810 4437 in
825 4365 1031 4436 delinitione
1047 4388 1109 4455 pa-

124 4492 188 4575 cti,
215 4513 410 4563 consensus
425 4496 461 4554 et
473 4495 513 4554 ut
529 4475 702 4570 promissa
716 4466 971 4552 siutbonesta,
999 4466 1109 4535 inter-

121 4608 313 4687 pretantur
327 4589 456 4659 multas
475 4583 666 4677 pactiones.

624 187 650 262 l.
689 181 1071 271 PRObBGOMENA
1091 178 1153 255 ΙΝ
1164 236 1167 241 .
1185 180 1377 257 emota
1393 184 1665 261 ctcttaotus

2072 190 2159 274 ,m

1171 357 1256 450 qnia
1265 356 1401 428 'desinit
1415 351 1605 431 honestum
1619 386 1697 433 esse
1707 363 1858 434 reddere
1871 368 2015 439 furenti.
2045 366 2152 443 luris

1170 459 1321 530 consulti
1334 460 1387 530 sic
1401 459 1524 531 dicunt
1541 465 1624 557 quia
1642 490 1790 535 resnou
1811 470 1944 540 mansit
1966 470 2005 540 in
2027 476 2151 549 eodem

1168 573 1278 632 statu:
1304 563 1428 632 Pactio
1451 564 1542 633 sacta
1567 580 1619 635 est
1643 593 1723 637 cum
1743 594 1843 641 sano.
1893 572 1932 640 Si
1947 588 2085 666 repetat
2098 578 2152 647 fu-

1166 687 1260 750 rens,
1279 677 1390 736 status
1407 676 1459 735 est
1476 669 1675 739 contrarius
1688 673 1845 761 pactioni
1860 675 1903 743 de
1918 677 2152 752 restitutione.

1265 787 1337 854 Sat
1356 787 1510 854 insideat
1533 810 1632 875 saepe
1651 784 1791 884 ete.]⁰⁹)
1835 790 1889 863 De
1914 793 2007 865 iusto
2037 822 2058 866 a
2083 799 2151 869 ci'r-

1164 886 1375 1054 lcumstantia
1394 887 1450 955 vel
1465 888 1508 955 de
1533 890 1754 961 correctione
1781 898 2023 967 communium
2046 925 2151 994 regu·

1178 1012 1297 1058 sertim.
1821 1008 1827 1018 ·

1266 1111 1413 1180 Tlaeseus
1433 1111 1614 1200 Hippolyto
1633 1107 1772 1209 etc.]⁰¹)
1801 1114 1926 1185 Pactio
1950 1143 2028 1188 cum
2054 1118 2150 1193 Tlte·

1162 1233 1221 1278 seo
1237 1211 1443 1296 suisium,
1468 1211 1550 1306 quia
1567 1212 1605 1279 in
1620 1209 1759 1284 Theseo
1776 1219 1931 1300 nonfuit
1946 1246 2148 1311 consensus,

1161 1311 1293 1381 scilicet
1306 1325 1454 1406 propter
1477 1338 1656 1399 errorem,
1684 1319 1765 1410 quia
1793 1322 1837 1388 ad
1862 1348 2072 1395 consensum
2094 1352 2150 1398 re-

1162 1414 1316 1507 quiritur
1332 1428 1468 1486 rectum
1483 1416 1673 1501 iudicium,
1708 1432 1743 1488 et
1766 1420 1876 1493 libera
1900 1428 2065 1500 voluntas
2089 1432 2150 1499 eli-

1162 1541 1257 1608 gens.
1317 1514 1475 1589 Theseus
1498 1519 1592 1588 enim
1620 1522 1781 1607 errabat,
1816 1540 1945 1615 putans
1966 1532 2081 1603 filium
2103 1537 2149 1604 ad

1162 1621 1389 1717 concubitum
1407 1621 1613 1693 sollicitasse
1627 1646 1830 1698 novercam.
1931 1706 1935 1711 ,

1262 1823 1522 1895 Discrimen
1548 1849 1733 1896 severae
1767 1828 1975 1903 iustitiae
2003 1851 2045 1906 et
2136 1902 2141 1915 ‚

1519 1926 1779 2012 ἐπιεικείας.

1262 2079 1364 2150 Duae
1379 2091 1463 2149 sunt
1476 2078 1613 2148 vicinae
1629 2079 1795 2168 virtutes,
1822 2084 1954 2157 iustitia
1975 2116 2094 2161 severa
2113 2107 2149 2164 et

1162 2179 1351 2274 intellecta,
1377 2194 1412 2251 et
1424 2193 1577 2277 utraque
1593 2194 1645 2252 est
1659 2183 1764 2256 iusta.
1816 2188 1884 2258 Sed
1904 2191 2072 2266 ἐπιείκεια
2093 2195 2149 2264 in-

1163 2287 1302 2355 terdum
1325 2285 1554 2354 anteferenda
1570 2297 1641 2368 est,
1667 2299 1702 2354 et
1721 2299 1803 2357 tunc
1820 2290 1856 2359 in
1871 2317 1910 2361 ea
1926 2294 2019 2365 lucet
2035 2298 2147 2389 magis

1161 2388 1323 2471 bonitas,
1350 2410 1441 2481 quae
1464 2401 1516 2457 est
1539 2387 1658 2458 minus
1680 2389 1808 2474 tristis,
1843 2407 1879 2462 et
1901 2391 2041 2468 homini
2063 2424 2147 2471 cou-

1162 2490 1384 2573 venientior,
1417 2489 1498 2582 quia
1523 2478 1635 2581 magis
1660 2492 1828 2565 debemus
1852 2498 1942 2568 velle
1961 2526 2147 2574 conscrva-

1163 2593 1296 2663 tionem
1315 2592 1487 2675 aliorum,
1522 2590 1553 2660 si
1573 2615 1648 2660 non
1670 2592 1716 2662 sit
1736 2598 1850 2687 turpis
1877 2613 1912 2668 et
1932 2606 2145 2693 perniciosa,

1162 2721 1270 2792 quam
1287 2695 1451 2777 exitium,
1477 2693 1567 2764 sicut
1582 2693 1752 2784 scriptum
1777 2713 1830 2769 est
1852 2703 1895 2770 de
1912 2702 1989 2774 Deo
2010 2707 2093 2799 (lac.
2107 2716 2144 2795 2,

1164 2798 1259 2894 13.);
1286 2796 1530 2867 Misericordia
1548 2810 1694 2889 superat
1708 2797 1890 2876 iudicium.
1948 2805 2036 2878 Item
2056 2809 2145 2905 (lli-

1160 2905 1238 2973 bac.
1252 2903 1291 2985 3,
1306 2901 1378 2997 ωε
1404 2897 1446 2968 In
1463 2899 1514 2968 ira
1532 2899 1796 2973 misericordiae
1810 2911 2066 2983 recordaberis.
2099 2913 2147 2986 Et

1162 3005 1323 3076 doctrina
1348 3004 1391 3072 de
1413 2998 1582 3074 ἐπιείκεια
1600 3026 1642 3072 eo
1665 3004 1770 3076 nobis
1791 3011 1927 3099 gratior
1955 3015 2018 3099 sit,
2059 3018 2144 3110 quia

1160 3107 1395 3199 Evangelium
1411 3117 1463 3174 cst
1480 3104 1681 3176 dulcissima
1704 3105 1872 3184 ἐπιείκεια
1888 3116 1974 3206 legis
1989 3119 2144 3206 divinae,

1162 3204 1571 3305 approbat-inchoatam
1604 3210 1864 3301 obedientiam,
1901 3243 1993 3312 quae
2025 3234 2145 3295 tamen

1161 3318 1262 3385 valde
1279 3312 1423 3404 exigua,
1448 3311 1610 3380 mendica
1626 3323 1662 3380 et
1675 3315 1837 3407 squalida
1854 3333 1919 3391 est.

1262 3453 1326 3524 Est
1340 3451 1448 3541 igitur
1462 3446 1595 3518 iustitia
1612 3473 1752 3534 severa,
1779 3480 1871 3547 quae
1890 3459 2003 3551 legem
2024 3466 2144 3559 scqui-

1162 3571 1239 3638 tur,
1262 3578 1337 3625 non
1354 3552 1498 3647 quidem
1518 3549 1734 3622 calumniose
1750 3554 1985 3647 intellectam,
2011 3557 2072 3636 sed
2088 3595 2144 3638 re-

1160 3673 1296 3731 tentam
1311 3658 1350 3726 in
1362 3654 1486 3725 nativo
1499 3652 1679 3724 intellectu
1694 3658 1899 3748 verborum,
1915 3664 1990 3735 sine
2005 3671 2145 3761 mitiga-

1162 3765 1270 3834 tione.
1321 3760 1373 3829 Ut
1387 3757 1592 3849 Torquatus
1608 3756 1760 3830 dictator
1777 3763 1953 3839 interfecit
1965 3771 2144 3870 filiurnt'),

1162 3867 1245 3962 quia
1262 3877 1387 3935 eontra
1406 3858 1632 3929 interdictum
1659 3860 1908 3954 dimicaverat,
1936 3898 2141 3968 quanquam

1161 3978 1423 4061 etprosoeatus
1445 3963 1580 4047 luerat,
1608 3976 1642 4032 et
1657 3966 1769 4055 patris
1783 3969 1909 4061 pietati
1930 3978 2142 4047 convenien-

1161 4072 1230 4144 tius
1250 4070 1389 4152 ferisset,
1423 4090 1503 4135 cum
1529 4066 1702 4137 exercitus
1721 4094 1788 4159 pro
1810 4096 1852 4141 co
1877 4076 2140 4165 deprecaretur,

1160 4174 1341 4246 remittere
1366 4192 1541 4266 poenam,
1591 4168 1640 4238 sic
1667 4170 1831 4265 Papirius
1861 4190 2001 4247 accusat
2030 4183 2142 4275 magi·

1160 4292 1273 4350 strum
1296 4275 1453 4369 equitum
1471 4271 1620 4339 Fabium
1630 4268 1695 4365 ⁰³),
1730 4298 1934 4368 quanquam
1954 4280 2141 4371 victorem,

1160 4382 1257 4477 quod
1273 4391 1395 4447 contra
1410 4373 1635 4444 interdictum
1651 4390 1858 4464 pugnasset,
1882 4393 1921 4449 et
1935 4408 2141 4481 quanquam

1160 4485 1221 4555 ille
1240 4490 1510 4573 argumentatur
1536 4474 1720 4544 victoriam
1745 4479 1868 4558 utilem
1896 4507 1969 4555 esse
1991 4490 2141 4580 patriae,

1160 4599 1279 4656 tamen
1296 4595 1426 4653 contra
1448 4576 1614 4669 Papirius
1634 4577 1770 4673 inquit,
1795 4585 1931 4657 nullam
1952 4588 2140 4664 victoriam

224 4699 285 4771 Ad
307 4691 457 4764 honesta
472 4701 507 4757 et
528 4681 585 4754 bic
607 4704 706 4751 casus
722 4674 899 4770 pertinet:
936 4670 1110 4769 Deposuit
1160 4743 1364 4765 ....---

124 4800 285 4895 gladium
301 4822 426 4874 sanus;
452 4793 482 4861 si
497 4799 633 4880 repetat
645 4786 777 4863 furens,
802 4802 877 4862 non
893 4775 1109 4865 estdandus,

123 4943 332 4965 Μ

160 5029 209 5098 Π)
227 5025 310 5080 cont.
329 5031 414 5086 supro
431 5032 456 5082 p.
468 5017 528 5068 459.

160 5134 210 5193 Ul
228 5122 458 5184 eontnecrsut.
469 5123 585 5182 Gregor.
600 5112 650 5165 tx.
667 5112 686 5164 1.
700 5109 732 5159 11.
753 5105 795 5158 tlt.
808 5104 851 5157 2⁴.
866 5103 909 5153 lte
920 5100 1110 5165 iureiurando,

193 5212 255 5265 esp.
267 5199 296 5251 8.
314 5194 384 5258 (vlt.
402 5202 487 5256 snpra
499 5202 530 5252 p.
542 5185 602 5236 460.
620 5184 686 5231 uots
700 5173 764 5238 tt).

159 5306 210 5367 tt)
228 5301 309 5355 cont.
329 5297 394 5362 bag.
406 5296 454 5346 tv.
479 5288 564 5342 uta
594 5283 681 5363 Quod·
695 5283 785 5331 notus
808 5286 895 5328 causa
917 5277 1026 5338 gestan
1050 5273 1111 5323 ertt.

196 5376 234 5427 tr.
250 5374 275 5423 t.
294 5372 323 5419 et
340 5365 407 5419 cod.
419 5365 451 5414 ll.
470 5363 512 5415 tlt.
524 5359 569 5409 2⁰.
592 5357 633 5405 lte
656 5353 715 5413 tus,
746 5359 815 5411 quse
839 5346 868 5395 vl
885 5346 1010 5394 metusve
1027 5353 1112 5395 esum

197 5444 281 5509 geste
296 5438 362 5487 sont
379 5432 448 5494 tvttt.
467 5438 553 5493 sopra
567 5440 592 5489 p.
605 5420 667 5476 tttl.
682 5419 748 5470 nott
761 5419 827 5477 tc).

132 5533 322 5597 bitum.
344 5519 451 5585 orsu.
473 5516 558 5580 Vos.
579 5506 670 5572 xvt.

1192 4815 1543 4886 affamina

1193 4926 1242 4993 ει)
1261 4924 1316 4976 ca.
1336 4922 1388 4975 or.
1401 4920 1423 4985 t,
1444 4921 1485 4981 ao,
1502 4918 1546 4972 se.
1571 4958 1574 4963 .

1192 5031 1244 5089 ss)
1260 5030 1291 5077 τ.
1308 5026 1428 5076 Montius
1445 5024 1599 5086 torquatus
1622 5026 1717 5075 eonnrt
1739 5028 1815 5077 -tetto
1838 5027 1936 5079 Lsttuo
1960 5041 1985 5080 s.
1999 5043 2026 5082 u.
2040 5043 2063 5079 e
2082 5032 2143 5083 stc

1228 5097 1330 5160 tttun,
1356 5095 1428 5158 quod
1446 5095 1542 5143 costra
1559 5093 1675 5143 edtnun
1694 5099 1774 5146 extre
1792 5098 1915 5146 orttsen
1932 5098 2069 5148 strenus
2087 5101 2143 5150 bs-

1226 5167 1316 5228 ttnos,
1345 5162 1470 5227 qusnvts
1491 5172 1642 5224 prospere,
1680 5169 1845 5225 pugnasset,
1880 5166 1971 5214 seeurt
1995 5168 2142 5229 pereesstt,

1229 5234 1286 5285 vat.
1313 5233 1375 5286 btv.
1393 5231 1466 5297 vul,
1485 5229 1511 5282 7.
1544 5231 1615 5281 cont.
1638 5231 1729 5296 Pauly
1752 5233 2014 5297 besl-Encyclop.
2041 5235 2071 5287 t.
2091 5236 2139 5289 tv.

1249 5335 1257 5351 .
1276 5303 1351 5355 tiss.

1196 5318 1246 5469 eti
1266 5404 1345 5460 coru.
1359 5415 1448 5468 supra
1465 5417 1490 5466 p.
1506 5400 1568 5456 m.
1585 5406 1651 5453 nota
1663 5403 1707 5455 tt&
