4544 5766
123 1492 243 1581 xxr.
300 1495 399 1585 nu.
433 1499 595 1585 uun.
620 1496 934 1588 -souonm
976 1499 1048 1584 m
1085 1492 1465 1583 oronnonus
1515 1438 1933 1583 onnrronum
1969 1485 2113 1572 enr-

121 1659 557 1757 nrerroanruu
590 1663 887 1777 enimam,
922 1663 1327 1781 sncuunnu,
1375 1669 1697 1780 nnuman
1730 1669 1818 1756 un
1852 1657 2112 1753 nonan.

1 2061 2 2068 ἵ
124 1906 234 2026 Haeo
254 1965 342 2025 mam
362 1964 470 2026 scholia
491 1976 602 2027 tantum
623 1967 652 2026 in
673 1967 827 2029 Riccianoe
848 1968 1021 2031 scholiorum
1042 1970 1220 2032 collectionis
1240 1972 1332 2030 Tomo
1352 1971 1375 2030 l.
1397 1971 1600 2048 reperiuntur,
1621 1973 1679 2035 rid.
1699 1991 1790 2052 supra
1809 1991 1843 2051 p.
1862 1962 2058 2035 stt—8⁰6.

307 2390 341 2466 1.
390 2385 455 2464 un
492 2358 816 2467 cronnonus
856 2389 1228 2469 onarrounu
1265 2392 1664 2471 rumreruoau
1703 2391 1948 2470 eorunm

636 2545 859 2609 SCHOLlA
890 2545 1128 2610 PHlLlPPl
1160 2542 1607 2628 MELANTH0N181).

125 2716 190 2836 Ut
211 2759 400 2831 concitavit
419 2759 674 2836 Demosthenes
704 2767 875 2858 populum
904 2761 1098 2837 Athenien·
1147 2785 1227 2852 erga
1259 2760 1525 2854 rempublicam.
1597 2763 1725 2832 Postea
1756 2760 1841 2832 facti
1867 2771 1949 2830 sunt
1976 2779 2118 2849 prorsus

127 2886 200 2934 sem
240 2863 406 2935 adversus
443 2889 561 2958 regem
598 2867 834 2939 Macedonum
871 2867 1097 2940 insidiantem
1146 2863 1202 2934 sui
1228 2862 1425 2934 dissimiles.
1474 2862 1602 2946 ἄλλως.
1652 2863 1801 2934 Exordii
1824 2861 1899 2933 vice
1920 2870 2118 2930 recensetur

126 2965 300 3049 libertati,
325 2966 374 3036 sic
395 2962 464 3037 hoc
485 2970 564 3038 loco
586 2970 669 3040 facit
691 2971 813 3041 Cicero
840 2985 961 3041 contra
985 2971 1097 3041 Anto·
1147 2965 1332 3034 consilium
1346 2964 1574 3058 profectionis
1589 2978 1624 3036 et
1644 2966 1778 3039 reditus
1789 2965 1856 3049 sui,
1879 2963 1963 3058 quia
1979 2962 2130 3031 videbo?

125 3067 238 3136 nium.
288 3067 422 3138 Omnes
442 3082 560 3140 autem
577 3066 644 3140 hae
662 3073 841 3143 orationes
858 3086 941 3144 suunt
954 3069 1096 3143 habitae
1147 3080 1205 3137 tur
1220 3070 1265 3136 ad
1278 3068 1505 3138 autoritatem
1526 3092 1699 3160 personae
1714 3093 1798 3138 suae
1814 3063 1982 3136 nonnihil
1995 3066 2118 3133 facere.

59 3201 61 3204 ·
127 3169 166 3237 in
187 3182 328 3250 senatu;
350 3170 429 3240 ideo
450 3184 533 3241 sunt
552 3175 695 3259 molles,
720 3200 862 3260 suaves,
888 3189 922 3244 et
942 3200 1017 3245 non
1034 3172 1098 3245 ha·
1147 3165 1232 3268 Eoo]
1252 3169 1442 3262 Congeries
1456 3172 1647 3241 verborum
1661 3171 1718 3241 vel
1730 3169 1989 3263 interpretatio.
2051 3170 2119 3236 Neo

126 3273 212 3341 bent
249 3271 371 3364 longas
410 3272 742 3362 circumductiones,
790 3279 881 3348 sicut
914 3277 1098 3350 Verrinae.
1146 3269 1238 3371 oero]
1268 3273 1390 3343 Cicero
1419 3267 1575 3343 orationi
1601 3275 1671 3343 iam
1696 3273 1956 3367 aliquantulum
1981 3267 2119 3338 roboris

127 3370 180 3444 lta
205 3374 300 3444 enim
320 3376 409 3445 solet
427 3375 545 3447 senilis
566 3391 662 3449 aetas
683 3379 801 3476 loqui,
835 3395 869 3450 et
895 3377 963 3450 hoe
990 3405 1099 3472 genus
1148 3387 1183 3443 et
1213 3399 1405 3446 nervorum
1434 3376 1544 3447 addit.
1647 3377 1870 3467 Delioiebum]
1911 3373 2037 3444 Suavis
2070 3381 2119 3440 est

129 3477 268 3546 dicendi
294 3490 441 3548 vocatur
464 3477 620 3551 Atticum
634 3481 678 3576 ⁸).
747 3483 869 3553 Prima
898 3478 1098 3577 Philippica
1146 3474 1374 3569 metaphora:
1400 3472 1460 3548 Ich
1476 3479 1619 3549 wandto
1634 3478 1717 3547 hein
1733 3502 1820 3571 auge
1835 3502 1917 3545 vom
1934 3476 2118 3567 regiment.

130 3579 215 3648 dicit
244 3581 452 3650 sententiam
483 3583 526 3651 de
555 3583 691 3655 duabus
716 3585 850 3678 legibus
873 3585 1031 3671 iniustis,
1063 3599 1099 3656 et
1146 3582 1315 3665 Quantum
1328 3586 1366 3652 ia
1387 3607 1439 3652 me
1456 3581 1541 3673 suit]
1565 3578 1672 3650 Esist
1688 3592 1875 3650 amersten
1892 3579 1968 3648 wol
1983 3588 2119 3669 gestam

130 3693 182 3752 est
203 3682 338 3771 generis
358 3681 541 3754 iudicialis.
598 3683 776 3758 Antonius
800 3702 986 3784 postquam
1008 3687 1099 3759 vidit
1146 3683 1226 3753 den.
1279 3688 1442 3756 &aecum
1467 3689 1557 3755 enim
1570 3683 1602 3778 ⁴)
1626 3684 1776 3774 vertum]
1813 3682 1969 3774 Quando
2000 3703 2119 3770 respu-

128 3784 304 3854 labascere
327 3796 445 3875 partes
464 3783 588 3871 Bruti,
621 3788 738 3879 eoepit
759 3810 832 3860 esse
858 3792 1029 3875 ferocior,
1063 3804 1097 3860 et
1145 3783 1234 3852 blica
1264 3779 1488 3855 Atheniensis
1518 3809 1538 3853 a
1566 3782 1859 3855 Lacedaemoniis
1887 3785 1955 3854 fuit
1988 3805 2119 3862 eversa,

127 3889 220 3956 ferre
239 3911 349 3957 novas
370 3888 481 3978 leges,
515 3886 627 3959 voluit
654 3892 738 3960 dare
770 3892 879 3961 multa
910 3894 1095 3986 privilegia
1145 3886 1365 3980 reliquerunt
1381 3887 1431 3956 ibi
1445 3885 1719 3956 Lacedaemonii
1735 3888 1879 3978 triginta
1895 3887 2006 3969 viros,
2031 3908 2119 3978 quos

126 3990 302 4060 veteranis
328 3989 515 4076 militibus,
555 4004 596 4062 ut
627 3987 774 4062 haberet
808 4019 867 4065 eos
895 3995 932 4064 in
969 3997 1097 4066 officio.
1146 4003 1320 4059 vocarunt
1341 4002 1531 4084 tyrannos,
1555 3991 1617 4085 qui
1640 3990 1875 4059 abutebantur
1889 4014 1952 4060 sua
1969 3984 2120 4058 admini-

126 4089 214 4163 Item
238 4091 287 4163 60
308 4104 435 4162 tonnas
457 4093 536 4164 auri
557 4095 699 4179 effudit,
731 4096 821 4167 sicut
842 4097 880 4166 in
903 4099 1003 4167 omni
1024 4100 1097 4168 vita
1145 4091 1328 4176 stratione,
1353 4092 1595 4187 plurimosque
1611 4092 1806 4163 inexilium
1823 4104 1983 4182 egerunt.
2025 4087 2119 4159 Inter

126 4195 193 4266 luit
209 4194 340 4264 mirum
361 4195 399 4263 in
418 4197 565 4266 modum
582 4198 762 4290 prodigus.
811 4196 863 4269 lbi
884 4195 1024 4271 habitus
1047 4214 1098 4272 est
1147 4193 1263 4264 exules
1293 4207 1413 4265 autem
1441 4208 1517 4265 erat
1541 4191 1803 4286 Thrasybulus,
1836 4195 1899 4288 qui
1929 4195 2118 4264 adiutusa

129 4310 268 4368 senatus
287 4299 331 4366 de
352 4298 497 4390 legibus.
1146 4293 1325 4368 Thebanis
1338 4299 1472 4389 praelio
1488 4298 1572 4367 vicit
1586 4297 1728 4389 triginta
1745 4310 1929 4389 tyrannos,
1944 4311 1979 4365 et
1995 4297 2117 4369 urbem

230 4398 315 4490 Cap.
330 4395 356 4470 l.
382 4397 412 4490 ἓ.
431 4404 463 4473 1.
476 4400 521 4497 ⁸)
545 4399 749 4501 Antequam]
775 4402 971 4474 Exordium
992 4401 1099 4473 habet
1146 4399 1288 4490 recepit.
1340 4401 1430 4471 Cum
1453 4413 1569 4472 autem
1586 4399 1739 4492 penitius
1756 4402 1969 4491 expenderet
1983 4399 2119 4469 nullum

130 4501 308 4596 quandam
332 4504 511 4595 querelam
527 4507 570 4574 de
586 4506 781 4575 mutatione
799 4509 995 4592 consulum,
1018 4533 1097 4578 cum
1148 4504 1359 4572 exercendae
1376 4503 1491 4574 caedis
1506 4505 1612 4573 finem
1624 4504 1720 4584 fore,
1745 4501 1775 4571 si
1791 4502 1934 4572 cuilibet
1947 4526 2011 4573 sua
2026 4502 2119 4570 bona

129 4604 287 4675 consules
316 4603 518 4677 viderentur
552 4607 705 4698 praediti
746 4609 878 4700 optima
916 4612 1099 4681 voluntate
1149 4617 1267 4696 erepta
1285 4605 1501 4676 restituenda
1518 4618 1651 4689 essent,
1675 4604 1792 4676 sanxit
1805 4600 2027 4698 ἀμνηστίαν,
2052 4599 2119 4673 l¹⁰⁶

1148 4720 1218 4791 est,
1261 4707 1421 4779 omnium
1459 4708 1671 4779 iniuriarum
1707 4707 1945 4791 oblivionem,
1990 4719 2031 4777 ut
2059 4704 2121 4799 qui

1148 4809 1345 4882 amisissent
1372 4811 1575 4896 facultates,
1612 4822 1774 4882 carerent
1808 4809 1850 4880 iis
1879 4808 1975 4902 pacis
2004 4832 2118 4881 causa.

1146 4911 1230 4984 Fuit
1245 4913 1420 5007 optimum
1437 4914 1647 5006 exemplum,
1673 4925 1709 4982 et
1722 4910 2021 5004 sapientissimum
2039 4935 2119 4979 oon·

195 5033 280 5084 emto
298 5033 482 5098 praelegente
501 5033 629 5095 excepta,
649 5033 723 5085 tana.
1147 5017 1276 5086 salium.
1311 5016 1392 5086 Tali
1408 5016 1553 5088 consilio
1567 5041 1650 5088 usus
1666 5027 1718 5085 est
1731 5038 1873 5108 quoque
1883 5011 2117 5084 Honricusll'.

161 5119 193 5181 2)
209 5117 288 5171 cont
306 5118 487 5172 Molonttonts
508 5118 630 5168 annotat.
652 5116 687 5166 ad
711 5117 766 5168 cto.
790 5118 824 5168 de
842 5119 917 5170 orat.
936 5118 990 5182 llt,
1005 5120 1038 5185 6,
1055 5120 1097 5171 25.

195 5199 280 5250 supro
295 5199 321 5250 p.
337 5188 390 5241 748
404 5202 446 5254 so.

161 5272 194 5331 Ι)
211 5273 309 5338 copton
324 5275 352 5325 ot
368 5273 556 5341 paragraphus
574 5271 721 5325 secuudum
740 5271 791 5326 tte
809 5272 895 5330 orell.
911 5272 1056 5336 adscripsi.
1182 5273 1215 5331 4)
1232 5270 1322 5330 enlm]
1341 5267 1382 5319 sto
1398 5262 1448 5321 lto.
1467 5267 1557 5330 κως
1576 5267 1624 5320 Ed.
1643 5266 1729 5320 orell.
1746 5265 1842 5321 otton.

132 4782 335 4800 nna-m

162 4895 193 4955 1)
210 4896 284 4948 lltoo
306 4894 411 4948 scholia
432 4893 460 4945 ln
484 4894 535 4945 Ed.
559 4893 634 4946 taso.
660 4894 701 4946 olo
725 4895 858 4959 inscripta
881 4899 960 4948 sunt:
992 4897 1100 4950 scholia

196 4964 291 5027 l’lrlltp.
312 4965 376 5015 Mol.
392 4964 421 5015 ln
438 4961 551 5026 prlmom
568 4963 742 5026 Ptlllpplcom
760 4962 901 5016 cloeronts
920 4979 953 5017 ex
974 4978 1022 5016 ore
1040 4968 1099 5030 prl-
