4544 5766
69 382 153 475 qnid
170 394 255 475 apte
268 383 403 451 efficere
419 382 541 473 possit.
591 382 629 453 si
643 396 772 455 natura
787 381 971 474 splendida
986 392 1049 465 est,

289 206 365 282 Vll.
417 206 803 282 COMMENTARIUS
842 202 893 280 IN
928 199 1186 279 'CICERONIS
1220 198 1541 275 Palt‘rlrlonns
1579 202 1866 283 onaronlAS.

2002 210 2078 287 sto

1099 397 1348 467 summamque
1362 376 1576 445 dementiam
1594 401 1668 448 esse
1686 379 1843 464 dicebat,
1867 384 2078 478 detorquere

10 521 12 529 ν
66 486 183 553 iacere
207 485 375 576 periodos
398 488 549 555 studeat.
607 486 680 556 llas
699 510 871 558 numerus
893 485 1049 576 plerum·
1100 478 1323 560 orationem,
1349 477 1406 546 cui
1418 491 1554 548 rectum
1571 504 1643 549 esse
1658 481 1777 552 liceret
1785 482 1845 579 ⁸¹).

10 888 16 1149 l

68 611 136 680 qne
160 611 227 678 per
244 612 317 657 sese
340 587 549 669 comitatur,
588 588 620 657 si
647 588 836 658 mediocris
865 587 1048 678 diligentia

66 691 261 762 accesserit.
311 690 385 760 Nec
405 714 550 782 prorsus
575 714 647 761 una
668 693 784 761 sorma
810 703 863 761 est
882 691 1048 781 periodo-

67 815 160 862 rum.
210 792 294 863 Non
308 817 447 884 semper
466 817 605 863 necesse
622 807 674 864 est
690 816 912 887 praeponere
928 817 1048 863 causa-

66 896 114 964 les
135 896 350 986 particulas,
376 909 438 966 aaut
453 896 711 968 coniunctivae.

163 1030 229 1102 llla
257 1034 332 1128 ipsa
354 1031 533 1123 'sententia
562 1033 709 1103 recitata
736 1058 778 1103 ex
800 1031 962 1101 oratione
981 1054 1046 1122 pro

65 1130 217 1221 Archia,
240 1149 334 1206 extat
348 1159 366 1204 a
371 1138 442 1228 pnd
457 1133 666 1220 Isocratem,
690 1161 730 1205 ac
745 1135 883 1205 reddita
899 1134 1046 1202 totidem

66 1238 203 1323 verbis,
228 1240 268 1307 lit
289 1239 469 1332 periodica
494 1251 528 1308 et
550 1263 758 1311 numerosa:
791 1236 866 1330 Ego
887 1235 1047 1308 Nicocles

66 1340 173 1409 etiam
214 1346 403 1435 corporum
442 1340 630 1412 simulacra
663 1341 780 1411 iudico
815 1351 1046 1409 monumenta

10 1492 12 1543 3
66 1444 248 1535 praeclara
265 1468 357 1529 esse,
382 1457 417 1513 et
432 1444 557 1535 digna,
582 1469 672 1538 quae
691 1456 916 1537 expetantur:
942 1442 1047 1533 longe

66 1556 187 1616 tamen
212 1548 437 1616 anteferenda
461 1571 534 1617 csse
556 1559 786 1618 monumenta
812 1545 992 1615 actionum
1013 1557 1048 1613 et

69 1648 339 1729 consiliorum,‘
359 1670 449 1744 qnae
480 1661 619 1718 tantum
641 1650 679 1718 in
702 1634 840 1742 scriptis
861 1647 1046 1717 luculentis

10 1752 12 1817 Ξ
68 1753 219 1844 spectari
233 1752 448 1847 possuatffl).

168 1878 331 1984 Cap.'Vl.
359 1885 389 1982 ξ.
408 1889 467 1961 19.
504 1894 696 1961 Communia
716 1841 828 1961 antem
846 1890 1047 1979 simplicium

68 1998 387 2088 eonirtnctorumqne
409 2003 489 2064 stant
513 1994 594 2062 hoec
619 1997 765 2086 quinque
787 1996 885 2087 quusi
905 1994 1046 2074 lumino,

67 2096 250 2167 dilucidum
278 2107 341 2165 etc.
356 2091 427 2192 98)]
471 2094 585 2185 Supra
620 2096 663 2163 de
691 2096 830 2165 duabus
858 2093 1047 2163 virtutibus

10 2254 12 2277 ,
70 2197 241 2267 orationis
260 2198 366 2281 dixit,
399 2196 580 2279 videlicet,
613 2199 656 2266 de
679 2195 947 2280 consecutione,
979 2190 1048 2266 hoc

10 2314 12 2319 '
70 2312 138 2383 est,
183 2302 227 2372 de
249 2295 475 2370 cohaerentia
498 2312 533 2369 et
556 2300 599 2368 dc
630 2300 879 2370 concinnitate.
944 2299 1048 2369 Nunc

69 2401 169 2471 addit
197 2403 282 2472 alias
310 2403 467 2475 virtutes.
532 2402 654 2472 Prima
675 2416 728 2473 est
750 2415 784 2472 et
807 2400 967 2472 omnium
992 2398 1048 2493 (ut

68 2529 174 2597 snpra
194 2530 298 2597 saepe
320 2506 451 2576 dictum
479 2504 546 2598 est)
567 2504 777 2598 praecipua,
803 2504 1047 2597 perspicuitas,

70 2608 110 2677 de
138 2633 210 2703 qua
241 2603 299 2677 hic
326 2619 553 2701 pracceptum
578 2608 748 2692 traditur,
783 2608 963 2703 quomodo
987 2608 1050 2676 liat

71 2712 186 2781 oratio
216 2710 370 2783 dilucida
400 2724 434 2781 et
454 2734 584 2803 magna
609 2736 650 2781 cr
671 2724 774 2805 parte
795 2734 902 2803 supra
926 2713 1048 2781 eadem

71 2812 272 2886 dictasunt.

170 2933 334 3003 Primum
365 2933 463 3004 iubet
488 2932 614 3024 eligere
643 2934 749 3003 verba
773 2933 914 3004 usitata.
965 2930 1048 3001 Dixi

73 3048 192 3105 autem
212 3061 338 3130 supra,
379 3050 494 3106 certae
526 3037 649 3123 aetatis
681 3036 973 3107 consuetudinem
997 3059 1049 3104 se-

10 3204 12 3213 .
73 3141 252 3232 quendam
285 3163 377 3221 esse,
419 3164 509 3233 quae
537 3154 631 3209 recte
660 3152 696 3210 c't
727 3165 815 3232 pure
842 3140 960 3210 locuta
987 3149 1050 3207 est.

10 3230 12 3249 ἶ
72 3240 199 3313 Postea
218 3242 316 3312 addit
329 3242 494 3334 propria;
528 3267 611 3311 nam
632 3242 789 3313 maxima
811 3268 895 3336 pars
918 3240 1051 3311 oratio·

17 3380 26 3389 ·
72 3344 126 3415 nis
148 3346 255 3415 debet
277 3344 415 3415 contexi
438 3370 479 3413 ex
500 3344 647 3436 proprio
673 3369 853 3415 sermone:
892 3343 938 3413 Et
960 3342 1051 3413 vitu-

10 3786 12 3817 ÷
73 3780 205 3849 nymus
219 3757 354 3853 inquit:
385 3754 534 3825 lacentis
549 3756 713 3827 elementi
727 3769 824 3845 terga
840 3754 1053 3847 crispantur,

73 3858 202 3942 idest,
227 3860 336 3931 maris
356 3862 493 3942 undae,
526 3884 589 3931 scu
611 3858 737 3929 flnctus
761 3859 897 3929 cientur
918 3881 960 3926 ac
981 3855 1054 3947 agi-

74 3973 209 4033 tantur.

72 3451 230 3537 peranda
247 3461 301 3518 est
312 3447 465 3519 Asiatica
489 3449 627 3517 dicendi
651 3448 763 3531 ratio,
786 3448 824 3516 in
847 3471 916 3540 qua
939 3468 1051 3536 paene

74 3550 196 3621 omnia
213 3552 392 3621 'dicuntur
418 3574 484 3642 per
514 3546 757 3641 periphrases,
797 3563 837 3619 ut
856 3574 923 3640 pro
947 3571 1052 3641 pane,

73 3654 189 3723 latina
206 3667 323 3738 cocta,
349 3677 415 3746 pro
432 3651 536 3736 vino,
563 3678 652 3723 uvae
673 3653 804 3748 liquor.
855 3651 912 3721 Sic
927 3650 1053 3721 Hiero-

175 4080 322 4173 Semper
349 4078 500 4170 ingeniis
523 4079 618 4149 sanis
646 4080 735 4150 tales
754 4079 907 4172 ineptiae
935 4076 1055 4170 displi-

78 4194 227 4251 cuerunt
254 4183 506 4251 adlectantium
534 4182 744 4252 immodicas
767 4177 995 4272 metaphoras
1020 4193 1056 4249 et

78 4278 320 4376 periphrases,
346 4297 386 4353 ut
400 4286 530 4354 Seneca
539 4282 585 4377 ⁹⁰)
602 4287 645 4354 de
660 4285 789 4354 Porcio
799 4283 956 4353 Latrone
971 4282 1055 4352 scri-

77 4386 148 4455 bit:
174 4386 256 4458 Non
272 4387 432 4478 placebat
448 4385 535 4481 οῖ’)
553 4387 752 4457 orationem
766 4386 965 4468 inflectere,
990 4409 1056 4453 nec
1086 4417 1089 4422 ·

78 4514 236 4584 unquam
264 4501 359 4560 recta
390 4490 445 4559 via
477 4490 674 4572 discedere,
711 4489 778 4558 nisi
800 4513 878 4558 cnm
902 4483 970 4557 hoc
995 4500 1057 4557 aut

79 4592 266 4663 necessitas
280 4593 468 4683 coegisset,
494 4606 556 4662 aut
573 4616 702 4683 inagna
727 4590 891 4661 strasisset
910 4589 1056 4671 utilitas,

118 4865 169 4925 27)
186 4864 266 4986 grant.
290 4864 353 4915 Mel.
379 4866 434 4914 not.
457 4864 493 4914 ad
516 4862 573 4917 Clo.
598 4862 632 4911 de
657 4862 734 4913 Orat.
750 4860 801 4924 tn,
820 4856 869 4919 ⁴7,
887 4856 945 4907 ¹82.
973 4868 1058 4918 snpra

145 4948 172 4999 p.
239 4971 246 4985 .

117 5038 167 5098 Β)
183 5035 356 5091 comnena
379 5036 477 5086 nutent
493 5057 529 5071 -
544 5035 704 5085 attactam
727 5034 795 5090 eta]
820 5030 862 5080 stc
887 5029 936 5078 tta
955 5026 1059 5087 orett.;

149 5106 192 5157 btc
209 5107 299 5155 autem
316 5104 498 5156 commentar.
517 5102 611 5152 babet:
641 5102 820 5177 commenta·
834 5099 1008 5161 saepturum
1031 5097 1060 5146 et

148 5176 385 5236 coniunctum,
404 5173 563 5253 dilucidum
581 5174 633 5223 etc.

118 5280 168 5341 θ)
186 5282 307 5331 senecae
332 5277 583 5329 controversiarum
605 5267 650 5327 ni.
663 5276 685 5327 1.
708 5285 827 5336 prooem.
853 5270 917 5336 (nt.
939 5269 1060 5321 ttlsevtr.

153 5349 228 5399 isra.
245 5350 271 5398 a.
290 5350 318 5398 ι.
334 5348 376 5396 ιιι.
395 5361 420 5408 p.
433 5345 501 5403 rs).-

120 5446 170 5505 ω)
189 5444 229 5505 et]
247 5445 287 5495 rto
304 5449 347 5494 tta
364 5446 530 5509 conment.;
554 5447 603 5496 ins
620 5448 740 5495 samue
756 5442 808 5495 ld.
824 5442 922 5493 natet:
951 5441 1002 5493 1111.

1200 578 1310 648 Addit
1330 577 1475 662 Cicero,
1506 593 1548 650 ut
1567 582 1639 650 sint
1660 585 1849 676 disposita,
1879 585 1917 656 id
1938 601 2008 671 est,
2037 603 2079 660 ut

1100 680 1257 751 vitentur
1277 677 1473 774 hyperbata
1492 695 1527 750 et
1542 683 1681 775 ineptae
1698 688 1983 778 perturbationes
1996 714 2077 782 syn-

1100 795 1232 854 taxeos.
1270 781 1378 867 ltem,
1403 809 1448 854 ne
1464 809 1585 855 rerum
1599 789 1689 856 ordo
1705 789 1887 859 dissentiat
1901 816 1921 861 a
1938 805 2078 878 natura,

1099 910 1162 955 seu
1178 887 1361 956 communi
1374 912 1479 957 sensu
1497 900 1533 956 et
1545 889 1651 960 rectis
1665 889 1815 962 iudiciis.

1198 992 1270 1058 Aut
1297 995 1601 1079 circumscriptione
1628 990 1810 1091 anetina]
1842 993 1950 1065 Aliud
1976 1020 2077 1088 prae-

1099 1102 1259 1181 ceptum,
1286 1104 1327 1160 ut
1340 1091 1387 1161 sit
1401 1092 1725 1185 circumscriptione
1743 1097 1926 1181 conclusa,
1957 1098 2074 1184 idest,

1099 1204 1139 1261 ut
1152 1193 1224 1261 sint
1239 1192 1447 1264 intertextae
1465 1194 1536 1265 suis
1552 1196 1638 1267 locis
1654 1198 1805 1289 periodi.

1198 1291 1300 1379 ltem,
1321 1300 1570 1368 intermissione
1584 1311 1617 1371 et
1630 1306 1816 1373 concisione
1830 1305 2003 1376 veriorum
2009 1300 2076 1402 8“)]

1096 1392 1138 1465 ld
1163 1409 1234 1481 est,
1272 1396 1344 1469 sint
1364 1399 1437 1469 suis
1459 1399 1545 1470 locis
1567 1400 1644 1471 cola
1669 1415 1705 1472 et
1725 1403 1888 1475 distincta
1917 1409 2076 1478 membra

1099 1499 1351 1584 commatibus,
1381 1513 1423 1570 ut
1443 1502 1559 1571 variat
1579 1498 1667 1573 haec
1686 1504 1828 1591 Cicero,
1853 1522 1893 1578 ut
1907 1533 1974 1600 pro
1991 1508 2077 1579 Cae-

1097 1599 1219 1697 lio”):
1246 1600 1360 1673 Detur
1375 1603 1509 1698 aliquid
1524 1606 1649 1689 aetati,
1674 1610 1721 1677 sit
1737 1611 1971 1683 adolescentia
1991 1611 2077 1683 libe-

1098 1703 1192 1787 rior,
1227 1731 1302 1774 non
1326 1706 1445 1775 omnia
1469 1707 1710 1801 voluptatibus
1730 1713 1965 1805 denegentur3
2000 1738 2074 1785 non

1097 1831 1237 1899 semper
1256 1820 1398 1900 superet
1416 1833 1500 1879 vcra
1522 1810 1584 1879 illa
1605 1824 1640 1881 et
1665 1813 1796 1885 directa
1818 1817 1932 1899 ratio,
1957 1820 2077 1887 vincat

1098 1909 1272 2002 cupiditas
1287 1909 1333 2005 ³⁴)
1367 1911 1601 2007 voluptasque
1633 1915 1833 2003 rationem,
1882 1922 2077 1992 dummodo

1098 2010 1157 2080 illa
1184 2012 1223 2081 in
1245 2009 1314 2083 hoc
1336 2037 1463 2104 genere
1485 2017 1717 2109 praescriptio
1739 2023 2006 2115 moderatioque
2028 2035 2078 2092 te-

1097 2127 1243 2185 neatur:
1270 2130 1393 2209 parcat
1413 2116 1577 2191 iuventus
1588 2121 1785 2212 pudicitiae
1800 2149 1904 2209 suae,
1929 2151 1974 2196 ne
1996 2149 2076 2216 spo

1098 2217 1160 2286 liet
1179 2218 1355 2303 alienam,
1385 2243 1431 2288 ne
1451 2220 1618 2292 effundat·
1630 2225 1907 2317 patrimonium,
1939 2253 1986 2299 ne
2005 2232 2080 2300 loe-

1098 2344 1186 2388 nore
1203 2321 1418 2406 trucidetur,
1444 2347 1489 2391 ne
1507 2327 1739 2417 opprobrium
1761 2330 1938 2501 castistp:
1960 2333 2076 2403 labem

1099 2421 1264 2513 integris,
1296 2423 1479 2494 infamiam
1498 2427 1603 2499 bonis
1633 2429 1773 2502 inferat.
1835 2430 1876 2503 ln
1924 2433 1953 2505 is
1976 2457 2078 2527 prae-

1100 2526 1208 2617 ceptis
1233 2530 1452 2609 vomitionem
1468 2532 1642 2602 veriorum
1661 2531 1940 2625 interpretantur
1962 2550 1997 2608 et
2017 2536 2080 2607 atii

1099 2627 1366 2698 distinctionem
1376 2631 1638 2717 membrorum,
1664 2646 1705 2704 ut
1717 2636 1790 2707 suis
1803 2636 1973 2709 locissint
1985 2663 2081 2709 corn·

1099 2744 1200 2821 mata
1219 2743 1255 2800 et
1277 2732 1366 2803 cola.
1429 2731 1527 2824 Quid
1551 2734 1673 2805 Cicero
1699 2740 1835 2809 vocarit
1857 2744 2081 2815 intermissio-

1100 2860 1194 2917 nem,
1221 2834 1415 2905 dubitatur.
1466 2836 1603 2932 Sequar
1625 2851 1660 2908 et
1683 2864 1749 2930 ego
1769 2843 1921 2912 aliorum
1942 2846 2081 2938 opinio-

1099 2960 1201 3019 nem,
1242 2937 1304 3031 qui
1336 2937 1538 3028 intelligunt
1568 2943 1925 3032 praetermissionem.
1987 2948 2079 3020 Nam

1102 3038 1236 3107 volenti
1250 3040 1343 3109 tueri
1360 3043 1660 3133 perspicuitatem,
1685 3069 1825 3117 neccsse
1843 3054 2078 3143 estquaedam

1102 3142 1285 3225 omittere,
1312 3167 1375 3211 nec
1391 3145 1531 3239 omnia,
1556 3172 1647 3241 quae
1667 3172 1811 3245 quoquo
1829 3153 1938 3221 modo
1961 3152 2080 3223 viden-

1103 3257 1160 3313 tur
1184 3244 1267 3313 addi
1289 3270 1429 3339 posse„
1438 3247 1597 3319 recitare.
1649 3249 2005 3348 SicutApuleius⁸³⁸)
2027 3280 2082 3325 re-

1103 3347 1273 3417 citaturus
1295 3373 1401 3417 unam
1427 3348 1579 3442 Hippiae
1601 3353 1833 3437 sententiam,
1871 3354 2083 3428 immoratur

1102 3474 1276 3542 personae
1291 3464 1327 3519 et
1342 3450 1412 3519 loci
1435 3451 1663 3545 descriptioni
1685 3457 1803 3526 multis
1825 3457 1975 3548 paginis.
2026 3460 2083 3530 Sic

1105 3552 1274 3621 Horatius
1286 3550 1332 3645 ³⁸)
1349 3553 1473 3622 laudat
1488 3553 1704 3637 Homerum,
1732 3561 1828 3650 quod
1842 3559 1973 3630 bellurn
1990 3561 2081 3631 Tro-

1104 3655 1228 3723 ianum
1243 3655 1380 3725 nonsit
1400 3681 1543 3726 exorsus
1566 3681 1585 3725 a
1608 3658 1749 3748 gemino
1774 3686 1863 3747 ovo,
1896 3661 1932 3730 id
1958 3676 2029 3748 est,
2061 3688 2081 3733 a

1104 3756 1223 3827 Ledae
1240 3770 1368 3849 partu,
1394 3758 1432 3826 in
1450 3785 1520 3853 quo
1536 3759 1670 3830 Helena
1687 3761 1725 3829 in
1740 3763 1854 3846 lucem
1869 3766 1963 3835 edita
1979 3778 2048 3836 est:

1170 3875 1255 3935 'Nec
1275 3877 1391 3954 gemino
1413 3878 1524 3937 bellum
1544 3880 1704 3940 Troianum
1726 3882 1838 3944 orditur
1860 3885 1896 3943 ab
1919 3904 1982 3945 oro.

1107 4148 1109 4153 ·
1141 4137 1190 4198 at)
1209 4147 1392 4198 summamque
1408 4160 1444 4172 -
1459 4137 1580 4197 liceret]
1598 4137 1639 4187 stc
1655 4138 1699 4187 tric
1717 4138 1895 4189 commentor.
1905 4151 1913 4199 ;
1943 4140 2014 4200 apud
2032 4142 2086 4191 Se-

1178 4218 1273 4256 necam
1290 4218 1340 4268 pro
1356 4205 1400 4254 tls
1418 4206 1560 4269 leguntur:
1586 4207 1728 4256 §cneum
1743 4206 1861 4269 acutat
1878 4205 1986 4255 decoris
2003 4221 2088 4259 missa

1176 4276 1306 4339 inventa,
1335 4274 1385 4323 sed
1409 4274 1538 4323 snbstdtl:
1571 4276 1601 4323 ut
1623 4272 1694 4335 quod
1713 4272 1803 4335 pelen
1820 4283 1903 4323 aures
1921 4274 2088 4329 offensorum

1178 4346 1272 4408 erret,
1298 4343 1324 4392 st
1342 4344 1431 4404 palan
1449 4341 1601 4403 dicerunt,
1631 4339 1660 4389 ld
1676 4340 1784 4403 otttqne
1801 4342 1829 4391 et
1845 4340 1938 4393 turttn
1957 4356 2089 4409 senepe-

1175 4414 1228 4463 ret
1272 4414 1408 4462 sannen
1425 4410 1532 4473 qutten
1550 4407 1809 4477 condensatum,
1839 4410 2001 4475 detorquere
2018 4426 2084 4465 orn-

1176 4481 1292 4539 tionem,
1315 4479 1358 4529 cni
1376 4482 1478 4528 rectam
1496 4490 1560 4528 esse
1577 4478 1681 4528 liceret.

1142 4580 1191 4641 ἃ)
1209 4581 1424 4633 taternstertone
1447 4580 1476 4631 et
1497 4580 1661 4629 consistere
1683 4580 1849 4641 enimus]
1874 4581 1916 4632 sle
1938 4583 1980 4635 nte
2004 4585 2087 4636 con-

1178 4653 1276 4709 nent,
1305 4649 1376 4710 apud
1392 4648 1448 4697 (tic.
1473 4648 1617 4712 teguntur:
1647 4650 1702 4700 aar
1718 4650 1932 4704 intermistione
1947 4656 2001 4705 aut
2017 4667 2087 4707 oon-

1178 4720 1288 4771 ctstone
1305 4717 1468 4767 sertorum.

1145 4822 1194 4881 8³)
1213 4819 1271 4871 cte.
1290 4821 1360 4869 orat.
1378 4828 1428 4879 pro
1447 4816 1540 4867 cretio
1561 4818 1602 4877 18,
1620 4818 1661 4870 tr,
1735 4835 1741 4847 ·

1145 4924 1194 4984 sn
1211 4924 1306 4973 visen
1329 4908 1477 4983 captatae]
1501 4920 1543 4970 na
1566 4921 1609 4971 aaa
1626 4922 1792 4986 commum
1816 4924 1872 4976 cte.
1891 4924 1908 4972 t.
1923 4926 1939 4973 ι.
1961 4927 2090 4989 meipsa:

1180 4993 1273 5043 discut
1290 4990 1437 5053 athuttndo
1455 4989 1616 5052 cupidltu..

1145 5092 1194 5152 811)
1212 5104 1247 5141 no
1264 5091 1437 5155 opprobrium
1455 5091 1556 5151 certis]
1582 5090 1623 5141 sle
1640 5091 1684 5143 hle
1701 5084 1866 5153 connents
1891 5094 1962 5155 trud
1979 5096 2093 5149 cicero-

1180 5174 1242 5211 nern
1261 5163 1302 5211 ed.
1322 5160 1407 5219 orell.
1425 5162 1452 5210 1.
1468 5159 1487 5215 Ι.
1505 5160 1633 5224 leguntur
1650 5163 1732 5212 trec:
1762 5174 1795 5210 ne
1823 5162 1944 5212 tncurrrt
1968 5164 1997 5215 tn
2020 5168 2092 5217 ette-

1180 5230 1238 5279 rius
1258 5230 1365 5280 domun
1382 5232 1464 5292 atque
1482 5228 1598 5293 tanam
1625 5242 1660 5281 ne
1677 5232 1803 5293 probrum
1820 5230 1914 5279 cartis.

1147 5331 1216 5392 ³5¹)
1234 5332 1342 5394 Apntetl
1360 5329 1475 5382 Florida
1492 5330 1510 5383 l.
1524 5330 1544 5383 Ι.
1562 5342 1588 5383 n.
1604 5330 1654 5383 lx.

1149 5434 1199 5498 κ)
1216 5436 1313 5487 ΙΙοιιι.
1330 5446 1380 5487 rra
1397 5431 1546 5548 poeggtqt.
