4544 5766
2011 160 2088 263 ies

160 353 358 427 Distinctio
381 336 645 439 dominiorum,
679 380 745 428 sen
771 356 975 450 proprietas
997 368 1051 425 est
1102 383 1183 427 cnm
1207 334 1397 449 occuparet
1418 357 1572 427 alienam
1595 356 1749 428 vineam.
1800 357 1848 429 Et
1861 358 1980 443 Deus,
2006 384 2086 431 cum

63 458 146 531 iuris
162 461 339 550 gentium,
366 458 434 540 vcl,
459 471 501 527 nt
515 454 723 551 philosophi
735 461 946 555 loquuntur,
964 459 1051 529 iuris
1101 461 1139 530 id
1154 461 1267 531 scelus
1281 460 1482 543 rdciscitur,
1506 462 1663 531 declarat
1676 461 1840 533 similiter
1865 488 1902 533 se
1928 476 2088 554 sumptu-

60 575 225 633 naturae.
289 558 388 650 Ergo
411 562 625 631 conturbare
648 563 912 633 distinctionem
936 562 1051 631 domi-
1101 588 1182 634 rum
1197 588 1352 655 poenam
1374 565 1416 631 de
1434 563 1512 633 aliis
1536 565 1708 656 tyrannis.
1759 562 1813 634 Ita
1836 579 1871 634 et
1894 590 1960 636 nos
1983 566 2088 635 liberi

60 666 229 751 riorum,
254 676 291 733 et
303 663 420 732 aliena
440 688 566 756 rapere
583 664 658 735 sine
673 689 776 736 causa
794 667 905 750 iusta,
931 677 983 736 est
996 666 1051 734 in-
1101 693 1243 749 sumus,
1268 679 1309 736 ut
1324 668 1498 758 possessio
1514 666 1687 736 libertatis
1707 679 1875 753 testatur,
1903 682 1938 737 et
1952 668 2087 737 Roma-

61 771 206 841 instum.
258 763 310 836 Ita
326 765 496 837 muniunt
508 769 788 859 proprietatem,
815 781 850 837 et
871 769 925 838 ins
946 780 1051 838 natu·
1101 794 1168 838 nae
1189 771 1282 860 leges
1304 770 1466 839 tribuunt
1488 769 1623 839 civibus
1645 770 1867 854 libertatem,
1907 783 1942 839 et
1962 771 2088 840 distin-

62 181 134 263 125

402 258 406 265 .
444 206 447 211 '
502 204 509 233 ³
542 210 548 245 ·-
590 179 638 255 la
687 180 1039 263 Ptttlnsoafflaa
1062 181 1281 255 ¹MORALIS
1304 182 1535 259 EPITOME.

60 897 138 953 rae,
168 883 206 941 et
232 870 290 940 lex
307 869 450 954 divina,
475 896 556 939 cnm
582 871 700 964 inquit
722 867 1048 965 (Exoa.ao‚15.):

60 976 139 1049 Non
152 975 296 1045 furtum
312 971 430 1043 facies.
481 972 574 1043 Nam
593 974 800 1064 decalogus,
825 986 867 1043 ut
880 998 984 1065 saepe
998 973 1050 1042 di-

62 1092 153 1150 ctum
170 1090 239 1160 est,
251 1088 303 1146 est
320 1074 507 1166 explicatio
523 1076 610 1146 iuris
624 1077 810 1159 naturalis,
828 1100 919 1171 qnae
935 1089 1050 1146 osten-

61 1181 190 1251 ditius
211 1192 364 1249 naturae
386 1202 459 1248 esse
479 1178 638 1247 divinam
651 1179 877 1249 sententiam.
929 1180 1049 1271 Quare

59 1296 209 1378 peccant
225 1272 371 1374 tyranni
388 1283 556 1351 adversus
572 1281 709 1366 Deum,
736 1309 817 1352 cum
833 1282 968 1352 civibus
983 1282 1051 1351 eri-

58 1388 165 1481 piunt
181 1385 344 1477 ipsorum
363 1385 535 1454 fortunas.

162 1488 375 1570 Caeterum,
402 1512 481 1556 cnm
495 1486 601 1556 liberi
618 1488 788 1556 amittunt
809 1486 886 1556 iure
907 1486 1051 1554 liberta-

57 1609 150 1677 tem,
179 1605 218 1662 et
230 1589 382 1659 veniunt
397 1589 435 1657 in
453 1590 679 1673 servitutem,
707 1589 876 1659 amittunt
890 1587 1050 1657 dominia

60 1712 94 1768 et
108 1693 385 1791 proprietatem.
444 1690 559 1762 Nemo
576 1705 695 1762 autem
710 1705 763 1762 est
773 1704 902 1762 natura
917 1716 1051 1773 servus,

59 1802 139 1871 ideo
155 1823 240 1869 cum
256 1789 402 1866 Naboth
422 1794 636 1878 liberasset,
663 1808 698 1864 et
718 1795 884 1864 dominus
905 1818 1050 1865 suarum

60 1927 202 1984 rerum,
228 1895 356 1969 habuit
368 1897 422 1967 ius
437 1897 491 1968 sui
504 1898 608 1968 fundi
620 1898 810 1967 retinendi.
1062 1896 1065 1901 ’

162 2004 235 2074 Sed
260 1997 318 2070 hic
340 2001 506 2070 obiicitur
535 2002 709 2072 sententia
734 2003 777 2070 de
802 2000 878 2069 iure
900 2000 993 2090 regis
1015 2001 1052 2066 in

56 2107 226 2179 Samuele
251 2102 328 2196 (lib.
351 2101 394 2173 H.
426 2104 544 2186 8,11.
569 2102 665 2200 14.):
693 2104 771 2172 Hoc
795 2116 846 2173 est
870 2103 923 2172 ins
946 2103 1052 2192 regis,

56 2235 167 2303 agros
181 2221 318 2278 vestros
330 2207 431 2276 tollet
449 2219 513 2276 etc.
572 2207 668 2298 Ergo
691 2231 791 2298 reges
812 2218 896 2277 sunt
914 2205 1054 2273 domini

54 2316 287 2409 privatarum
302 2311 522 2380 facultatum.

164 2414 393 2507 Respondeo.
451 2412 518 2480 Hic
538 2413 637 2483 locus
657 2435 731 2480 non
754 2410 848 2480 tollit
871 2409 925 2479 ius
949 2420 1053 2477 natu-

54 2546 141 2604 rae,
176 2519 240 2588 sed
269 2515 415 2609 proprie
444 2516 604 2609 loquitur
633 2517 676 2583 de
708 2513 903 2606 stipendiis.
955 2511 1054 2579 Sicut

55 2626 175 2694 libere
195 2618 290 2689 natis
315 2644 415 2710 reges
436 2642 512 2687 non
532 2619 663 2687 debent
692 2616 828 2707 cripere
856 2614 1052 2695 facultates,

56 2729 109 2797 ita
124 2724 243 2795 multo
256 2721 376 2791 minus
389 2722 520 2790 debent
535 2721 584 2791 eis
598 2721 799 2789 libertatem
816 2718 966 2809 eripere,
983 2714 1053 2784 nisi

57 2857 140 2901 cnm
159 2825 319 2921 puniunt
334 2837 431 2893 certa
446 2825 584 2904 delicta.

163 2929 213 2998 Et
228 2952 434 3023 quanquam
442 2927 575 2996 subditi
583 2926 715 2995 debent
726 2923 868 3014 regibus
876 2922 1052 3014 stipendia

57 3030 386 3104 administrationis
402 3055 518 3114 cansa,
534 3042 575 3098 nt
591 3028 697 3097 etiam
711 3027 845 3097 Paulus
864 3028 980 3109 docet,
1001 3038 1051 3092 ta-

59 3162 145 3207 men
161 3134 345 3205 subditum
364 3157 527 3202 essenon
543 3145 594 3201 cst
609 3131 778 3213 servitus,
804 3129 866 3198 sed
889 3129 927 3197 in
940 3128 1052 3218 irnpe-

59 3242 122 3311 riis
134 3239 245 3308 debet
261 3260 406 3304 manere
422 3234 579 3317 libertas,
605 3230 674 3302 hoc
695 3245 758 3315 est,
785 3245 825 3301 ut
837 3257 941 3301 snum
958 3230 1052 3324 quis-

61 3369 130 3438 que
156 3352 300 3423 teneat,
325 3350 366 3408 ut
385 3361 492 3407 nemo
514 3338 707 3429 plectatur,
732 3334 802 3405 nisi
822 3347 970 3426 propter
992 3335 1051 3400 de-

63 3447 168 3528 licta,
191 3455 234 3513 ut
247 3441 330 3513 iusti
345 3440 437 3510 cives
453 3436 610 3509 habeant
624 3439 780 3507 debitam
797 3434 1051 3506 defensionem.

1102 885 1215 963 gaunt
1236 872 1409 942 dominia.
1467 872 1588 963 Quare
1613 885 1761 964 peccant
1779 875 1977 964 principes,
2005 900 2087 943 cum

1101 975 1248 1066 rapiunt
1267 976 1491 1066 privatorum
1515 975 1717 1058 facultates,
1756 988 1819 1044 aut
1843 976 2089 1046 immoderatis

1102 1079 1395 1169 explicationibus
1412 1079 1609 1168 deglubunt
1625 1077 1810 1170 populum.
1861 1078 1954 1149 Nam
1980 1093 2013 1147 ct
2035 1079 2090 1149 ius

1101 1194 1251 1251 naturae
1267 1194 1363 1249 vetat
1383 1206 1443 1250 eos
1460 1182 1575 1249 aliena
1599 1205 1745 1272 rapere,
1772 1194 1808 1250 et
1830 1181 1965 1271 legibus
1986 1182 2086 1272 regni

1102 1284 1157 1354 sui
1172 1285 1302 1352 debent
1317 1285 1575 1375 obtemperare.
1612 1284 1711 1354 Sicut
1724 1280 1972 1352 honestissime
1986 1309 2089 1376 prae-

1103 1387 1188 1477 cipit
1216 1389 1272 1455 lex
1303 1382 1500 1456 Theodosii
1520 1388 1559 1454 in
1590 1386 1782 1481 Codiee⁶):
1825 1387 1944 1476 Digna
1975 1385 2089 1479 vox⁶)

1102 1490 1285 1558 maiestate
1311 1489 1509 1579 regnantis,
1535 1489 1670 1579 legibus
1692 1490 1876 1579 alligatum
1899 1515 1936 1559 se
1959 1489 2090 1580 princi-

1104 1618 1183 1685 pem
1208 1592 1387 1684 profiteri;
1423 1594 1512 1660 adeo
1534 1594 1577 1661 de
1599 1591 1790 1661 autoritate
1815 1590 1922 1674 iuris,
1965 1605 2088 1661 nostra

1103 1697 1234 1789 pendet
1250 1695 1434 1765 autoritas.
1486 1694 1532 1763 Et
1553 1719 1591 1763 re
1608 1719 1690 1763 vera
1716 1695 1831 1764 maius
1853 1694 2044 1786 imperium
2059 1694 2090 1785 ⁷)

1104 1811 1156 1869 cst
1179 1798 1386 1868 submittere
1411 1798 1546 1887 legibus
1563 1797 1803 1889 principatum
1815 1795 1859 1890 ⁸).
1911 1796 1958 1865 Et
1979 1797 2017 1864 in
2033 1795 2089 1864 ln-

1103 1901 1346 1971 stitutionibus
1368 1901 1537 1970 recitatur
1558 1901 1768 1992 rescriptum
1786 1898 1907 1968 Severi
1917 1899 1948 1993 ⁰)
1968 1913 2002 1968 et
2017 1899 2090 1967 An-

1104 2005 1238 2073 tonini:
1265 2004 1365 2071 Liect
1377 2004 1513 2093 legibus
1533 2003 1641 2073 soluti
1656 2028 1797 2086 sumus,
1824 2015 1983 2070 attamen
2006 2002 2091 2091 legi-

1103 2110 1169 2178 bus
1184 2108 1337 2176 virimus
1349 2105 1408 2201 1⁰).
1446 2103 1602 2175 Iactatur
1617 2106 1762 2196 vulgare
1779 2105 1929 2175 dictum:
1958 2105 2090 2175 Omnia

1104 2224 1186 2281 sunt
1206 2209 1450 2302 imperatoris,
1478 2211 1574 2303 quod
1598 2209 1705 2277 etiam
1727 2209 1855 2277 recitat
1869 2209 2091 2277 Ambrosius.

1104 2313 1150 2383 Et
1167 2325 1319 2382 narrant
1339 2313 1495 2403 lepidam
1516 2313 1672 2381 fabrdam
1698 2313 1741 2379 de
1763 2311 1919 2379 Henrieo
1937 2310 2092 2381 Lutzen-

1103 2417 1272 2507 burgensi
1286 2414 1352 2510 ¹¹),
1389 2416 1625 2506 imperatore,
1664 2414 1745 2508 qui,
1786 2440 1866 2484 cum
1898 2415 1936 2481 in
1968 2412 2091 2482 Italico

1104 2520 1231 2588 itinere
1247 2521 1290 2586 de
1315 2520 1471 2610 quadam
1487 2542 1566 2585 arce
1596 2518 1850 2607 interrogasset
1869 2517 1968 2587 cuius
1991 2528 2092 2596 esset,

1105 2648 1184 2691 cum
1202 2621 1470 2691 iurisconsultus
1481 2618 1527 2714 19)
1547 2620 1693 2711 quidam
1708 2620 1959 2709 responderet,
1980 2620 2092 2708 impe-

1104 2725 1233 2794 ratoris
1252 2747 1337 2805 esse,
1352 2721 1491 2792 etiamsi
1505 2721 1585 2815 quis
1599 2721 1689 2790 alius
1705 2733 1794 2789 esset
1809 2721 1989 2803 dominus,
2008 2720 2091 2812 quia

1105 2825 1331 2920 imperatoris
1347 2837 1462 2895 essent
1478 2826 1610 2894 omnia.
1659 2823 1726 2891 Hic
1743 2848 1823 2892 cum
1840 2823 1930 2893 alius
1945 2822 2091 2915 quidam

1106 2930 1375 3001 iurisconsultus
1397 2929 1627 3008 reclamaret,
1655 2940 1690 2994 et
1711 2938 1859 3017 negaret
1881 2925 2001 2993 omnia
2018 2949 2091 2995 esse

1105 3033 1350 3126 imperatoris,
1378 3030 1564 3113 convenit,
1588 3042 1629 3098 ut
1643 3029 1830 3097 Bononiae
1847 3054 1903 3098 res
1921 3028 2093 3098 diiudica-

1104 3151 1215 3219 retur,
1231 3150 1267 3205 et
1282 3134 1409 3203 victori
1421 3158 1532 3226 equus
1546 3135 1692 3201 daretur
1701 3132 1871 3200 victoriae
1882 3131 2092 3222 praemium.

1103 3240 1291 3310 Bononiae
1313 3239 1351 3304 in
1376 3231 1528 3327 gratiam
1559 3235 1788 3326 imperatoris
1817 3234 2092 3326 pronuntiatum

1105 3356 1168 3426 est,
1181 3367 1248 3434 pro
1265 3365 1306 3409 eo
1323 3340 1385 3433 qui
1400 3341 1608 3407 defenderat
1625 3338 1745 3405 omnio
1764 3362 1836 3407 esse
1853 3336 2092 3428 imperatoris.

1104 3446 1170 3514 Hic
1188 3444 1293 3514 faceti
1309 3443 1455 3536 quidam
1470 3442 1652 3511 dixerunt:
1687 3439 1811 3507 Victor
1824 3436 1933 3508 habet
1948 3465 2093 3532 equum,

165 3545 263 3615 Haec
285 3556 337 3615 esi
361 3542 512 3634 8111111101
534 3555 569 3611 ei
600 3566 683 3610 1111
712 3540 919 3632 1131101810,
952 3563 1051 3627 reges
1104 3550 1165 3618 sed
1181 3549 1270 3615 alter
1286 3543 1471 3635 respondit
1486 3567 1651 3636 aequum.
1704 3542 1820 3610 Porro
1845 3568 1925 3612 cum
1947 3541 2092 3632 proprie

64 3647 197 3721 habent
220 3647 275 3718 ἰ118
298 3647 463 3717 sumendi
491 3645 627 3739 aliquid
649 3669 691 3713 111
712 3643 861 3736 privatis
876 3639 1051 3711 111111111ῐὶ-
1104 3652 1146 3719 de
1174 3648 1336 3718 dominio
1361 3646 1564 3739 loquimur,
1592 3647 1689 3738 quod
1712 3645 1876 3713 videlieet
1898 3657 1949 3714 est
1972 3668 2092 3712 rerum

10 3746 12 3783 ³
64 3756 145 3837 bns,
177 3751 313 3823 scilicet
333 3748 653 3819 administrationis
674 3747 799 3829 causa,
825 3747 871 3812 ad
893 3768 1051 3812 commu-
1103 3753 1321 3845 proprietas,
1347 3762 1648 3830 nonestterum,
1676 3747 2093 3838 omniaesseimperato.

64 3882 143 3927 111111
172 3851 439 3935 necessilatem,
471 3876 548 3919 110ss
571 3851 666 3944 quod
702 3861 887 3940 praetextu
909 3845 1051 3938 imperil
1103 3857 1271 3926 risznam
1288 3853 1468 3922 distinctio
1485 3851 1729 3921 dominiorum
1747 3876 1826 3920 cum
1845 3852 1891 3922 sit
1906 3851 1993 3919 iuris
2008 3873 2091 3937 gen-

66 3960 134 4029 sint
145 3955 289 4028 domini
304 3954 466 4024 omnium
483 3955 705 4045 privatarum
719 3952 939 4022 facultatum.

163 4059 357 4131 Sciendum
379 4068 431 4126 cst
453 4070 573 4126 autem
601 4054 787 4125 dissimiles
820 4078 892 4123 esse
917 4054 1051 4120 formas

65 4188 278 4255 regnorum,
306 4172 342 4230 et
372 4159 459 4228 alibi
489 4159 578 4228 alios
611 4183 683 4227 esse
715 4159 844 4249 gradus
867 4155 1050 4224 libertatis.

66 4266 251 4361 Approbat
265 4276 384 4333 autem
402 4261 500 4333 Deus
522 4286 645 4330 omnes
660 4262 794 4329 formas
816 4258 1049 4348 imperiorum

66 4368 194 4439 rationi
222 4378 257 4436 et
281 4379 431 4435 naturae
456 4377 722 4434 consentaneas.
774 4363 921 4452 Semper
943 4359 1051 4450 igitur

68 4472 180 4542 calere
205 4470 311 4539 debet
332 4467 389 4538 ius
409 4480 578 4551 naturae,
602 4491 648 4536 ne
670 4464 849 4535 distinctio
873 4462 1051 4532 dominio-

69 4598 141 4645 rum
156 4573 334 4644 turbetur.
374 4570 566 4640 Praeterea
582 4570 762 4663 quaelibet
776 4578 931 4658 potestas
948 4566 1051 4633 debet

70 4678 116 4749 sni
135 4676 241 4769 regni
264 4674 357 4765 leges
381 4697 613 4754 conservare,
646 4683 682 4739 et
713 4671 762 4740 eis
791 4671 1050 4760 obtemperare,

70 4781 125 4849 ubi
141 4781 238 4871 leges
259 4776 358 4869 ipsae
382 4776 581 4845 concedunt
602 4773 804 4842 libertatem
829 4772 982 4854 civibus,
1016 4783 1050 4838 et

73 4882 268 4955 baernum
279 4903 400 4949 rerum
416 4877 589 4961 dominia,
612 4876 662 4944 ibi
675 4900 775 4967 reges
792 4887 952 4968 peccant,
969 4899 1048 4942 cum

74 4996 237 5077 eoenpant
251 4982 477 5074 privatorum
490 4981 685 5051 facultates.

160 5086 354 5157 Habebant
369 5097 488 5154 autem
503 5080 684 5152 Israelitae
700 5081 827 5171 legem,
854 5093 889 5149 et
905 5078 1049 5173 quidem

40 5210 45 5219 ·
77 5187 232 5261 divinitus
252 5189 398 5270 datam,
435 5210 526 5280 quae
549 5185 773 5256 discernebat
797 5181 1050 5274 possessiones,

79 5302 107 5359 rt
128 5291 342 5362 concedebat
370 5289 559 5381 proprium
589 5289 735 5358 civibus.
800 5284 902 5353 Hanc
936 5285 1051 5375 legem

80 5392 203 5466 thalete
217 5416 295 5465 non
308 5390 411 5462 licuit
426 5390 489 5462 ulli
505 5388 593 5485 regi.
631 5388 715 5462 Ideo
733 5388 902 5482 peccabat
915 5383 1051 5470 Achab,

1134 4052 1166 4118 a)
1184 4055 1214 4103 ln
1234 4052 1300 4104 cod.
1318 4055 1338 4105 1.
1357 4054 1398 4104 tit.
1421 4055 1461 4104 11.
1480 4053 1513 4102 de
1530 4052 1654 4114 legibus,
1679 4053 1707 4102 et
1724 4050 1966 4101 corretttuttontboa
1990 4046 2093 4108 priuci-
2140 4108 2144 4115 Α

1172 4136 1235 4185 pum
1252 4124 1314 4186 lege
1331 4126 1356 4174 4.
1377 4120 1444 4188 (vid.
1464 4120 1571 4184 Corpus
1589 4122 1658 4170 iaris
1683 4120 1772 4170 civilis
1792 4121 1833 4169 ed.
1852 4121 1914 4170 1.1..
1927 4116 1997 4170 Guil.
2013 4116 2092 4165 Beck.

1170 4193 1245 4241 Tem.
1264 4193 1296 4240 lt.
1314 4192 1343 4240 P.
1362 4192 1382 4242 1.
1402 4205 1428 4252 p.
1447 4188 1531 4256 m).

1136 4275 1167 4341 6)
1186 4279 1255 4337 vax]
1274 4278 1302 4326 in
1320 4279 1422 4328 Codice
1438 4278 1557 4340 legitur:
1576 4287 1630 4325 vox
1648 4278 1700 4324 est.

1136 4361 1167 4429 7)
1186 4364 1341 4426 imperinm]
1360 4364 1388 4414 in
1407 4363 1487 4415 cod:
1507 4361 1629 4424 imperto.

1136 4448 1167 4516 8)
1187 4451 1216 4499 ln
1235 4448 1333 4499 Codice
1351 4450 1444 4498 addita
1462 4451 1527 4496 sorrt
1543 4448 1624 4494 llaec:
1643 4445 1678 4492 Et
1696 4442 1807 4491 oraculo
1827 4444 1982 4504 praesentis
2002 4444 2093 4507 edicti,

1172 4519 1244 4581 quod
1261 4518 1339 4568 nobis
1358 4519 1444 4567 licere
1462 4529 1516 4565 non
1534 4513 1669 4576 patimur,
1687 4511 1750 4560 atlls
1770 4511 1926 4565 indicarum.

1135 4601 1166 4671 9)
1186 4604 1299 4664 severi]
1318 4604 1358 4653 eie
1375 4604 1450 4652 recte
1467 4602 1517 4652 Ed.
1538 4598 1629 4663 15385
1654 4598 1723 4648 Edd.
1744 4598 1818 4647 tato.
1837 4600 1864 4646 et
1885 4598 1959 4647 1116.
1978 4601 2089 4662 typogr.

1170 4686 1283 4724 errore:
1302 4672 1380 4725 Veri.

1137 4756 1182 4826 10)
1201 4761 1277 4809 llaec
1300 4759 1386 4807 verba
1411 4754 1587 4804 inveniuntur
1612 4753 1640 4803 in
1670 4752 1875 4802 lustttutionum
1892 4754 1912 4802 1.
1931 4753 1963 4804 ll.
1988 4754 2030 4804 tit.
2052 4753 2092 4805 17.

1171 4830 1199 4890 s.
1216 4827 1288 4955 &⁷311
1307 4827 1361 4876 ssne
1386 4825 1455 4886 (vid.
1473 4823 1555 4885 corp.
1574 4823 1626 4874 tur.
1645 4823 1697 4872 civ.
1716 4822 1759 4872 ed.
1778 4823 1860 4872 Beck.
1885 4823 1960 4871 'rom
1978 4823 1997 4872 1.
2024 4822 2054 4874 Ρ.
2073 4823 2093 4873 Ι.

1137 4901 1458 5047 11ξ.114ιιῑ.1..οιιὴιππεηεί]
1488 4978 1529 5028 ste
1559 4977 1628 5028 Edd.
1664 4977 1739 5027 tato.
1770 4979 1797 5026 et
1823 4976 1915 5040 1516.;
1941 4978 1991 5029 Ed.
2019 4978 2092 5029 15³8.

1169 5051 1413 5108 hamelburgensi,
1429 5061 1478 5110 pro
1487 5046 1715 5104 Luciltburgenei,
1726 5045 1869 5104 latre-ituree.
1879 5058 1901 5093 s.
1912 5046 2093 5104 braxemtrurg.

1170 5144 1205 5155 -
1223 5120 1321 5169 Censes
1339 5120 1474 5168 ilem-icus
1493 5130 1509 5167 a
1526 5119 1699 5177 huxemburg
1711 5114 1928 5179 (betzetaorg),
1945 5126 1970 5165 a.
1985 5116 2093 5164 tana-

1174 5188 1419 5249 aata.1mperotor
1438 5188 1635 5236 Germanorum
1656 5183 1788 5232 ttenrteus
1806 5182 1866 5233 vu.

1138 5273 1184 5338 12)
1205 5274 1433 5331 iurisconsultus]
1452 5274 1492 5322 sic
1510 5272 1577 5321 aad.
1598 5270 1671 5319 15³⁸.
1691 5271 1718 5317 et
1739 5267 1829 5328 asten
1852 5268 1903 5317 Ed.
1930 5266 2005 5318 lats.
2030 5269 2055 5315 tt.
2074 5269 2093 5321 Ι.

1171 5344 1376 5395 iureoornuttos
1394 5343 1536 5405 (uetaret-ps
1554 5344 1659 5389 autenm
1678 5335 1910 5401 iurisconsultus,
1927 5341 2094 5399 quopropter

1172 5413 1256 5465 ettam
1271 5413 1297 5462 tr.
1315 5413 1333 5464 1.
1352 5411 1464 5461 enituere
1484 5411 1596 5460 termam
1611 5404 1819 5472 praetulimus).
