4544 5766
116 192 191 272 aaa
690 187 814 263 nnn..
840 185 954 262 nnn
986 183 1188 260 suanus
1214 183 1548 267 rrmocooros.
1636 250 1640 260 .
2045 195 2130 273 ooo

119 381 260 451 prosunt,
281 366 416 448 quaeda
436 381 547 444 genere
561 362 725 440 eloquendi
746 380 797 420 sua
818 371 924 440 sponte
944 358 1028 436 fuso,
1049 356 1139 418 etde
1162 376 1301 418 converso
1321 370 1409 437 atque
1430 372 1557 438 mutato,
1584 383 1660 444 quae
1678 364 1718 426 de
1738 365 1855 429 delecto
1877 379 1909 429 et
1929 365 2124 431 collocatione

122 457 291 530 verborum,
312 470 387 532 quac
407 452 446 510 de
468 448 673 528 compositione
694 446 901 520 Ciceroniana,
923 445 1022 522 deque
1043 443 1187 519 numeris,
1209 461 1285 523 quae
1306 443 1344 502 de
1365 446 1494 506 oratione
1515 449 1660 527 dilucida,
1687 453 1786 528 brevi,
1814 454 1974 533 probabili,
2001 454 2120 535 illustri,

123 541 222 616 suari,
250 556 324 619 quae
345 537 384 595 de
406 535 541 595 sananda
562 533 758 610 disputatione
780 529 891 590 traditi
932 529 1027 598 Quam
1049 539 1094 588 est
1115 527 1263 588 fructuosa
1291 529 1393 588 iisdem
1420 532 1592 598 illuminatio
1619 536 1672 594 illa
1699 538 1824 597 locorum
1850 539 2042 615 inventionis,
2070 533 2127 618 qul'

124 626 211 684 etiam
232 625 288 682 loci
309 621 452 681 dialectici
473 617 618 699 appellari
640 617 751 693 solent,
772 618 821 695 qui
844 633 882 674 ex
903 614 959 673 boc
981 615 1216 672 commentariolo
1238 615 1540 693 cogniti‚unirersam
1562 621 1691 697 Topicen
1712 623 1868 698 Ciceronis,
1890 637 1921 684 et
1943 625 1973 682 in
1994 625 2121 685 mundo

125 711 164 769 de
185 709 325 781 Oratore,
347 718 377 766 et
399 706 435 765 ad
459 706 491 765 C.
513 702 681 763 Trebatium
702 704 855 779 scriptam,
877 699 993 759 facilem
1015 710 1158 776 perceptu
1180 696 1328 758 reddenti
1370 700 1466 778 Haec,
1488 721 1563 780 quae
1583 705 1653 781 dixi,
1673 709 1767 766 omnia
1788 709 1939 787 Philippus
1956 710 2121 788 pulcherri-

124 797 196 866 mis,
216 794 388 872 aptissimis,
409 790 498 851 etad
519 800 617 848 nostra
638 797 770 864 tempora
791 784 1011 844 accommodatis
1033 782 1176 860 exemplis
1197 785 1237 841 ita
1258 784 1422 860 illustravit,
1444 797 1476 845 nt
1497 787 1588 847 doctis
1609 802 1640 849 et
1660 794 1760 869 aequis
1783 795 1938 854 lectoribus
1957 795 2121 871 adproban-

126 882 201 939 tibus
221 878 392 936 confirmare
412 877 521 951 ausim,
549 885 692 932 amatores
713 872 886 932 Rhetoricae
913 870 981 948 plus
1003 885 1042 927 ex
1070 869 1130 926 istis
1159 868 1306 943 utilitatis,
1336 889 1422 948 quam
1451 888 1489 930 ex
1516 875 1580 951 ipso
1609 887 1745 934 contextu
1766 879 1954 938 Partitionum
1976 880 2122 940 Ciceronis

125 974 313 1042 percepturos
336 980 411 1022 esse.
452 959 488 1018 ld
508 976 577 1018 vere
599 957 751 1028 videlicet,
780 956 991 1034 praeclareque
1012 964 1043 1012 et
1065 952 1162 1010 divino
1184 953 1300 1030 ingenio
1320 955 1460 1031 praeditis
1481 958 1714 1038 sapientibusque
1736 962 1803 1020 viris
1824 962 1879 1023 hoc
1899 973 1944 1023 est
1964 965 2122 1042 singulare,

125 1061 157 1107 ut
178 1047 422 1128 quemadmodum
446 1055 627 1123 praestantes
650 1042 818 1119 cytlraroedi
847 1056 935 1119 saepe
964 1036 1139 1115 periodum
1169 1051 1200 1097 et
1221 1038 1428 1116 negligentiam
1458 1060 1516 1098 non
1538 1044 1631 1103 minus
1658 1046 1783 1105 iucunde
1805 1059 1836 1106 et
1862 1049 1991 1108 suaviter
2017 1048 2121 1109 fidibus

125 1147 250 1208 mount,
272 1151 358 1211 quam
378 1150 443 1188 cum
464 1146 567 1208 magna
588 1146 673 1203 cura,
695 1140 783 1204 atque
805 1137 869 1185 arte
889 1123 1032 1199 adhibita,
1054 1139 1170 1180 armen
1195 1122 1355 1199 legitimum
1375 1126 1575 1186 modulanturr
1596 1129 1636 1187 ita
1660 1130 1748 1189 etiam
1768 1133 1886 1191 istorum
1906 1135 2025 1211 scripta,
2048 1149 2121 1212 quaa

123 1222 186 1278 sine
208 1218 268 1275 acri
289 1217 473 1274 contentione
492 1214 597 1288 animi,
618 1225 648 1272 et
671 1211 750 1269 scint
771 1211 849 1269 aliud
871 1221 992 1288 agentes
1013 1208 1157 1283 scdbunt,
1185 1208 1359 1285 plerumque
1378 1228 1472 1287 aeque
1494 1212 1576 1270 utilia
1596 1215 1654 1272 sint
1676 1227 1706 1273 et
1728 1215 1887 1295 frugifera,
1920 1231 2010 1296 atque
2034 1237 2120 1278 accu-

126 1320 206 1364 ratae
221 1316 251 1361 et
267 1302 424 1360 meditatae
437 1299 693 1360 commentationes
715 1298 891 1365 eorundem3
914 1295 1002 1372 idque
1023 1293 1072 1352 vel
1092 1292 1122 1350 in
1144 1294 1243 1369 primis
1263 1292 1445 1353 foelicissirnn
1467 1297 1600 1374 ingenio,
1620 1300 1761 1377 singulari
1782 1303 1949 1378 industriae,
1971 1304 2120 1362 ducturae

125 1387 275 1466 perfectae
296 1385 382 1446 buius
403 1386 457 1444 viri
478 1394 522 1445 est
544 1384 653 1442 datum.
697 1382 758 1439 lloc
780 1399 879 1440 rernm
903 1396 985 1453 esse,
1012 1378 1066 1436 isto
1088 1379 1291 1435 commentario
1314 1377 1438 1455 legendo
1460 1385 1632 1458 comperies.
1670 1385 1739 1462 lpse
1764 1388 1880 1464 quidem
1902 1406 1968 1447 euin
1994 1389 2042 1448 vel
2066 1405 2120 1447 non

124 1473 184 1548 edi,
204 1472 252 1531 vel
275 1490 331 1529 noa
354 1491 405 1529 suo
428 1472 545 1529 nomine
566 1468 614 1527 edi
636 1468 738 1525 voluit.
780 1466 840 1526 Sed
862 1483 918 1545 ego
939 1473 970 1522 et
991 1461 1041 1521 olii
1062 1461 1124 1522 eius
1145 1463 1238 1538 amici,
1259 1464 1384 1521 amicitia
1405 1464 1495 1541 ipsius
1517 1469 1579 1525 sive
1599 1467 1678 1543 freti,
1701 1471 1762 1530 sire
1781 1474 1873 1549 abusi,
1893 1474 2120 1532 adolescentium

125 1557 256 1625 utilitatis
281 1574 385 1632 musa,
412 1567 443 1614 et
471 1556 526 1615 boc
546 1552 719 1633 opusctrlum
740 1549 900 1627 edidimus,
929 1560 960 1609 et
981 1547 1088 1608 autoris
1111 1565 1216 1605 nomen
1238 1548 1451 1627 adscripsimus.
1491 1550 1576 1619 Quod
1605 1564 1638 1611 ut
1664 1573 1752 1632 quam
1779 1559 1912 1637 plutini.
1936 1558 2029 1637 prosit
2049 1557 2120 1619 inxit

125 1640 255 1702 Christus
276 1636 400 1720 optimus
421 1640 576 1701 ma'ximus.
616 1637 702 1698 Vale.
744 1634 970 1715 Voitemherga,
994 1624 1044 1696 ib.
1065 1631 1189 1693 Caiend.
1209 1632 1376 1710 Septemb.
1416 1635 1500 1694 Anno
1519 1630 1733 1703 ED.X1.V.·
1842 1680 1845 1685 -

364 2179 439 2257 ΙΝ
485 2173 873 2256 ctGER'Ole
921 2169 1414 2251 ἱΡΛΒῖΙΊΤΙΟΝΙΗ
1465 2174 1881 2262 oaauottlas

561 2333 797 2403 rorarent
826 2327 1213 2401 unbaurnours
1245 2308 1687 2410 oouuau‘rantun
1833 2330 1835 2335 ’

120 2520 412 2653 (ittp.ll·'§·‘f·¹)
427 2552 645 2642 Qaueinfiu‘o
657 2561 737 2621 neat
748 2552 962 2644 relatoris]
975 2549 1101 2622 Cicero
1152 2549 1244 2620 meri
1256 2574 1378 2623 manes
1395 2577 1437 2625 ex
1450 2550 1583 2640 inferis,
1595 2579 1639 2626 ac
1653 2550 1900 2651 interrogaret,
1916 2583 1979 2630 cur
1993 2559 2125 2632 librum

119 2657 412 2749 iocbsirlfiliosin
426 2656 530 2726 rebus
539 2660 617 2725 non
630 2665 736 2722 vocat
748 2666 887 2724 tantum
898 2655 1103 2739 interiores,
1152 2650 1282 2724 iliados
1310 2654 1360 2724 sic
1386 2651 1586 2728 inchoasset
1599 2661 1731 2753 Μῆν-ιν
1746 2658 1871 2752 ἄειδε,
1921 2675 2058 2735 osseum
2088 2665 2126 2734 id

120 2754 189 2841 used
207 2760 425 2857 'generaliter
450 2758 593 2843 omnes,
619 2756 682 2855 'q'ui
705 2755 879 2828 vocantur
893 2756 1102 2843 artificiales,
1152 2756 1323 2848 singulari
1336 2758 1483 2829 consilio
1497 2759 1653 2831 facturn?
1688 2761 1963 2856 Responderunt
1976 2766 2127 2837 Homeri

125 2886 168 2944 ut
194 2869 271 2961 ipsa
304 2861 526 2934 enumeratio
556 2854 719 2931 ostendit.
779 2857 832 2928 Ac
859 2871 900 2930 ut
922 2854 1102 2952 intelligas
1152 2883 1293 2944 manes,
1324 2859 1449 2931 mirari
1474 2880 1511 2934 se
1542 2863 1686 2933 inanem
1716 2866 1957 2938 curiositatem
1987 2894 2128 2955 eorum,

128 2971 221 3045 hanc
243 2966 424 3040 Ciceronis
453 2964 647 3057 pagellam,
680 2957 852 3033 intuearis
879 2962 1000 3032 animo
1025 2964 1102 3033 vul·
1153 2961 1216 3055 qui
1239 2984 1382 3032 causam
1404 2979 1627 3057 quaererent.
1676 2966 1752 3038 Sibi
1778 2970 1870 3041 forte
1901 2964 1988 3042 baec
2013 2973 2124 3044 verba

128 3086 248 3170 garetn
278 3068 499 3151 doctrinam,
532 3089 623 3160 quac
653 3064 692 3132 in
718 3062 920 3135 Dialecticis
950 3064 1102 3135 traditur
1153 3064 1191 3132 in
1209 3076 1363 3135 mentem
1386 3064 1539 3137 venisse:
1571 3065 1690 3151 οὕτως
1716 3068 1833 3165 ἔτυχε.
1883 3069 1937 3144 lta
1965 3099 2032 3145 mec
2056 3098 2122 3166 ego

129 3183 173 3250 de
193 3174 300 3257 loc'is,
326 3196 387 3243 seu
416 3168 454 3238 in
479 3167 642 3260 Topicis,
667 3178 708 3236 ut
737 3179 877 3237 vocant.
927 3166 1021 3239 Nam
1045 3167 1102 3238 Ci-
1153 3168 1255 3236 anxie
1277 3168 1321 3234 de
1336 3165 1516 3239 Ciceronis
1537 3170 1685 3241 consilio
1703 3173 1911 3266 disputabo,
1932 3177 1998 3249 etsi
2014 3202 2123 3272 quae-

128 3279 266 3353 ccronis
280 3271 501 3345 enumeratio
517 3295 559 3341 ex
573 3267 957 3362 secundoTopicoru'm
966 3269 1102 3342 Aristo·
1153 3269 1234 3339 dam
1256 3264 1346 3338 mibi
1369 3270 1567 3361 probabilia
1593 3289 1794 3349 occumunt.
1841 3276 2017 3373 Exempla
2037 3293 2126 3351 -tan-

127 3385 206 3456 telis
236 3391 377 3470 sumpta
409 3388 479 3461 est,
521 3398 629 3468 quarn
659 3371 802 3466 quidem
833 3371 956 3443 Cicero
987 3398 1101 3468 paene
1152 3383 1226 3441 tum
1246 3371 1406 3442 locorum
1426 3374 1582 3445 breviter
1602 3401 1747 3470 ponam.

127 3487 251 3558 lisdem
266 3481 382 3552 verbis
395 3479 434 3547 in
450 3476 563 3548 tribus
578 3475 678 3546 libris
692 3488 866 3559 recenset,
893 3476 932 3545 in
946 3478 1101 3549 secundo
1252 3474 1459 3547 Universale
1493 3493 1719 3573 praeceptum
1754 3493 1808 3552 est
1839 3479 1878 3552 in
1907 3478 2124 3570 Rhetoricis,

127 3592 172 3661 de
196 3589 370 3666 Oratore,
395 3583 434 3652 in
455 3579 619 3673 Topicis,
640 3591 674 3648 et
696 3574 754 3648 hic
775 3577 814 3647 in
833 3579 1101 3652 Partitionibus.
1151 3576 1282 3646 referre
1310 3573 1523 3672 hypothesin
1556 3583 1602 3651 ad
1632 3579 1766 3667 thesin,
1801 3582 1839 3654 id
1870 3599 1939 3671 cst,
1981 3600 2125 3679 partem

127 3692 245 3764 Pacilo
268 3688 376 3780 igitur
397 3684 594 3774 intelligent
615 3677 680 3751 has
695 3681 874 3752 Ciceronis
894 3682 1101 3775 descriptio·
1152 3679 1196 3746 ad
1220 3691 1354 3764 totum,
1378 3706 1441 3752 seu
1460 3707 1569 3773 genus
1591 3685 1638 3755 ad
1660 3684 1826 3779 speciem.
1875 3684 1960 3760 ldeo
1982 3685 2043 3761 hic
2063 3716 2126 3763 or-

126 3821 189 3867 ne,
220 3790 277 3876 hi,
319 3787 446 3882 quibus
479 3784 638 3875 vulgaria
677 3794 863 3874 praecepta
892 3783 1101 3857 Dialectices
1151 3780 1285 3852 dituta
1309 3795 1397 3854 toto.
1449 3785 1486 3854 si
1508 3786 1605 3857 voles
1626 3788 1817 3875 disserere,
1847 3814 1893 3861 an
1914 3791 1960 3863 sit
1980 3791 2042 3884 pia
2065 3819 2123 3865 res

127 3912 214 3970 nola
242 3904 336 3966 suut.
388 3889 439 3960 Ut
467 3900 586 3957 autem
612 3885 721 3956 libelli
750 3887 911 3977 vulgares
933 3886 1100 3958 Dialecti·
1149 3883 1281 3954 bellum
1309 3884 1517 3956 Turricums
1550 3906 1689 3961 necesse
1721 3905 1773 3962 est
1802 3892 1902 3984 prius
1928 3893 2039 3980 edre,
2074 3920 2122 3966 an

126 4025 251 4074 corum
291 3994 395 4064 initio
440 4001 624 4060 recensent
669 3987 930 4073 definitionem,
974 4003 1098 4082 postca
1148 3986 1279 4056 bebium
1310 3985 1347 4055 in
1376 4012 1501 4078 genere
1530 3990 1577 4060 sit
1604 4016 1660 4063 res
1687 4015 1862 4067 concessa.
1923 3993 1975 4069 lta
2007 3993 2120 4094 hypo-

127 4126 255 4200 gcnos,
275 4097 452 4191 ·speciem;
488 4091 616 4163 deinde
641 4101 776 4176 totum,
789 4103 938 4183 partes,
965 4117 1099 4178 cauus,
1149 4083 1256 4159 thesis
1276 4090 1321 4160 ad
1345 4084 1461 4161 thesin
1483 4095 1712 4183 transfertur,
1735 4123 1798 4170 seu
1819 4123 1903 4192 pars
1924 4100 1970 4171 ad
1991 4110 2120 4187 totum,

122 4205 337 4305 pugnantia:
372 4200 422 4269 ita
440 4196 611 4292 'sequitur
634 4195 786 4264 eundem
808 4195 982 4264 ordinem
1002 4196 1097 4267 alibi
1147 4216 1208 4261 seu
1230 4191 1361 4282 species
1384 4195 1431 4263 ad
1454 4220 1575 4287 genus.

11 4360 48 4395 -ι,
113 4305 261 4384 'Citerm
302 4290 573 4375 'Sed'boc¹loco
597 4297 736 4369 orditur
761 4322 781 4368 a
803 4307 898 4382 toto,
916 4296 1096 4391 ‘partibus
1247 4293 1317 4364 Sed
1346 4299 1443 4387 pono
1472 4298 1627 4370 breviter
1661 4302 1860 4393 exemplum
1890 4305 1935 4374 de
1969 4318 2048 4378 toto
2085 4319 2120 4377 ct

2 4404 4 4409 ¹
38 4405 40 4411 ’
124 4408 358 4508 etymologia,
391 4418 433 4483 ut
451 4392 549 4475 uides
569 4401 608 4472 in
630 4413 745 4482 textu3
779 4400 910 4479 ¹deinde
932 4400 1030 4471 venit
1050 4405 1096 4473 ad
1144 4393 1324 4486 partibus:
1349 4397 1496 4492 Legavit
1509 4401 1658 4472 victum:
1673 4426 1758 4496 ergo
1773 4411 1999 4480 stt-vestitum.
2042 4409 2118 4480 linc

122 4512 378 4588 definitionem.
432 4507 537 4577 ilaec
564 4517 703 4575 tanturn
735 4529 885 4588 moneo,
915 4528 961 4573 ne
989 4530 1094 4599 quem
1146 4510 1394 4590 argumentum
1412 4527 1495 4574 vere
1518 4504 1659 4575 ducitur
1681 4530 1723 4576 ex
1744 4518 1820 4578 toto
1844 4510 1890 4577 ad
1909 4520 2062 4604 partem.

124 4617 260 4692 ordinis
291 4609 540 4684 dissimilitudo
558 4619 779 4678 remoretur.
854 4606 927 4679 Nec
956 4632 1021 4698 ego
1050 4609 1094 4679 de
1245 4601 1473 4696 Magistratus
1498 4620 1549 4676 est
1564 4619 1679 4678 custos
1697 4608 1804 4681 totius
1819 4609 2004 4706 Decalogi:
2032 4640 2114 4708 ergo

122 4716 457 4809 causadisputabo,
482 4732 545 4783 cur
564 4706 633 4780 boc
656 4710 779 4780 Cicero
803 4711 941 4780 fecerit:
969 4711 1095 4781 fortui-
1145 4713 1181 4769 et
1200 4704 1337 4795 primae
1355 4709 1508 4780 tabulae.
1558 4709 1699 4780 Debent
1721 4711 1829 4803 igitur
1852 4716 2030 4810 principes
2051 4720 2115 4790 tol·

124 4840 200 4901 tum
215 4815 306 4893 mibi
328 4817 480 4903 videtur,
499 4827 540 4886 nt
560 4839 639 4884 cum
655 4812 775 4906 Apion
787 4812 819 4909 ⁸)
844 4824 1007 4883 evocaret
1020 4814 1094 4884 Ηο-
1143 4803 1216 4875 lere
1240 4804 1392 4904 εἴδωλα,
1417 4807 1614 4883 haeretic&
1633 4812 1780 4906 punire,
1806 4829 1871 4888 eit·

118 5012 321 5036 β-..κ-αι

154 5140 185 5198 ¹)
204 5131 328 5196 capum
345 5129 373 5180 οι
389 5125 621 5189 ΜΨΡΜΜ
642 5131 771 5171 numm
796 5120 877 5171 ,gam
900 5120 929 5172 ,n
952 5123 1003 5174 ΜΩ
1017 5123 1090 5177 „m
1209 5094 1311 5145 multas
1329 5095 1459 5149 detortas
1474 5097 1503 5149 ln
1520 5097 1666 5149 litterariis
1683 5101 1874 5154 certaminibus
1890 5105 2050 5169 deportatas
2066 5124 2111 5163 oo-

182 5190 719 5327 mo-
921 5192 1090 5247 oro-m
1209 5183 2108 5310 ...aaa

517 5356 524 5373 ι
1207 5300 1264 5351 rid.
1288 5301 1392 5366 Pautyr
1417 5304 1625 5368 licat-Enorcl.
1652 5307 1683 5356 T.
1700 5307 1721 5360 l.
1743 5321 1770 5369 p.
1788 5311 1842 5361 ooo
1857 5325 1899 5376 sq.
1938 5312 2020 5366 Cant.
2039 5318 2106 5370 Geli.

151 5378 183 5449 ι)
200 5374 286 5437 nolon
306 5370 366 5431 vet,
390 5365 532 5417 otiosos
548 5359 752 5416 Commentario
774 5360 803 5410 st
819 5357 848 5410 tn
864 5361 988 5425 plumbus
1004 5362 1088 5417 ostiti
1206 5368 1284 5421 Nost.
1302 5373 1360 5420 stt.
1376 5375 1419 5440 v,
1438 5376 1479 5425 1⁴.
1506 5374 1562 5436 Vl,
1577 5375 1606 5426 8.
1640 5374 1710 5429 rin.
1726 5376 1789 5432 hist
1806 5383 1862 5434 nat.
1878 5384 1967 5446 pust
1985 5384 2016 5437 ln
2032 5387 2106 5441 tint.

170 5443 259 5494 tots
276 5440 401 5506 Iegltur,
416 5436 541 5503 Appios,
557 5431 721 5487 mansa
738 5425 954 5499 (Morbos)
969 5432 1005 5488 Ob
1018 5444 1087 5500 nst*
1206 5440 1237 5490 et
1251 5438 1300 5493 to.
1317 5439 1463 5497 mvii.
1477 5455 1503 5500 a.
1518 5444 1547 5499 o.
