<?xml version="1.0" encoding="UTF-8"?>
<!DOCTYPE html PUBLIC "-//W3C//DTD XHTML 1.0 Transitional//EN"
    "http://www.w3.org/TR/xhtml1/DTD/xhtml1-transitional.dtd">
<html xmlns="http://www.w3.org/1999/xhtml" xml:lang="en" lang="en">
 <head>
  <title>
</title>
<meta http-equiv="Content-Type" content="text/html;charset=utf-8" />
  <meta name='ocr-system' content='tesseract 3.04.00' />
  <meta name='ocr-capabilities' content='ocr_page ocr_carea ocr_par ocr_line ocrx_word'/>
</head>
<body>
  <div class='ocr_page' id='page_1' title='image "./corpusreformato12melagoog/corpusreformato12melagoog_0506.png"; bbox 0 0 4544 5766; ppageno 0'>
   <div class='ocr_carea' id='block_1_1' title="bbox 118 176 2129 263">
    <p class='ocr_par' dir='ltr' id='par_1_1' title="bbox 118 176 2129 263">
     <span class='ocr_line' id='line_1_1' title="bbox 118 176 2129 263; baseline 0.003 -8"><span class='ocrx_word' id='word_1_1' title='bbox 118 176 196 255; x_wconf 76' lang='grc'>086</span> <span class='ocrx_word' id='word_1_2' title='bbox 472 182 517 260; x_wconf 84' lang='grc' dir='ltr'>Χ.</span> <span class='ocrx_word' id='word_1_3' title='bbox 565 180 846 262; x_wconf 71' lang='lat' dir='ltr'>mantano</span> <span class='ocrx_word' id='word_1_4' title='bbox 879 179 1138 258; x_wconf 73' lang='lat' dir='ltr'>anamotus</span> <span class='ocrx_word' id='word_1_5' title='bbox 1169 177 1428 263; x_wconf 71' lang='lat' dir='ltr'>CICERONIS,</span> <span class='ocrx_word' id='word_1_6' title='bbox 1450 177 1552 255; x_wconf 81' lang='lat' dir='ltr'>PRO</span> <span class='ocrx_word' id='word_1_7' title='bbox 1582 177 1781 258; x_wconf 78' lang='lat' dir='ltr'>MILONE.</span> <span class='ocrx_word' id='word_1_8' title='bbox 2048 184 2129 262; x_wconf 64' lang='grc' dir='ltr'><strong><em>Μ</em></strong></span> 
     </span>
    </p>
   </div>
   <div class='ocr_carea' id='block_1_2' title="bbox 104 346 2234 1885">
    <p class='ocr_par' dir='ltr' id='par_1_2' title="bbox 104 346 2234 1885">
     <span class='ocr_line' id='line_1_2' title="bbox 109 346 2234 453; baseline 0.003 -29"><span class='ocrx_word' id='word_1_9' title='bbox 109 346 181 425; x_wconf 72' lang='lat' dir='ltr'>lam</span> <span class='ocrx_word' id='word_1_10' title='bbox 197 350 409 440; x_wconf 50' lang='lat' dir='ltr'>divertemu-</span> <span class='ocrx_word' id='word_1_11' title='bbox 433 377 480 425; x_wconf 88' lang='lat' dir='ltr'>ne</span> <span class='ocrx_word' id='word_1_12' title='bbox 493 355 710 441; x_wconf 74' lang='lat' dir='ltr'><strong>elaberetur,</strong></span> <span class='ocrx_word' id='word_1_13' title='bbox 734 377 779 428; x_wconf 85' lang='lat' dir='ltr'>ue</span> <span class='ocrx_word' id='word_1_14' title='bbox 793 357 832 431; x_wconf 88' lang='lat' dir='ltr'>id</span> <span class='ocrx_word' id='word_1_15' title='bbox 847 357 991 453; x_wconf 86' lang='lat' dir='ltr'>quidem</span> <span class='ocrx_word' id='word_1_16' title='bbox 1008 355 1092 428; x_wconf 83' lang='lat' dir='ltr'>feeit</span> <span class='ocrx_word' id='word_1_17' title='bbox 1141 352 1285 424; x_wconf 78' lang='lat' dir='ltr'><strong>additur</strong></span> <span class='ocrx_word' id='word_1_18' title='bbox 1304 353 1506 446; x_wconf 78' lang='lat' dir='ltr'>purgatio,¹</span> <span class='ocrx_word' id='word_1_19' title='bbox 1522 377 1593 449; x_wconf 91' lang='lat' dir='ltr'>qua</span> <span class='ocrx_word' id='word_1_20' title='bbox 1608 355 1782 427; x_wconf 88' lang='lat' dir='ltr'>Milouem</span> <span class='ocrx_word' id='word_1_21' title='bbox 1796 370 1925 451; x_wconf 88' lang='lat' dir='ltr'>purgat</span> <span class='ocrx_word' id='word_1_22' title='bbox 1938 358 2124 451; x_wconf 89' lang='lat' dir='ltr'>Pompeio,</span> <span class='ocrx_word' id='word_1_23' title='bbox 2231 397 2234 400; x_wconf 55' lang='lat'><strong>&gt;</strong></span> 
     </span>
     <span class='ocr_line' id='line_1_3' title="bbox 111 453 2122 555; baseline 0.003 -28"><span class='ocrx_word' id='word_1_24' title='bbox 111 454 220 541; x_wconf 89' lang='lat' dir='ltr'>Milo,</span> <span class='ocrx_word' id='word_1_25' title='bbox 262 480 347 548; x_wconf 85' lang='lat' dir='ltr'>ergo</span> <span class='ocrx_word' id='word_1_26' title='bbox 368 481 444 527; x_wconf 93' lang='lat' dir='ltr'>non</span> <span class='ocrx_word' id='word_1_27' title='bbox 467 453 594 530; x_wconf 89' lang='lat' dir='ltr'>habuit</span> <span class='ocrx_word' id='word_1_28' title='bbox 614 461 801 532; x_wconf 88' lang='lat' dir='ltr'>consilium</span> <span class='ocrx_word' id='word_1_29' title='bbox 823 461 976 531; x_wconf 83' lang='lat' dir='ltr'>faciendi</span> <span class='ocrx_word' id='word_1_30' title='bbox 1006 459 1090 531; x_wconf 85' lang='lat' dir='ltr'>insi-</span> <span class='ocrx_word' id='word_1_31' title='bbox 1140 469 1181 528; x_wconf 89' lang='lat' dir='ltr'>ut</span> <span class='ocrx_word' id='word_1_32' title='bbox 1200 457 1331 526; x_wconf 87' lang='lat' dir='ltr'>eximat</span> <span class='ocrx_word' id='word_1_33' title='bbox 1349 456 1521 548; x_wconf 89' lang='lat' dir='ltr'>Pompeio</span> <span class='ocrx_word' id='word_1_34' title='bbox 1536 458 1780 550; x_wconf 65' lang='lat' dir='ltr'>suspiciones,</span> <span class='ocrx_word' id='word_1_35' title='bbox 1816 463 1944 555; x_wconf 86' lang='lat' dir='ltr'>quibus</span> <span class='ocrx_word' id='word_1_36' title='bbox 1968 462 2122 533; x_wconf 83' lang='lat' dir='ltr'>maxime</span> 
     </span>
     <span class='ocr_line' id='line_1_4' title="bbox 108 558 2121 658; baseline 0.005 -30"><span class='ocrx_word' id='word_1_37' title='bbox 108 558 199 632; x_wconf 82' lang='lat' dir='ltr'>dias.</span> <span class='ocrx_word' id='word_1_38' title='bbox 254 558 323 629; x_wconf 84' lang='lat' dir='ltr'>Hie</span> <span class='ocrx_word' id='word_1_39' title='bbox 337 559 437 630; x_wconf 91' lang='lat' dir='ltr'>addit</span> <span class='ocrx_word' id='word_1_40' title='bbox 449 560 647 653; x_wconf 87' lang='lat' dir='ltr'>epilogum,</span> <span class='ocrx_word' id='word_1_41' title='bbox 678 562 717 633; x_wconf 90' lang='lat' dir='ltr'>in</span> <span class='ocrx_word' id='word_1_42' title='bbox 741 586 812 658; x_wconf 91' lang='lat' dir='ltr'>quo</span> <span class='ocrx_word' id='word_1_43' title='bbox 836 563 965 655; x_wconf 85' lang='lat' dir='ltr'>repetit</span> <span class='ocrx_word' id='word_1_44' title='bbox 988 587 1090 653; x_wconf 91' lang='lat' dir='ltr'>supe·</span> <span class='ocrx_word' id='word_1_45' title='bbox 1140 560 1441 652; x_wconf 87' lang='lat' dir='ltr'>praegravabatur</span> <span class='ocrx_word' id='word_1_46' title='bbox 1453 560 1555 630; x_wconf 88' lang='lat' dir='ltr'>Milo.</span> <span class='ocrx_word' id='word_1_47' title='bbox 1603 560 1711 630; x_wconf 89' lang='lat' dir='ltr'>Ratio</span> <span class='ocrx_word' id='word_1_48' title='bbox 1734 565 1956 655; x_wconf 79' lang='lat' dir='ltr'>purgationis</span> <span class='ocrx_word' id='word_1_49' title='bbox 1980 578 2121 658; x_wconf 84' lang='lat' dir='ltr'>sumpta</span> 
     </span>
     <span class='ocr_line' id='line_1_5' title="bbox 109 660 2121 759; baseline 0.003 -28"><span class='ocrx_word' id='word_1_50' title='bbox 109 661 209 731; x_wconf 90' lang='lat' dir='ltr'>riora</span> <span class='ocrx_word' id='word_1_51' title='bbox 224 677 452 754; x_wconf 87' lang='lat' dir='ltr'>argumenta,</span> <span class='ocrx_word' id='word_1_52' title='bbox 476 676 518 734; x_wconf 91' lang='lat' dir='ltr'>ut</span> <span class='ocrx_word' id='word_1_53' title='bbox 530 665 691 735; x_wconf 89' lang='lat' dir='ltr'>videlicet</span> <span class='ocrx_word' id='word_1_54' title='bbox 706 669 751 735; x_wconf 93' lang='lat' dir='ltr'>ad</span> <span class='ocrx_word' id='word_1_55' title='bbox 765 665 821 751; x_wconf 93' lang='lat' dir='ltr'>id,</span> <span class='ocrx_word' id='word_1_56' title='bbox 853 667 951 759; x_wconf 93' lang='lat' dir='ltr'>quod</span> <span class='ocrx_word' id='word_1_57' title='bbox 973 666 1089 734; x_wconf 89' lang='lat' dir='ltr'>valere</span> <span class='ocrx_word' id='word_1_58' title='bbox 1141 675 1192 733; x_wconf 88' lang='lat' dir='ltr'>est</span> <span class='ocrx_word' id='word_1_59' title='bbox 1214 688 1256 732; x_wconf 82' lang='lat' dir='ltr'>ex</span> <span class='ocrx_word' id='word_1_60' title='bbox 1277 661 1442 753; x_wconf 90' lang='lat' dir='ltr'>Pompeii</span> <span class='ocrx_word' id='word_1_61' title='bbox 1457 660 1504 757; x_wconf 83' lang='lat'>⁷⁰)</span> <span class='ocrx_word' id='word_1_62' title='bbox 1522 663 1711 736; x_wconf 86' lang='lat' dir='ltr'>beneficiis.</span> <span class='ocrx_word' id='word_1_63' title='bbox 1770 665 1861 737; x_wconf 88' lang='lat' dir='ltr'>Huic</span> <span class='ocrx_word' id='word_1_64' title='bbox 1881 666 1960 737; x_wconf 92' lang='lat' dir='ltr'>loco</span> <span class='ocrx_word' id='word_1_65' title='bbox 1985 667 2022 736; x_wconf 91' lang='lat' dir='ltr'>in</span> <span class='ocrx_word' id='word_1_66' title='bbox 2050 669 2121 737; x_wconf 87' lang='lat' dir='ltr'>fine</span> 
     </span>
     <span class='ocr_line' id='line_1_6' title="bbox 108 763 2120 863; baseline 0.003 -30"><span class='ocrx_word' id='word_1_67' title='bbox 108 763 305 857; x_wconf 91' lang='lat' dir='ltr'>plurimum</span> <span class='ocrx_word' id='word_1_68' title='bbox 333 765 537 851; x_wconf 82' lang='lat' dir='ltr'>videbatur,</span> <span class='ocrx_word' id='word_1_69' title='bbox 577 769 711 838; x_wconf 90' lang='lat' dir='ltr'>aditum</span> <span class='ocrx_word' id='word_1_70' title='bbox 734 768 803 839; x_wconf 89' lang='lat' dir='ltr'>sibi</span> <span class='ocrx_word' id='word_1_71' title='bbox 823 768 964 838; x_wconf 85' lang='lat' dir='ltr'>faceret.</span> <span class='ocrx_word' id='word_1_72' title='bbox 1026 766 1090 837; x_wconf 86' lang='lat' dir='ltr'>Est</span> <span class='ocrx_word' id='word_1_73' title='bbox 1140 765 1242 836; x_wconf 90' lang='lat' dir='ltr'>addit·</span> <span class='ocrx_word' id='word_1_74' title='bbox 1253 765 1496 856; x_wconf 86' lang='lat' dir='ltr'>gravissimam</span> <span class='ocrx_word' id='word_1_75' title='bbox 1512 766 1804 852; x_wconf 76' lang='lat' dir='ltr'>admonitionem,</span> <span class='ocrx_word' id='word_1_76' title='bbox 1831 793 1901 863; x_wconf 91' lang='lat' dir='ltr'>qua</span> <span class='ocrx_word' id='word_1_77' title='bbox 1918 794 2120 840; x_wconf 91' lang='lat' dir='ltr'>commone-</span> 
     </span>
     <span class='ocr_line' id='line_1_7' title="bbox 108 854 2119 965; baseline 0.003 -28"><span class='ocrx_word' id='word_1_78' title='bbox 108 880 229 937; x_wconf 88' lang='lat' dir='ltr'>autem</span> <span class='ocrx_word' id='word_1_79' title='bbox 243 881 424 959; x_wconf 90' lang='lat' dir='ltr'>sumptum</span> <span class='ocrx_word' id='word_1_80' title='bbox 439 891 460 936; x_wconf 90' lang='lat' dir='ltr'>a</span> <span class='ocrx_word' id='word_1_81' title='bbox 474 868 553 938; x_wconf 89' lang='lat' dir='ltr'>loco</span> <span class='ocrx_word' id='word_1_82' title='bbox 569 893 722 963; x_wconf 78' lang='lat' dir='ltr'>pugnae,</span> <span class='ocrx_word' id='word_1_83' title='bbox 743 870 828 942; x_wconf 89' lang='lat' dir='ltr'>item</span> <span class='ocrx_word' id='word_1_84' title='bbox 841 872 887 941; x_wconf 89' lang='lat' dir='ltr'>ab</span> <span class='ocrx_word' id='word_1_85' title='bbox 903 882 1088 963; x_wconf 86' lang='lat' dir='ltr'>apparatu.</span> <span class='ocrx_word' id='word_1_86' title='bbox 1138 869 1222 939; x_wconf 84' lang='lat' dir='ltr'>facit</span> <span class='ocrx_word' id='word_1_87' title='bbox 1244 854 1476 959; x_wconf 63' lang='lat' dir='ltr'>Pompeium}</span> <span class='ocrx_word' id='word_1_88' title='bbox 1504 893 1550 938; x_wconf 91' lang='lat' dir='ltr'>ne</span> <span class='ocrx_word' id='word_1_89' title='bbox 1572 868 1660 939; x_wconf 87' lang='lat' dir='ltr'>tales</span> <span class='ocrx_word' id='word_1_90' title='bbox 1680 871 1812 942; x_wconf 90' lang='lat' dir='ltr'>amicos</span> <span class='ocrx_word' id='word_1_91' title='bbox 1838 872 2000 956; x_wconf 89' lang='lat' dir='ltr'>abiiciat,</span> <span class='ocrx_word' id='word_1_92' title='bbox 2031 897 2119 965; x_wconf 90' lang='lat' dir='ltr'>quo-</span> 
     </span>
     <span class='ocr_line' id='line_1_8' title="bbox 109 966 2119 1066; baseline 0.002 -27"><span class='ocrx_word' id='word_1_93' title='bbox 109 969 255 1040; x_wconf 89' lang='lat' dir='ltr'>Clodius</span> <span class='ocrx_word' id='word_1_94' title='bbox 279 970 408 1040; x_wconf 80' lang='lat' dir='ltr'>restitit</span> <span class='ocrx_word' id='word_1_95' title='bbox 428 966 572 1043; x_wconf 65' lang='lat' dir='ltr'>in&#39;loco</span> <span class='ocrx_word' id='word_1_96' title='bbox 604 972 867 1056; x_wconf 85' lang='lat' dir='ltr'>commodiore,</span> <span class='ocrx_word' id='word_1_97' title='bbox 906 973 992 1042; x_wconf 87' lang='lat' dir='ltr'>item</span> <span class='ocrx_word' id='word_1_98' title='bbox 1022 972 1089 1042; x_wconf 87' lang='lat' dir='ltr'>fuit</span> <span class='ocrx_word' id='word_1_99' title='bbox 1138 996 1219 1041; x_wconf 90' lang='lat' dir='ltr'>rum</span> <span class='ocrx_word' id='word_1_100' title='bbox 1246 971 1278 1039; x_wconf 91' lang='lat' dir='ltr'>ei</span> <span class='ocrx_word' id='word_1_101' title='bbox 1302 971 1387 1040; x_wconf 89' lang='lat' dir='ltr'>fides</span> <span class='ocrx_word' id='word_1_102' title='bbox 1412 969 1605 1064; x_wconf 90' lang='lat' dir='ltr'>aliquando</span> <span class='ocrx_word' id='word_1_103' title='bbox 1627 973 1804 1064; x_wconf 89' lang='lat' dir='ltr'>praesidio</span> <span class='ocrx_word' id='word_1_104' title='bbox 1836 998 1909 1045; x_wconf 89' lang='lat' dir='ltr'>esse</span> <span class='ocrx_word' id='word_1_105' title='bbox 1938 973 2051 1066; x_wconf 87' lang='lat' dir='ltr'>possit</span> <span class='ocrx_word' id='word_1_106' title='bbox 2080 974 2119 1044; x_wconf 91' lang='lat' dir='ltr'>in</span> 
     </span>
     <span class='ocr_line' id='line_1_9' title="bbox 107 1043 2122 1167; baseline 0.001 -26"><span class='ocrx_word' id='word_1_107' title='bbox 107 1096 233 1166; x_wconf 83' lang='lat' dir='ltr'>eques,</span> <span class='ocrx_word' id='word_1_108' title='bbox 259 1067 385 1143; x_wconf 88' lang='lat' dir='ltr'>habuit</span> <span class='ocrx_word' id='word_1_109' title='bbox 400 1086 693 1167; x_wconf 82' lang='lat' dir='ltr'>praetermorem</span> <span class='ocrx_word' id='word_1_110' title='bbox 713 1099 832 1146; x_wconf 89' lang='lat' dir='ltr'>secum</span> <span class='ocrx_word' id='word_1_111' title='bbox 856 1087 993 1146; x_wconf 84' lang='lat' dir='ltr'>tantmn</span> <span class='ocrx_word' id='word_1_112' title='bbox 1014 1075 1088 1166; x_wconf 92' lang='lat' dir='ltr'>gla-</span> <span class='ocrx_word' id='word_1_113' title='bbox 1138 1074 1209 1145; x_wconf 88' lang='lat' dir='ltr'>suis</span> <span class='ocrx_word' id='word_1_114' title='bbox 1224 1073 1399 1166; x_wconf 89' lang='lat' dir='ltr'>periculis.</span> <span class='ocrx_word' id='word_1_115' title='bbox 1449 1073 1646 1144; x_wconf 83' lang='lat' dir='ltr'>Fortunam</span> <span class='ocrx_word' id='word_1_116' title='bbox 1665 1075 1780 1160; x_wconf 91' lang='lat' dir='ltr'>enim,</span> <span class='ocrx_word' id='word_1_117' title='bbox 1801 1101 1880 1145; x_wconf 91' lang='lat' dir='ltr'>cum</span> <span class='ocrx_word' id='word_1_118' title='bbox 1900 1076 1946 1146; x_wconf 93' lang='lat' dir='ltr'>sit</span> <span class='ocrx_word' id='word_1_119' title='bbox 1968 1043 2122 1145; x_wconf 75' lang='lat' dir='ltr'>mutabi-</span> 
     </span>
     <span class='ocr_line' id='line_1_10' title="bbox 105 1174 2120 1272; baseline 0.002 -28"><span class='ocrx_word' id='word_1_120' title='bbox 105 1174 303 1245; x_wconf 90' lang='lat' dir='ltr'>diatorum:</span> <span class='ocrx_word' id='word_1_121' title='bbox 329 1175 415 1245; x_wconf 90' lang='lat' dir='ltr'>item</span> <span class='ocrx_word' id='word_1_122' title='bbox 431 1189 593 1249; x_wconf 87' lang='lat' dir='ltr'>contatus</span> <span class='ocrx_word' id='word_1_123' title='bbox 601 1177 648 1272; x_wconf 60' lang='grc' dir='ltr'>ω)</span> <span class='ocrx_word' id='word_1_124' title='bbox 666 1189 736 1262; x_wconf 89' lang='lat' dir='ltr'>est,</span> <span class='ocrx_word' id='word_1_125' title='bbox 760 1191 801 1248; x_wconf 89' lang='lat' dir='ltr'>ut</span> <span class='ocrx_word' id='word_1_126' title='bbox 817 1178 932 1249; x_wconf 77' lang='lat' dir='ltr'>solent</span> <span class='ocrx_word' id='word_1_127' title='bbox 949 1177 1012 1272; x_wconf 92' lang='lat' dir='ltr'>qui</span> <span class='ocrx_word' id='word_1_128' title='bbox 1030 1202 1087 1246; x_wconf 86' lang='lat' dir='ltr'>ex·</span> <span class='ocrx_word' id='word_1_129' title='bbox 1137 1176 1199 1260; x_wconf 90' lang='lat' dir='ltr'>lis,</span> <span class='ocrx_word' id='word_1_130' title='bbox 1233 1176 1338 1247; x_wconf 87' lang='lat' dir='ltr'>etiarn</span> <span class='ocrx_word' id='word_1_131' title='bbox 1361 1175 1429 1267; x_wconf 92' lang='lat' dir='ltr'>ipsi</span> <span class='ocrx_word' id='word_1_132' title='bbox 1440 1176 1614 1267; x_wconf 90' lang='lat' dir='ltr'>Pompeio</span> <span class='ocrx_word' id='word_1_133' title='bbox 1637 1180 1865 1249; x_wconf 88' lang='lat' dir='ltr'>metuendam</span> <span class='ocrx_word' id='word_1_134' title='bbox 1888 1203 1972 1250; x_wconf 89' lang='lat' dir='ltr'>esse.</span> <span class='ocrx_word' id='word_1_135' title='bbox 2032 1179 2120 1248; x_wconf 90' lang='lat' dir='ltr'>Cor-</span> 
     </span>
     <span class='ocr_line' id='line_1_11' title="bbox 107 1277 2120 1375; baseline 0 -28"><span class='ocrx_word' id='word_1_136' title='bbox 107 1289 270 1369; x_wconf 87' lang='lat' dir='ltr'>pectant,</span> <span class='ocrx_word' id='word_1_137' title='bbox 301 1289 336 1347; x_wconf 91' lang='lat' dir='ltr'>et</span> <span class='ocrx_word' id='word_1_138' title='bbox 357 1277 555 1349; x_wconf 90' lang='lat' dir='ltr'>moliuntur</span> <span class='ocrx_word' id='word_1_139' title='bbox 567 1278 614 1375; x_wconf 60' lang='grc' dir='ltr'>ω)</span> <span class='ocrx_word' id='word_1_140' title='bbox 637 1280 784 1375; x_wconf 88' lang='lat' dir='ltr'>aliquid.</span> <span class='ocrx_word' id='word_1_141' title='bbox 850 1280 938 1350; x_wconf 90' lang='lat' dir='ltr'>Milo</span> <span class='ocrx_word' id='word_1_142' title='bbox 962 1292 1085 1350; x_wconf 88' lang='lat' dir='ltr'>contra</span> <span class='ocrx_word' id='word_1_143' title='bbox 1137 1280 1247 1350; x_wconf 85' lang='lat' dir='ltr'>rectio</span> <span class='ocrx_word' id='word_1_144' title='bbox 1262 1279 1405 1349; x_wconf 88' lang='lat' dir='ltr'>additur</span> <span class='ocrx_word' id='word_1_145' title='bbox 1420 1277 1693 1369; x_wconf 84' lang='lat' dir='ltr'>prudentissime</span> <span class='ocrx_word' id='word_1_146' title='bbox 1711 1281 1874 1372; x_wconf 88' lang='lat' dir='ltr'>cogitata.</span> <span class='ocrx_word' id='word_1_147' title='bbox 1922 1279 2120 1372; x_wconf 87' lang='lat' dir='ltr'>Argumen-</span> 
     </span>
     <span class='ocr_line' id='line_1_12' title="bbox 105 1379 2119 1479; baseline 0.003 -32"><span class='ocrx_word' id='word_1_148' title='bbox 105 1379 279 1472; x_wconf 82' lang='lat' dir='ltr'>pugnavit</span> <span class='ocrx_word' id='word_1_149' title='bbox 291 1379 417 1476; x_wconf 91' lang='lat' dir='ltr'>iniquo</span> <span class='ocrx_word' id='word_1_150' title='bbox 430 1382 522 1465; x_wconf 92' lang='lat' dir='ltr'>loco,</span> <span class='ocrx_word' id='word_1_151' title='bbox 549 1382 649 1453; x_wconf 85' lang='lat' dir='ltr'>duxit</span> <span class='ocrx_word' id='word_1_152' title='bbox 660 1408 778 1454; x_wconf 88' lang='lat' dir='ltr'>secum</span> <span class='ocrx_word' id='word_1_153' title='bbox 794 1407 942 1453; x_wconf 83' lang='lat' dir='ltr'>uxorem</span> <span class='ocrx_word' id='word_1_154' title='bbox 959 1396 995 1452; x_wconf 92' lang='lat' dir='ltr'>et</span> <span class='ocrx_word' id='word_1_155' title='bbox 1010 1406 1086 1451; x_wconf 90' lang='lat' dir='ltr'>cae·</span> <span class='ocrx_word' id='word_1_156' title='bbox 1137 1394 1233 1453; x_wconf 91' lang='lat' dir='ltr'>tatur</span> <span class='ocrx_word' id='word_1_157' title='bbox 1252 1381 1348 1450; x_wconf 91' lang='lat' dir='ltr'>enim</span> <span class='ocrx_word' id='word_1_158' title='bbox 1369 1406 1412 1451; x_wconf 83' lang='lat' dir='ltr'>ex</span> <span class='ocrx_word' id='word_1_159' title='bbox 1430 1380 1506 1473; x_wconf 93' lang='lat' dir='ltr'>ipso</span> <span class='ocrx_word' id='word_1_160' title='bbox 1529 1383 1621 1451; x_wconf 87' lang='lat' dir='ltr'>facto</span> <span class='ocrx_word' id='word_1_161' title='bbox 1636 1382 1875 1478; x_wconf 83' lang='lat' dir='ltr'>Pompeii⁷⁰),</span> <span class='ocrx_word' id='word_1_162' title='bbox 1900 1385 1998 1479; x_wconf 92' lang='lat' dir='ltr'>quod</span> <span class='ocrx_word' id='word_1_163' title='bbox 2012 1384 2119 1453; x_wconf 93' lang='lat' dir='ltr'>Milo-</span> 
     </span>
     <span class='ocr_line' id='line_1_13' title="bbox 105 1481 2120 1578; baseline 0.002 -26"><span class='ocrx_word' id='word_1_164' title='bbox 105 1495 182 1552; x_wconf 85' lang='lat' dir='ltr'>tera</span> <span class='ocrx_word' id='word_1_165' title='bbox 195 1481 469 1573; x_wconf 88' lang='lat' dir='ltr'>impedimenta:</span> <span class='ocrx_word' id='word_1_166' title='bbox 501 1508 586 1576; x_wconf 90' lang='lat' dir='ltr'>ergo</span> <span class='ocrx_word' id='word_1_167' title='bbox 608 1509 682 1555; x_wconf 92' lang='lat' dir='ltr'>non</span> <span class='ocrx_word' id='word_1_168' title='bbox 702 1499 755 1557; x_wconf 89' lang='lat' dir='ltr'>est</span> <span class='ocrx_word' id='word_1_169' title='bbox 774 1485 963 1557; x_wconf 87' lang='lat' dir='ltr'>verisimile</span> <span class='ocrx_word' id='word_1_170' title='bbox 980 1485 1085 1554; x_wconf 88' lang='lat' dir='ltr'>Milo·</span> <span class='ocrx_word' id='word_1_171' title='bbox 1136 1510 1219 1554; x_wconf 90' lang='lat' dir='ltr'>nem</span> <span class='ocrx_word' id='word_1_172' title='bbox 1244 1485 1382 1555; x_wconf 74' lang='lat' dir='ltr'>salsum</span> <span class='ocrx_word' id='word_1_173' title='bbox 1403 1507 1477 1555; x_wconf 90' lang='lat' dir='ltr'>esse</span> <span class='ocrx_word' id='word_1_174' title='bbox 1500 1483 1596 1555; x_wconf 84' lang='lat' dir='ltr'>velit.</span> <span class='ocrx_word' id='word_1_175' title='bbox 1645 1485 1838 1578; x_wconf 89' lang='lat' dir='ltr'>Pompeius</span> <span class='ocrx_word' id='word_1_176' title='bbox 1854 1487 1950 1556; x_wconf 90' lang='lat' dir='ltr'>enim</span> <span class='ocrx_word' id='word_1_177' title='bbox 1964 1482 2120 1556; x_wconf 89' lang='lat' dir='ltr'>habebat</span> 
     </span>
     <span class='ocr_line' id='line_1_14' title="bbox 104 1584 2118 1683; baseline 0.001 -28"><span class='ocrx_word' id='word_1_178' title='bbox 104 1608 189 1655; x_wconf 86' lang='lat' dir='ltr'>nem</span> <span class='ocrx_word' id='word_1_179' title='bbox 203 1584 375 1675; x_wconf 80' lang='lat' dir='ltr'>cogitasse</span> <span class='ocrx_word' id='word_1_180' title='bbox 389 1588 434 1655; x_wconf 88' lang='lat' dir='ltr'>de</span> <span class='ocrx_word' id='word_1_181' title='bbox 446 1585 583 1658; x_wconf 90' lang='lat' dir='ltr'>insidiis</span> <span class='ocrx_word' id='word_1_182' title='bbox 599 1587 781 1660; x_wconf 85' lang='lat' dir='ltr'>faciendis.</span> <span class='ocrx_word' id='word_1_183' title='bbox 828 1587 982 1659; x_wconf 84' lang='lat' dir='ltr'>Additur</span> <span class='ocrx_word' id='word_1_184' title='bbox 1002 1611 1085 1658; x_wconf 91' lang='lat' dir='ltr'>con·</span> <span class='ocrx_word' id='word_1_185' title='bbox 1135 1587 1190 1657; x_wconf 93' lang='lat' dir='ltr'>ius</span> <span class='ocrx_word' id='word_1_186' title='bbox 1213 1585 1447 1657; x_wconf 88' lang='lat' dir='ltr'>interficiendi</span> <span class='ocrx_word' id='word_1_187' title='bbox 1466 1586 1613 1657; x_wconf 91' lang='lat' dir='ltr'>Milonis</span> <span class='ocrx_word' id='word_1_188' title='bbox 1635 1588 1710 1657; x_wconf 91' lang='lat' dir='ltr'>sine</span> <span class='ocrx_word' id='word_1_189' title='bbox 1736 1589 1888 1672; x_wconf 91' lang='lat' dir='ltr'>iudicio,</span> <span class='ocrx_word' id='word_1_190' title='bbox 1920 1588 2003 1683; x_wconf 87' lang='lat' dir='ltr'>quia</span> <span class='ocrx_word' id='word_1_191' title='bbox 2024 1590 2118 1658; x_wconf 88' lang='lat' dir='ltr'>facto</span> 
     </span>
     <span class='ocr_line' id='line_1_15' title="bbox 104 1685 2121 1785; baseline 0 -26"><span class='ocrx_word' id='word_1_192' title='bbox 104 1685 233 1759; x_wconf 82' lang='lat' dir='ltr'>lutatio</span> <span class='ocrx_word' id='word_1_193' title='bbox 247 1689 290 1758; x_wconf 88' lang='lat' dir='ltr'>de</span> <span class='ocrx_word' id='word_1_194' title='bbox 305 1687 432 1770; x_wconf 80' lang='lat' dir='ltr'>servis3</span> <span class='ocrx_word' id='word_1_195' title='bbox 464 1712 552 1760; x_wconf 86' lang='lat' dir='ltr'>nam</span> <span class='ocrx_word' id='word_1_196' title='bbox 572 1691 768 1762; x_wconf 86' lang='lat' dir='ltr'>adversarii</span> <span class='ocrx_word' id='word_1_197' title='bbox 788 1692 1085 1782; x_wconf 88' lang='lat' dir='ltr'>argumentaban-</span> <span class='ocrx_word' id='word_1_198' title='bbox 1134 1690 1456 1773; x_wconf 90' lang='lat' dir='ltr'>senatusconsulto,</span> <span class='ocrx_word' id='word_1_199' title='bbox 1481 1702 1522 1760; x_wconf 91' lang='lat' dir='ltr'>ut</span> <span class='ocrx_word' id='word_1_200' title='bbox 1536 1688 1672 1760; x_wconf 89' lang='lat' dir='ltr'>videret</span> <span class='ocrx_word' id='word_1_201' title='bbox 1688 1715 1732 1759; x_wconf 92' lang='lat' dir='ltr'>ne</span> <span class='ocrx_word' id='word_1_202' title='bbox 1746 1691 1832 1785; x_wconf 91' lang='lat' dir='ltr'>quid</span> <span class='ocrx_word' id='word_1_203' title='bbox 1847 1689 2043 1782; x_wconf 86' lang='lat' dir='ltr'>respublica</span> <span class='ocrx_word' id='word_1_204' title='bbox 2060 1692 2121 1779; x_wconf 79' lang='lat' dir='ltr'>de·¹</span> 
     </span>
     <span class='ocr_line' id='line_1_16' title="bbox 106 1789 2118 1885; baseline 0.001 -24"><span class='ocrx_word' id='word_1_205' title='bbox 106 1804 163 1861; x_wconf 91' lang='lat' dir='ltr'>tur</span> <span class='ocrx_word' id='word_1_206' title='bbox 181 1789 355 1862; x_wconf 88' lang='lat' dir='ltr'>Milonem</span> <span class='ocrx_word' id='word_1_207' title='bbox 377 1792 459 1862; x_wconf 92' lang='lat' dir='ltr'>ideo</span> <span class='ocrx_word' id='word_1_208' title='bbox 485 1816 607 1864; x_wconf 89' lang='lat' dir='ltr'>servos</span> <span class='ocrx_word' id='word_1_209' title='bbox 627 1792 890 1878; x_wconf 88' lang='lat' dir='ltr'>manumisisse,</span> <span class='ocrx_word' id='word_1_210' title='bbox 920 1818 965 1864; x_wconf 89' lang='lat' dir='ltr'>ne</span> <span class='ocrx_word' id='word_1_211' title='bbox 990 1793 1084 1885; x_wconf 92' lang='lat' dir='ltr'>rapti</span> <span class='ocrx_word' id='word_1_212' title='bbox 1135 1793 1294 1861; x_wconf 91' lang='lat' dir='ltr'>trimenti</span> <span class='ocrx_word' id='word_1_213' title='bbox 1311 1793 1504 1884; x_wconf 90' lang='lat' dir='ltr'>acciperet,</span> <span class='ocrx_word' id='word_1_214' title='bbox 1529 1791 1601 1861; x_wconf 90' lang='lat' dir='ltr'>iam</span> <span class='ocrx_word' id='word_1_215' title='bbox 1616 1793 1720 1863; x_wconf 90' lang='lat' dir='ltr'>tacite</span> <span class='ocrx_word' id='word_1_216' title='bbox 1735 1793 1824 1863; x_wconf 91' lang='lat' dir='ltr'>Milo</span> <span class='ocrx_word' id='word_1_217' title='bbox 1838 1794 1907 1863; x_wconf 83' lang='lat' dir='ltr'>fuit</span> <span class='ocrx_word' id='word_1_218' title='bbox 1929 1789 2041 1863; x_wconf 89' lang='lat' dir='ltr'>hostis</span> <span class='ocrx_word' id='word_1_219' title='bbox 2064 1793 2118 1863; x_wconf 92' lang='lat' dir='ltr'>iu-</span> 
     </span>
    </p>
   </div>
   <div class='ocr_carea' id='block_1_3' title="bbox 103 1892 1085 2503">
    <p class='ocr_par' dir='ltr' id='par_1_3' title="bbox 103 1892 1085 2503">
     <span class='ocr_line' id='line_1_17' title="bbox 104 1892 1084 1988; baseline 0 -25"><span class='ocrx_word' id='word_1_220' title='bbox 104 1894 150 1963; x_wconf 93' lang='lat' dir='ltr'>ad</span> <span class='ocrx_word' id='word_1_221' title='bbox 166 1892 344 1965; x_wconf 87' lang='lat' dir='ltr'>cruciatus</span> <span class='ocrx_word' id='word_1_222' title='bbox 358 1894 554 1965; x_wconf 82' lang='lat' dir='ltr'>faterentur</span> <span class='ocrx_word' id='word_1_223' title='bbox 575 1909 610 1966; x_wconf 91' lang='lat' dir='ltr'>et</span> <span class='ocrx_word' id='word_1_224' title='bbox 630 1899 823 1988; x_wconf 91' lang='lat' dir='ltr'>proderent</span> <span class='ocrx_word' id='word_1_225' title='bbox 838 1896 983 1968; x_wconf 92' lang='lat' dir='ltr'>Milonis</span> <span class='ocrx_word' id='word_1_226' title='bbox 1001 1919 1084 1965; x_wconf 92' lang='lat' dir='ltr'>con-</span> 
     </span>
     <span class='ocr_line' id='line_1_18' title="bbox 103 1994 1085 2071; baseline -0.003 -2"><span class='ocrx_word' id='word_1_227' title='bbox 103 1994 194 2069; x_wconf 77' lang='lat' dir='ltr'>silia.</span> <span class='ocrx_word' id='word_1_228' title='bbox 252 1994 376 2067; x_wconf 88' lang='lat' dir='ltr'>Cicero</span> <span class='ocrx_word' id='word_1_229' title='bbox 397 1997 505 2066; x_wconf 89' lang='lat' dir='ltr'>aliam</span> <span class='ocrx_word' id='word_1_230' title='bbox 528 2022 670 2070; x_wconf 85' lang='lat' dir='ltr'>causam</span> <span class='ocrx_word' id='word_1_231' title='bbox 691 1999 979 2071; x_wconf 87' lang='lat' dir='ltr'>manumissionis</span> <span class='ocrx_word' id='word_1_232' title='bbox 1001 1999 1085 2067; x_wconf 90' lang='lat' dir='ltr'>alle-</span> 
     </span>
     <span class='ocr_line' id='line_1_19' title="bbox 104 2096 1084 2196; baseline 0 -27"><span class='ocrx_word' id='word_1_233' title='bbox 104 2110 182 2192; x_wconf 83' lang='lat' dir='ltr'>gat,</span> <span class='ocrx_word' id='word_1_234' title='bbox 206 2096 339 2170; x_wconf 83' lang='lat' dir='ltr'>scilicet</span> <span class='ocrx_word' id='word_1_235' title='bbox 353 2098 500 2171; x_wconf 89' lang='lat' dir='ltr'>meritos</span> <span class='ocrx_word' id='word_1_236' title='bbox 516 2125 590 2171; x_wconf 90' lang='lat' dir='ltr'>esse</span> <span class='ocrx_word' id='word_1_237' title='bbox 610 2101 831 2185; x_wconf 87' lang='lat' dir='ltr'>libertatem,</span> <span class='ocrx_word' id='word_1_238' title='bbox 863 2102 947 2196; x_wconf 87' lang='lat' dir='ltr'>quia</span> <span class='ocrx_word' id='word_1_239' title='bbox 970 2101 1084 2171; x_wconf 91' lang='lat' dir='ltr'>domi-</span> 
     </span>
     <span class='ocr_line' id='line_1_20' title="bbox 104 2201 1084 2275; baseline -0.001 -3"><span class='ocrx_word' id='word_1_240' title='bbox 104 2225 192 2272; x_wconf 89' lang='lat' dir='ltr'>num</span> <span class='ocrx_word' id='word_1_241' title='bbox 205 2201 453 2274; x_wconf 83' lang='lat' dir='ltr'>defendissent.</span> <span class='ocrx_word' id='word_1_242' title='bbox 504 2202 672 2274; x_wconf 81' lang='lat' dir='ltr'>Confuta&#39;t</span> <span class='ocrx_word' id='word_1_243' title='bbox 692 2217 727 2274; x_wconf 92' lang='lat' dir='ltr'>et</span> <span class='ocrx_word' id='word_1_244' title='bbox 747 2203 949 2275; x_wconf 89' lang='lat' dir='ltr'>testimonia</span> <span class='ocrx_word' id='word_1_245' title='bbox 965 2228 1084 2275; x_wconf 88' lang='lat' dir='ltr'>servo·</span> 
     </span>
     <span class='ocr_line' id='line_1_21' title="bbox 104 2301 1084 2399; baseline -0.002 -22"><span class='ocrx_word' id='word_1_246' title='bbox 104 2329 185 2377; x_wconf 89' lang='lat' dir='ltr'>rum</span> <span class='ocrx_word' id='word_1_247' title='bbox 202 2301 339 2389; x_wconf 88' lang='lat' dir='ltr'>Clodii,</span> <span class='ocrx_word' id='word_1_248' title='bbox 363 2305 466 2374; x_wconf 85' lang='lat' dir='ltr'>facile</span> <span class='ocrx_word' id='word_1_249' title='bbox 484 2306 578 2376; x_wconf 90' lang='lat' dir='ltr'>enim</span> <span class='ocrx_word' id='word_1_250' title='bbox 595 2305 743 2398; x_wconf 78' lang='lat' dir='ltr'>intelligi</span> <span class='ocrx_word' id='word_1_251' title='bbox 764 2320 900 2399; x_wconf 92' lang='lat' dir='ltr'>potest,</span> <span class='ocrx_word' id='word_1_252' title='bbox 932 2307 1009 2376; x_wconf 89' lang='lat' dir='ltr'>leve</span> <span class='ocrx_word' id='word_1_253' title='bbox 1033 2318 1084 2375; x_wconf 89' lang='lat' dir='ltr'>te-</span> 
     </span>
     <span class='ocr_line' id='line_1_22' title="bbox 104 2406 1025 2503; baseline 0 -24"><span class='ocrx_word' id='word_1_254' title='bbox 104 2406 311 2479; x_wconf 86' lang='lat' dir='ltr'>stimonium</span> <span class='ocrx_word' id='word_1_255' title='bbox 328 2406 456 2500; x_wconf 60' lang='lat' dir='ltr'>essem)</span> <span class='ocrx_word' id='word_1_256' title='bbox 472 2433 656 2478; x_wconf 84' lang='lat' dir='ltr'>servorum</span> <span class='ocrx_word' id='word_1_257' title='bbox 674 2409 790 2480; x_wconf 88' lang='lat' dir='ltr'>Clodii</span> <span class='ocrx_word' id='word_1_258' title='bbox 803 2435 870 2503; x_wconf 94' lang='lat' dir='ltr'>pro</span> <span class='ocrx_word' id='word_1_259' title='bbox 887 2408 1025 2480; x_wconf 87' lang='lat' dir='ltr'>Clodio.</span> 
     </span>
    </p>
   </div>
   <div class='ocr_carea' id='block_1_4' title="bbox 1133 1893 2120 2294">
    <p class='ocr_par' dir='ltr' id='par_1_4' title="bbox 1133 1893 2120 2294">
     <span class='ocr_line' id='line_1_23' title="bbox 1135 1893 2120 1989; baseline -0.003 -24"><span class='ocrx_word' id='word_1_260' title='bbox 1135 1893 1336 1989; x_wconf 78' lang='lat' dir='ltr'>dicatus⁷¹),</span> <span class='ocrx_word' id='word_1_261' title='bbox 1362 1908 1397 1964; x_wconf 88' lang='lat' dir='ltr'>et</span> <span class='ocrx_word' id='word_1_262' title='bbox 1411 1894 1585 1986; x_wconf 90' lang='lat' dir='ltr'>Pompeio</span> <span class='ocrx_word' id='word_1_263' title='bbox 1601 1896 1724 1965; x_wconf 90' lang='lat' dir='ltr'>datum</span> <span class='ocrx_word' id='word_1_264' title='bbox 1739 1897 1793 1966; x_wconf 90' lang='lat' dir='ltr'>ius</span> <span class='ocrx_word' id='word_1_265' title='bbox 1808 1895 2041 1965; x_wconf 87' lang='lat' dir='ltr'>interficiendi</span> <span class='ocrx_word' id='word_1_266' title='bbox 2050 1893 2120 1962; x_wconf 90' lang='lat' dir='ltr'>Mi-</span> 
     </span>
     <span class='ocr_line' id='line_1_24' title="bbox 1133 1995 2118 2087; baseline -0.002 -20"><span class='ocrx_word' id='word_1_267' title='bbox 1133 1999 1265 2070; x_wconf 86' lang='lat' dir='ltr'>Ionem.</span> <span class='ocrx_word' id='word_1_268' title='bbox 1315 1995 1449 2066; x_wconf 88' lang='lat' dir='ltr'>Debuit</span> <span class='ocrx_word' id='word_1_269' title='bbox 1471 1996 1579 2087; x_wconf 89' lang='lat' dir='ltr'>igitur</span> <span class='ocrx_word' id='word_1_270' title='bbox 1600 1996 1675 2068; x_wconf 89' lang='lat' dir='ltr'>sine</span> <span class='ocrx_word' id='word_1_271' title='bbox 1696 1998 1826 2069; x_wconf 91' lang='lat' dir='ltr'>iudicio</span> <span class='ocrx_word' id='word_1_272' title='bbox 1847 1999 2063 2082; x_wconf 86' lang='lat' dir='ltr'>interficere,</span> <span class='ocrx_word' id='word_1_273' title='bbox 2088 1996 2118 2068; x_wconf 91' lang='lat' dir='ltr'>si</span> 
     </span>
     <span class='ocr_line' id='line_1_25' title="bbox 1135 2100 2119 2192; baseline -0.002 -22"><span class='ocrx_word' id='word_1_274' title='bbox 1135 2100 1307 2171; x_wconf 90' lang='lat' dir='ltr'>Milonem</span> <span class='ocrx_word' id='word_1_275' title='bbox 1327 2123 1443 2192; x_wconf 90' lang='lat' dir='ltr'>poena</span> <span class='ocrx_word' id='word_1_276' title='bbox 1466 2100 1612 2191; x_wconf 88' lang='lat' dir='ltr'>dignum</span> <span class='ocrx_word' id='word_1_277' title='bbox 1635 2124 1708 2172; x_wconf 91' lang='lat' dir='ltr'>esse</span> <span class='ocrx_word' id='word_1_278' title='bbox 1731 2102 1925 2182; x_wconf 90' lang='lat' dir='ltr'>statuebat;</span> <span class='ocrx_word' id='word_1_279' title='bbox 1962 2101 2119 2170; x_wconf 88' lang='lat' dir='ltr'>sednon</span> 
     </span>
     <span class='ocr_line' id='line_1_26' title="bbox 1135 2202 2119 2294; baseline -0.002 -20"><span class='ocrx_word' id='word_1_280' title='bbox 1135 2204 1325 2274; x_wconf 80' lang='lat' dir='ltr'>interiecit:</span> <span class='ocrx_word' id='word_1_281' title='bbox 1352 2202 1461 2294; x_wconf 89' lang='lat' dir='ltr'>igitur</span> <span class='ocrx_word' id='word_1_282' title='bbox 1476 2202 1649 2292; x_wconf 89' lang='lat' dir='ltr'>significat</span> <span class='ocrx_word' id='word_1_283' title='bbox 1671 2228 1752 2275; x_wconf 89' lang='lat' dir='ltr'>eum</span> <span class='ocrx_word' id='word_1_284' title='bbox 1775 2228 1851 2273; x_wconf 93' lang='lat' dir='ltr'>non</span> <span class='ocrx_word' id='word_1_285' title='bbox 1874 2226 1947 2274; x_wconf 88' lang='lat' dir='ltr'>esse</span> <span class='ocrx_word' id='word_1_286' title='bbox 1970 2203 2119 2294; x_wconf 92' lang='lat' dir='ltr'>dignum</span> 
     </span>
    </p>
   </div>
   <div class='ocr_carea' id='block_1_5' title="bbox 1123 2304 2120 2401">
    <p class='ocr_par' dir='ltr' id='par_1_5' title="bbox 1123 2304 2120 2401">
     <span class='ocr_line' id='line_1_27' title="bbox 1123 2304 2120 2401; baseline -0.004 -24"><span class='ocrx_word' id='word_1_287' title='bbox 1123 2331 1263 2399; x_wconf 85' lang='lat' dir='ltr'>poena.</span> <span class='ocrx_word' id='word_1_288' title='bbox 1312 2305 1379 2374; x_wconf 90' lang='lat' dir='ltr'>Hic</span> <span class='ocrx_word' id='word_1_289' title='bbox 1392 2305 1490 2375; x_wconf 88' lang='lat' dir='ltr'>locus</span> <span class='ocrx_word' id='word_1_290' title='bbox 1505 2305 1740 2377; x_wconf 88' lang='lat' dir='ltr'>subobscurus</span> <span class='ocrx_word' id='word_1_291' title='bbox 1754 2320 1824 2390; x_wconf 90' lang='lat' dir='ltr'>est,</span> <span class='ocrx_word' id='word_1_292' title='bbox 1849 2307 1878 2377; x_wconf 91' lang='lat' dir='ltr'>si</span> <span class='ocrx_word' id='word_1_293' title='bbox 1893 2304 1972 2401; x_wconf 88' lang='lat' dir='ltr'>quis</span> <span class='ocrx_word' id='word_1_294' title='bbox 1985 2305 2120 2374; x_wconf 82' lang='lat' dir='ltr'>Roma-</span> 
     </span>
    </p>
   </div>
   <div class='ocr_carea' id='block_1_6' title="bbox 1134 2401 2119 2504">
    <p class='ocr_par' dir='ltr' id='par_1_6' title="bbox 1134 2401 2119 2504">
     <span class='ocr_line' id='line_1_28' title="bbox 1134 2401 2119 2504; baseline -0.002 -26"><span class='ocrx_word' id='word_1_295' title='bbox 1134 2434 1226 2504; x_wconf 87' lang='lat' dir='ltr'>num</span> <span class='ocrx_word' id='word_1_296' title='bbox 1252 2432 1391 2477; x_wconf 89' lang='lat' dir='ltr'>morem</span> <span class='ocrx_word' id='word_1_297' title='bbox 1419 2401 1463 2477; x_wconf 51' lang='lat' dir='ltr'>et’</span> <span class='ocrx_word' id='word_1_298' title='bbox 1484 2404 1557 2475; x_wconf 87' lang='lat' dir='ltr'>vim</span> <span class='ocrx_word' id='word_1_299' title='bbox 1588 2408 1882 2479; x_wconf 87' lang='lat' dir='ltr'>senatusconsulti</span> <span class='ocrx_word' id='word_1_300' title='bbox 1904 2432 1980 2477; x_wconf 90' lang='lat' dir='ltr'>non</span> <span class='ocrx_word' id='word_1_301' title='bbox 2003 2406 2119 2491; x_wconf 86' lang='lat' dir='ltr'>novit,</span> 
     </span>
    </p>
   </div>
   <div class='ocr_carea' id='block_1_7' title="bbox 103 2506 2118 4560">
    <p class='ocr_par' dir='ltr' id='par_1_7' title="bbox 103 2506 2118 2915">
     <span class='ocr_line' id='line_1_29' title="bbox 206 2506 2117 2608; baseline -0.001 -29"><span class='ocrx_word' id='word_1_302' title='bbox 206 2508 293 2600; x_wconf 88' lang='lat' dir='ltr'>Cap.</span> <span class='ocrx_word' id='word_1_303' title='bbox 308 2507 429 2580; x_wconf 86' lang='lat' dir='ltr'>xvtll.</span> <span class='ocrx_word' id='word_1_304' title='bbox 456 2506 564 2600; x_wconf 88' lang='grc'>548.</span> <span class='ocrx_word' id='word_1_305' title='bbox 595 2516 696 2584; x_wconf 76' lang='lat' dir='ltr'>Video</span> <span class='ocrx_word' id='word_1_306' title='bbox 708 2518 798 2585; x_wconf 83' lang='lat' dir='ltr'>enim</span> <span class='ocrx_word' id='word_1_307' title='bbox 817 2514 930 2597; x_wconf 80' lang='lat' dir='ltr'>illum,</span> <span class='ocrx_word' id='word_1_308' title='bbox 957 2518 1014 2608; x_wconf 80' lang='lat' dir='ltr'>qui</span> <span class='ocrx_word' id='word_1_309' title='bbox 1028 2514 1084 2582; x_wconf 74' lang='lat' dir='ltr'>‹ti-</span> <span class='ocrx_word' id='word_1_310' title='bbox 1135 2536 1206 2607; x_wconf 91' lang='lat' dir='ltr'>quo</span> <span class='ocrx_word' id='word_1_311' title='bbox 1223 2511 1448 2602; x_wconf 84' lang='lat' dir='ltr'>magistratus</span> <span class='ocrx_word' id='word_1_312' title='bbox 1462 2508 1500 2577; x_wconf 91' lang='lat' dir='ltr'>in</span> <span class='ocrx_word' id='word_1_313' title='bbox 1509 2507 1556 2605; x_wconf 75' lang='lat'>⁷²)</span> <span class='ocrx_word' id='word_1_314' title='bbox 1573 2509 1720 2582; x_wconf 90' lang='lat' dir='ltr'>summis</span> <span class='ocrx_word' id='word_1_315' title='bbox 1733 2509 1899 2603; x_wconf 90' lang='lat' dir='ltr'>periculis</span> <span class='ocrx_word' id='word_1_316' title='bbox 1913 2510 2048 2579; x_wconf 86' lang='lat' dir='ltr'>armari</span> <span class='ocrx_word' id='word_1_317' title='bbox 2059 2533 2117 2579; x_wconf 89' lang='lat' dir='ltr'>so·</span> 
     </span>
     <span class='ocr_line' id='line_1_30' title="bbox 103 2605 2118 2708; baseline -0.002 -24"><span class='ocrx_word' id='word_1_318' title='bbox 103 2612 209 2703; x_wconf 78' lang='lat' dir='ltr'>citur]</span> <span class='ocrx_word' id='word_1_319' title='bbox 234 2606 408 2683; x_wconf 91' lang='lat' dir='ltr'>luversio:</span> <span class='ocrx_word' id='word_1_320' title='bbox 434 2609 511 2681; x_wconf 93' lang='lat' dir='ltr'>lmo</span> <span class='ocrx_word' id='word_1_321' title='bbox 532 2637 606 2683; x_wconf 91' lang='lat' dir='ltr'>non</span> <span class='ocrx_word' id='word_1_322' title='bbox 624 2615 667 2683; x_wconf 90' lang='lat' dir='ltr'>de</span> <span class='ocrx_word' id='word_1_323' title='bbox 681 2615 776 2708; x_wconf 90' lang='lat' dir='ltr'>Cyro</span> <span class='ocrx_word' id='word_1_324' title='bbox 799 2615 999 2698; x_wconf 87' lang='lat' dir='ltr'>nuntiavit,</span> <span class='ocrx_word' id='word_1_325' title='bbox 1023 2615 1084 2685; x_wconf 90' lang='lat' dir='ltr'>sed</span> <span class='ocrx_word' id='word_1_326' title='bbox 1133 2616 1266 2684; x_wconf 88' lang='lat' dir='ltr'>lebant.</span> <span class='ocrx_word' id='word_1_327' title='bbox 1315 2613 1424 2682; x_wconf 89' lang='lat' dir='ltr'>Facto</span> <span class='ocrx_word' id='word_1_328' title='bbox 1445 2605 1627 2681; x_wconf 82' lang='lat' dir='ltr'>enimshoc</span> <span class='ocrx_word' id='word_1_329' title='bbox 1643 2613 1967 2696; x_wconf 85' lang='lat' dir='ltr'>senatusconsulto,</span> <span class='ocrx_word' id='word_1_330' title='bbox 2002 2624 2042 2682; x_wconf 92' lang='lat' dir='ltr'>ut</span> <span class='ocrx_word' id='word_1_331' title='bbox 2064 2609 2118 2679; x_wconf 88' lang='lat' dir='ltr'>vi-</span> 
     </span>
     <span class='ocr_line' id='line_1_31' title="bbox 104 2712 2118 2810; baseline -0.001 -26"><span class='ocrx_word' id='word_1_332' title='bbox 104 2717 143 2785; x_wconf 91' lang='lat' dir='ltr'>de</span> <span class='ocrx_word' id='word_1_333' title='bbox 159 2713 308 2786; x_wconf 89' lang='lat' dir='ltr'>Milonis</span> <span class='ocrx_word' id='word_1_334' title='bbox 331 2717 505 2800; x_wconf 91' lang='lat' dir='ltr'>adventu,</span> <span class='ocrx_word' id='word_1_335' title='bbox 535 2729 577 2786; x_wconf 94' lang='lat' dir='ltr'>ut</span> <span class='ocrx_word' id='word_1_336' title='bbox 597 2717 740 2789; x_wconf 89' lang='lat' dir='ltr'>Clodius</span> <span class='ocrx_word' id='word_1_337' title='bbox 761 2713 910 2788; x_wconf 88' lang='lat' dir='ltr'>haberet</span> <span class='ocrx_word' id='word_1_338' title='bbox 928 2716 1082 2809; x_wconf 91' lang='lat' dir='ltr'>spatium</span> <span class='ocrx_word' id='word_1_339' title='bbox 1135 2720 1261 2788; x_wconf 89' lang='lat' dir='ltr'>derent</span> <span class='ocrx_word' id='word_1_340' title='bbox 1284 2715 1464 2798; x_wconf 89' lang='lat' dir='ltr'>consules,</span> <span class='ocrx_word' id='word_1_341' title='bbox 1502 2738 1548 2784; x_wconf 92' lang='lat' dir='ltr'>ne</span> <span class='ocrx_word' id='word_1_342' title='bbox 1578 2714 1666 2810; x_wconf 88' lang='lat' dir='ltr'>quid</span> <span class='ocrx_word' id='word_1_343' title='bbox 1690 2714 1889 2807; x_wconf 86' lang='lat' dir='ltr'>respublica</span> <span class='ocrx_word' id='word_1_344' title='bbox 1912 2712 2118 2785; x_wconf 89' lang='lat' dir='ltr'>detrimenti</span> 
     </span>
     <span class='ocr_line' id='line_1_32' title="bbox 104 2814 2118 2915; baseline -0.001 -27"><span class='ocrx_word' id='word_1_345' title='bbox 104 2817 302 2908; x_wconf 90' lang='lat' dir='ltr'>occupandi</span> <span class='ocrx_word' id='word_1_346' title='bbox 320 2817 391 2887; x_wconf 89' lang='lat' dir='ltr'>loci</span> <span class='ocrx_word' id='word_1_347' title='bbox 405 2816 628 2891; x_wconf 86' lang='lat' dir='ltr'>insidiarum.</span> <span class='ocrx_word' id='word_1_348' title='bbox 1135 2831 1294 2915; x_wconf 89' lang='lat' dir='ltr'>caperet,</span> <span class='ocrx_word' id='word_1_349' title='bbox 1318 2819 1470 2888; x_wconf 87' lang='lat' dir='ltr'>dabatur</span> <span class='ocrx_word' id='word_1_350' title='bbox 1484 2829 1640 2909; x_wconf 88' lang='lat' dir='ltr'>potestas</span> <span class='ocrx_word' id='word_1_351' title='bbox 1655 2817 1856 2890; x_wconf 91' lang='lat' dir='ltr'>consulibus</span> <span class='ocrx_word' id='word_1_352' title='bbox 1873 2814 2118 2888; x_wconf 88' lang='lat' dir='ltr'>conscribendi</span> 
     </span>
    </p>

    <p class='ocr_par' dir='ltr' id='par_1_8' title="bbox 103 2916 2118 3115">
     <span class='ocr_line' id='line_1_33' title="bbox 203 2916 2118 3016; baseline -0.001 -27"><span class='ocrx_word' id='word_1_353' title='bbox 203 2918 290 3011; x_wconf 87' lang='lat' dir='ltr'>Cap.</span> <span class='ocrx_word' id='word_1_354' title='bbox 311 2918 401 2991; x_wconf 85' lang='lat' dir='ltr'>XIX.</span> <span class='ocrx_word' id='word_1_355' title='bbox 436 2916 467 3011; x_wconf 91' lang='grc'>5.</span> <span class='ocrx_word' id='word_1_356' title='bbox 489 2919 549 2992; x_wconf 88' lang='grc'>49.</span> <span class='ocrx_word' id='word_1_357' title='bbox 588 2926 699 3016; x_wconf 82' lang='lat' dir='ltr'>Atque</span> <span class='ocrx_word' id='word_1_358' title='bbox 730 2932 768 2994; x_wconf 78' lang='lat' dir='ltr'>os</span> <span class='ocrx_word' id='word_1_359' title='bbox 799 2924 853 2994; x_wconf 81' lang='lat' dir='ltr'>s&#39;lls&#39;</span> <span class='ocrx_word' id='word_1_360' title='bbox 885 2921 1083 3013; x_wconf 80' lang='lat' dir='ltr'>nocturnus]</span> <span class='ocrx_word' id='word_1_361' title='bbox 1135 2923 1324 3006; x_wconf 84' lang='lat' dir='ltr'>exercitus,</span> <span class='ocrx_word' id='word_1_362' title='bbox 1353 2941 1483 3015; x_wconf 89' lang='lat' dir='ltr'>eosque</span> <span class='ocrx_word' id='word_1_363' title='bbox 1504 2918 1758 3005; x_wconf 85' lang='lat' dir='ltr'>interficiendi,</span> <span class='ocrx_word' id='word_1_364' title='bbox 1791 2932 1914 2989; x_wconf 90' lang='lat' dir='ltr'>contra</span> <span class='ocrx_word' id='word_1_365' title='bbox 1936 2944 2025 3014; x_wconf 92' lang='lat' dir='ltr'>quos</span> <span class='ocrx_word' id='word_1_366' title='bbox 2046 2917 2118 2988; x_wconf 88' lang='lat' dir='ltr'>tale</span> 
     </span>
     <span class='ocr_line' id='line_1_34' title="bbox 103 3020 2117 3115; baseline -0.002 -22"><span class='ocrx_word' id='word_1_367' title='bbox 103 3023 247 3094; x_wconf 80' lang='lat' dir='ltr'>Sextum</span> <span class='ocrx_word' id='word_1_368' title='bbox 265 3035 512 3113; x_wconf 86' lang='lat' dir='ltr'>argumentum</span> <span class='ocrx_word' id='word_1_369' title='bbox 528 3036 563 3093; x_wconf 91' lang='lat' dir='ltr'>et</span> <span class='ocrx_word' id='word_1_370' title='bbox 579 3024 737 3115; x_wconf 91' lang='lat' dir='ltr'>primum</span> <span class='ocrx_word' id='word_1_371' title='bbox 753 3027 797 3094; x_wconf 91' lang='lat' dir='ltr'>de</span> <span class='ocrx_word' id='word_1_372' title='bbox 811 3025 904 3096; x_wconf 86' lang='lat' dir='ltr'>loco.</span> <span class='ocrx_word' id='word_1_373' title='bbox 1133 3022 1476 3099; x_wconf 88' lang='lat' dir='ltr'>senatusconsultum</span> <span class='ocrx_word' id='word_1_374' title='bbox 1491 3023 1616 3107; x_wconf 86' lang='lat' dir='ltr'>fiebat,</span> <span class='ocrx_word' id='word_1_375' title='bbox 1650 3023 1741 3093; x_wconf 92' lang='lat' dir='ltr'>sicut</span> <span class='ocrx_word' id='word_1_376' title='bbox 1755 3022 1885 3094; x_wconf 88' lang='lat' dir='ltr'>Caesar</span> <span class='ocrx_word' id='word_1_377' title='bbox 1905 3035 2054 3092; x_wconf 90' lang='lat' dir='ltr'>testatur</span> <span class='ocrx_word' id='word_1_378' title='bbox 2076 3020 2117 3089; x_wconf 92' lang='lat' dir='ltr'>in</span> 
     </span>
    </p>

    <p class='ocr_par' dir='ltr' id='par_1_9' title="bbox 103 3121 2117 3328">
     <span class='ocr_line' id='line_1_35' title="bbox 183 3121 2117 3223; baseline -0.001 -27"><span class='ocrx_word' id='word_1_379' title='bbox 183 3121 239 3216; x_wconf 88' lang='grc' dir='ltr'>Ι5.</span> <span class='ocrx_word' id='word_1_380' title='bbox 253 3121 316 3196; x_wconf 81' lang='grc'>61.</span> <span class='ocrx_word' id='word_1_381' title='bbox 342 3131 451 3220; x_wconf 81' lang='lat' dir='ltr'>Atque</span> <span class='ocrx_word' id='word_1_382' title='bbox 472 3128 530 3197; x_wconf 81' lang='lat' dir='ltr'>illo</span> <span class='ocrx_word' id='word_1_383' title='bbox 550 3128 861 3220; x_wconf 68' lang='lat' dir='ltr'>straneas-tota]</span> <span class='ocrx_word' id='word_1_384' title='bbox 885 3125 1083 3219; x_wconf 88' lang='lat' dir='ltr'>Septimum</span> <span class='ocrx_word' id='word_1_385' title='bbox 1133 3128 1310 3223; x_wconf 92' lang='lat' dir='ltr'>principio</span> <span class='ocrx_word' id='word_1_386' title='bbox 1333 3125 1419 3197; x_wconf 90' lang='lat' dir='ltr'>belli</span> <span class='ocrx_word' id='word_1_387' title='bbox 1437 3123 1549 3196; x_wconf 86' lang='lat' dir='ltr'>civilis</span> <span class='ocrx_word' id='word_1_388' title='bbox 1563 3123 1631 3223; x_wconf 83' lang='lat'>⁷⁸),</span> <span class='ocrx_word' id='word_1_389' title='bbox 1672 3150 1752 3197; x_wconf 90' lang='lat' dir='ltr'>cum</span> <span class='ocrx_word' id='word_1_390' title='bbox 1774 3125 1908 3220; x_wconf 92' lang='lat' dir='ltr'>inquit:</span> <span class='ocrx_word' id='word_1_391' title='bbox 1951 3123 2117 3217; x_wconf 83' lang='lat' dir='ltr'>Quoties·</span> 
     </span>
     <span class='ocr_line' id='line_1_36' title="bbox 103 3226 2117 3328; baseline -0.002 -30"><span class='ocrx_word' id='word_1_392' title='bbox 103 3241 372 3321; x_wconf 83' lang='lat' dir='ltr'>argumentum,</span> <span class='ocrx_word' id='word_1_393' title='bbox 396 3230 589 3298; x_wconf 90' lang='lat' dir='ltr'>secundum</span> <span class='ocrx_word' id='word_1_394' title='bbox 606 3231 649 3298; x_wconf 91' lang='lat' dir='ltr'>de</span> <span class='ocrx_word' id='word_1_395' title='bbox 666 3230 759 3302; x_wconf 92' lang='lat' dir='ltr'>loco.</span> <span class='ocrx_word' id='word_1_396' title='bbox 1135 3255 1273 3328; x_wconf 89' lang='lat' dir='ltr'>cunque</span> <span class='ocrx_word' id='word_1_397' title='bbox 1291 3230 1470 3300; x_wconf 86' lang='lat' dir='ltr'>decretum</span> <span class='ocrx_word' id='word_1_398' title='bbox 1485 3226 1550 3311; x_wconf 88' lang='lat' dir='ltr'>sit,</span> <span class='ocrx_word' id='word_1_399' title='bbox 1575 3226 1703 3298; x_wconf 89' lang='lat' dir='ltr'>darent</span> <span class='ocrx_word' id='word_1_400' title='bbox 1717 3228 1943 3321; x_wconf 88' lang='lat' dir='ltr'>magistratus</span> <span class='ocrx_word' id='word_1_401' title='bbox 1957 3250 2117 3319; x_wconf 90' lang='lat' dir='ltr'>operam,</span> 
     </span>
    </p>

    <p class='ocr_par' dir='ltr' id='par_1_10' title="bbox 103 3326 2116 3532">
     <span class='ocr_line' id='line_1_37' title="bbox 204 3326 2116 3429; baseline 0 -30"><span class='ocrx_word' id='word_1_402' title='bbox 204 3329 292 3422; x_wconf 88' lang='lat' dir='ltr'>Cap.</span> <span class='ocrx_word' id='word_1_403' title='bbox 309 3330 383 3401; x_wconf 89' lang='lat' dir='ltr'>XX.</span> <span class='ocrx_word' id='word_1_404' title='bbox 417 3326 448 3420; x_wconf 88' lang='grc'>5</span> <span class='ocrx_word' id='word_1_405' title='bbox 468 3328 531 3403; x_wconf 78' lang='lat'>53.</span> <span class='ocrx_word' id='word_1_406' title='bbox 571 3335 749 3404; x_wconf 62' lang='lat' dir='ltr'>muamus</span> <span class='ocrx_word' id='word_1_407' title='bbox 768 3332 874 3424; x_wconf 76' lang='lat' dir='ltr'>nane]</span> <span class='ocrx_word' id='word_1_408' title='bbox 907 3330 1082 3401; x_wconf 88' lang='lat' dir='ltr'>Octavum</span> <span class='ocrx_word' id='word_1_409' title='bbox 1132 3360 1178 3404; x_wconf 91' lang='lat' dir='ltr'>ne</span> <span class='ocrx_word' id='word_1_410' title='bbox 1196 3334 1283 3429; x_wconf 91' lang='lat' dir='ltr'>quid</span> <span class='ocrx_word' id='word_1_411' title='bbox 1294 3331 1490 3424; x_wconf 88' lang='lat' dir='ltr'>respublica</span> <span class='ocrx_word' id='word_1_412' title='bbox 1516 3329 1722 3399; x_wconf 85' lang='lat' dir='ltr'>detrimenti</span> <span class='ocrx_word' id='word_1_413' title='bbox 1743 3343 1900 3424; x_wconf 90' lang='lat' dir='ltr'>caperet:</span> <span class='ocrx_word' id='word_1_414' title='bbox 1933 3354 2005 3424; x_wconf 12' lang='lat' dir='ltr'>,qua</span> <span class='ocrx_word' id='word_1_415' title='bbox 2029 3353 2116 3399; x_wconf 89' lang='lat' dir='ltr'>voce</span> 
     </span>
     <span class='ocr_line' id='line_1_38' title="bbox 103 3432 2114 3532; baseline -0.001 -30"><span class='ocrx_word' id='word_1_416' title='bbox 103 3445 351 3526; x_wconf 83' lang='lat' dir='ltr'>argumentum</span> <span class='ocrx_word' id='word_1_417' title='bbox 366 3445 402 3502; x_wconf 92' lang='lat' dir='ltr'>et</span> <span class='ocrx_word' id='word_1_418' title='bbox 416 3435 561 3504; x_wconf 91' lang='lat' dir='ltr'>tertium</span> <span class='ocrx_word' id='word_1_419' title='bbox 577 3433 727 3506; x_wconf 92' lang='lat' dir='ltr'>deloco.</span> <span class='ocrx_word' id='word_1_420' title='bbox 1134 3450 1169 3508; x_wconf 89' lang='lat' dir='ltr'>et</span> <span class='ocrx_word' id='word_1_421' title='bbox 1185 3461 1257 3532; x_wconf 91' lang='lat' dir='ltr'>quo</span> <span class='ocrx_word' id='word_1_422' title='bbox 1271 3433 1575 3506; x_wconf 90' lang='lat' dir='ltr'>senatusconsulto</span> <span class='ocrx_word' id='word_1_423' title='bbox 1591 3432 1744 3526; x_wconf 86' lang='lat' dir='ltr'>populus</span> <span class='ocrx_word' id='word_1_424' title='bbox 1752 3432 1938 3502; x_wconf 83' lang='lat' dir='ltr'>Romanus</span> <span class='ocrx_word' id='word_1_425' title='bbox 1952 3433 1997 3500; x_wconf 87' lang='lat' dir='ltr'>ad</span> <span class='ocrx_word' id='word_1_426' title='bbox 2012 3454 2114 3501; x_wconf 89' lang='lat' dir='ltr'>arma</span> 
     </span>
    </p>

    <p class='ocr_par' dir='ltr' id='par_1_11' title="bbox 103 3527 2117 4560">
     <span class='ocr_line' id='line_1_39' title="bbox 205 3527 2116 3630; baseline -0.003 -25"><span class='ocrx_word' id='word_1_427' title='bbox 205 3534 292 3627; x_wconf 91' lang='lat' dir='ltr'>Cap.</span> <span class='ocrx_word' id='word_1_428' title='bbox 306 3531 427 3605; x_wconf 88' lang='lat' dir='ltr'>XXlll.</span> <span class='ocrx_word' id='word_1_429' title='bbox 452 3531 483 3625; x_wconf 62' lang='grc' dir='ltr'>ξ.</span> <span class='ocrx_word' id='word_1_430' title='bbox 499 3536 559 3607; x_wconf 86' lang='grc'>61.</span> <span class='ocrx_word' id='word_1_431' title='bbox 585 3540 679 3623; x_wconf 78' lang='lat' dir='ltr'>Quod</span> <span class='ocrx_word' id='word_1_432' title='bbox 697 3539 731 3608; x_wconf 82' lang='lat' dir='ltr'>si</span> <span class='ocrx_word' id='word_1_433' title='bbox 749 3538 897 3607; x_wconf 81' lang='lat' dir='ltr'>nondum</span> <span class='ocrx_word' id='word_1_434' title='bbox 916 3529 1081 3630; x_wconf 54' lang='lat' dir='ltr'>rotatu]</span> <span class='ocrx_word' id='word_1_435' title='bbox 1133 3551 1279 3609; x_wconf 88' lang='lat' dir='ltr'>vocatus</span> <span class='ocrx_word' id='word_1_436' title='bbox 1297 3537 1362 3620; x_wconf 87' lang='lat' dir='ltr'>sit,</span> <span class='ocrx_word' id='word_1_437' title='bbox 1385 3537 1518 3605; x_wconf 81' lang='lat' dir='ltr'>factum</span> <span class='ocrx_word' id='word_1_438' title='bbox 1542 3534 1579 3603; x_wconf 90' lang='lat' dir='ltr'>in</span> <span class='ocrx_word' id='word_1_439' title='bbox 1602 3533 1809 3627; x_wconf 89' lang='lat' dir='ltr'>perniciosis</span> <span class='ocrx_word' id='word_1_440' title='bbox 1831 3533 1986 3625; x_wconf 88' lang='lat' dir='ltr'>legibus,</span> <span class='ocrx_word' id='word_1_441' title='bbox 2018 3533 2057 3603; x_wconf 92' lang='lat' dir='ltr'>in</span> <span class='ocrx_word' id='word_1_442' title='bbox 2076 3527 2116 3600; x_wconf 76' lang='lat' dir='ltr'>‘vi</span> 
     </span>
     <span class='ocr_line' id='line_1_40' title="bbox 103 3632 2117 3734; baseline 0 -28"><span class='ocrx_word' id='word_1_443' title='bbox 103 3637 246 3711; x_wconf 86' lang='lat' dir='ltr'>Nonum</span> <span class='ocrx_word' id='word_1_444' title='bbox 260 3637 308 3732; x_wconf 79' lang='lat'>⁰⁹)</span> <span class='ocrx_word' id='word_1_445' title='bbox 338 3652 586 3729; x_wconf 86' lang='lat' dir='ltr'>argumentum</span> <span class='ocrx_word' id='word_1_446' title='bbox 616 3637 769 3710; x_wconf 87' lang='lat' dir='ltr'>sumitur</span> <span class='ocrx_word' id='word_1_447' title='bbox 789 3662 811 3708; x_wconf 90' lang='lat' dir='ltr'>a</span> <span class='ocrx_word' id='word_1_448' title='bbox 831 3635 940 3727; x_wconf 87' lang='lat' dir='ltr'>signis</span> <span class='ocrx_word' id='word_1_449' title='bbox 962 3659 1083 3706; x_wconf 82' lang='lat' dir='ltr'>conse·</span> <span class='ocrx_word' id='word_1_450' title='bbox 1133 3637 1393 3734; x_wconf 72' lang='lat' dir='ltr'>tribunitia⁷⁴),</span> <span class='ocrx_word' id='word_1_451' title='bbox 1419 3650 1485 3709; x_wconf 88' lang='lat' dir='ltr'>ete.</span> <span class='ocrx_word' id='word_1_452' title='bbox 1535 3634 1652 3733; x_wconf 84' lang='lat' dir='ltr'>Atque</span> <span class='ocrx_word' id='word_1_453' title='bbox 1667 3632 1819 3709; x_wconf 84' lang='lat' dir='ltr'>biclinis</span> <span class='ocrx_word' id='word_1_454' title='bbox 1834 3649 1887 3709; x_wconf 88' lang='lat' dir='ltr'>est</span> <span class='ocrx_word' id='word_1_455' title='bbox 1903 3634 2117 3708; x_wconf 81' lang='lat' dir='ltr'>defensionis</span> 
     </span>
     <span class='ocr_line' id='line_1_41' title="bbox 103 3737 2117 3839; baseline -0.001 -28"><span class='ocrx_word' id='word_1_456' title='bbox 103 3740 311 3836; x_wconf 88' lang='lat' dir='ltr'>quentibus,</span> <span class='ocrx_word' id='word_1_457' title='bbox 341 3741 514 3813; x_wconf 90' lang='lat' dir='ltr'>sciliceta</span> <span class='ocrx_word' id='word_1_458' title='bbox 536 3739 762 3813; x_wconf 87' lang='lat' dir='ltr'>conscientia.</span> <span class='ocrx_word' id='word_1_459' title='bbox 828 3739 927 3810; x_wconf 88' lang='lat' dir='ltr'>Bene</span> <span class='ocrx_word' id='word_1_460' title='bbox 952 3737 1083 3808; x_wconf 86' lang='lat' dir='ltr'>conscii</span> <span class='ocrx_word' id='word_1_461' title='bbox 1133 3741 1350 3839; x_wconf 85' lang='lat' dir='ltr'>principalis.</span> <span class='ocrx_word' id='word_1_462' title='bbox 1400 3738 1568 3834; x_wconf 89' lang='lat' dir='ltr'>Sequitur</span> <span class='ocrx_word' id='word_1_463' title='bbox 1584 3763 1679 3810; x_wconf 86' lang='lat' dir='ltr'>nova</span> <span class='ocrx_word' id='word_1_464' title='bbox 1698 3739 1875 3826; x_wconf 80' lang='lat' dir='ltr'>defensio,</span> <span class='ocrx_word' id='word_1_465' title='bbox 1900 3740 1938 3809; x_wconf 92' lang='lat' dir='ltr'>in</span> <span class='ocrx_word' id='word_1_466' title='bbox 1955 3765 2025 3834; x_wconf 91' lang='lat' dir='ltr'>qua</span> <span class='ocrx_word' id='word_1_467' title='bbox 2041 3752 2117 3810; x_wconf 90' lang='lat' dir='ltr'>tue-</span> 
     </span>
     <span class='ocr_line' id='line_1_42' title="bbox 103 3840 2116 3937; baseline -0.006 -16"><span class='ocrx_word' id='word_1_468' title='bbox 103 3856 183 3915; x_wconf 78' lang='lat' dir='ltr'>ttmt</span> <span class='ocrx_word' id='word_1_469' title='bbox 199 3855 317 3913; x_wconf 74' lang='lat' dir='ltr'>erecto</span> <span class='ocrx_word' id='word_1_470' title='bbox 332 3857 367 3915; x_wconf 82' lang='lat' dir='ltr'>et</span> <span class='ocrx_word' id='word_1_471' title='bbox 379 3844 558 3935; x_wconf 72' lang='lat' dir='ltr'>intrepido</span> <span class='ocrx_word' id='word_1_472' title='bbox 572 3844 712 3915; x_wconf 76' lang='lat' dir='ltr'>animo:</span> <span class='ocrx_word' id='word_1_473' title='bbox 736 3843 827 3915; x_wconf 78' lang='lat' dir='ltr'>Milo</span> <span class='ocrx_word' id='word_1_474' title='bbox 842 3844 931 3913; x_wconf 69' lang='lat' dir='ltr'>adeo</span> <span class='ocrx_word' id='word_1_475' title='bbox 945 3840 1082 3911; x_wconf 71' lang='lat' dir='ltr'>luitin-</span> <span class='ocrx_word' id='word_1_476' title='bbox 1133 3861 1192 3919; x_wconf 92' lang='lat' dir='ltr'>tur</span> <span class='ocrx_word' id='word_1_477' title='bbox 1214 3845 1388 3916; x_wconf 89' lang='lat' dir='ltr'>Milonem</span> <span class='ocrx_word' id='word_1_478' title='bbox 1411 3841 1482 3912; x_wconf 92' lang='lat' dir='ltr'>alio</span> <span class='ocrx_word' id='word_1_479' title='bbox 1507 3843 1662 3937; x_wconf 92' lang='lat' dir='ltr'>quodam</span> <span class='ocrx_word' id='word_1_480' title='bbox 1687 3856 1916 3935; x_wconf 89' lang='lat' dir='ltr'>argumento,</span> <span class='ocrx_word' id='word_1_481' title='bbox 1951 3840 2116 3912; x_wconf 88' lang='lat' dir='ltr'>videlicet</span> 
     </span>
     <span class='ocr_line' id='line_1_43' title="bbox 103 3942 2115 4040; baseline -0.003 -23"><span class='ocrx_word' id='word_1_482' title='bbox 103 3947 239 4039; x_wconf 87' lang='lat' dir='ltr'>trepido</span> <span class='ocrx_word' id='word_1_483' title='bbox 257 3947 399 4031; x_wconf 90' lang='lat' dir='ltr'>animo,</span> <span class='ocrx_word' id='word_1_484' title='bbox 423 3959 464 4016; x_wconf 92' lang='lat' dir='ltr'>ut</span> <span class='ocrx_word' id='word_1_485' title='bbox 477 3946 593 4017; x_wconf 91' lang='lat' dir='ltr'>redire</span> <span class='ocrx_word' id='word_1_486' title='bbox 608 3971 713 4020; x_wconf 90' lang='lat' dir='ltr'>ausus</span> <span class='ocrx_word' id='word_1_487' title='bbox 729 3947 794 4030; x_wconf 88' lang='lat' dir='ltr'>sit,</span> <span class='ocrx_word' id='word_1_488' title='bbox 824 3958 907 4018; x_wconf 90' lang='lat' dir='ltr'>etse</span> <span class='ocrx_word' id='word_1_489' title='bbox 921 3942 1083 4016; x_wconf 91' lang='lat' dir='ltr'>commit·</span> <span class='ocrx_word' id='word_1_490' title='bbox 1132 3951 1238 4022; x_wconf 79' lang='lat' dir='ltr'>fuisse</span> <span class='ocrx_word' id='word_1_491' title='bbox 1260 3973 1278 4018; x_wconf 91' lang='lat' dir='ltr'>e</span> <span class='ocrx_word' id='word_1_492' title='bbox 1302 3944 1482 4040; x_wconf 87' lang='lat' dir='ltr'>republica</span> <span class='ocrx_word' id='word_1_493' title='bbox 1499 3943 1663 4016; x_wconf 86' lang='lat' dir='ltr'>Clodium</span> <span class='ocrx_word' id='word_1_494' title='bbox 1679 3945 1849 4030; x_wconf 85' lang='lat' dir='ltr'>interfici,</span> <span class='ocrx_word' id='word_1_495' title='bbox 1874 3958 2044 4038; x_wconf 89' lang='lat' dir='ltr'>tanquam</span> <span class='ocrx_word' id='word_1_496' title='bbox 2061 3953 2115 4035; x_wconf 87' lang='lat' dir='ltr'>ty·</span> 
     </span>
     <span class='ocr_line' id='line_1_44' title="bbox 103 4045 2115 4141; baseline -0.003 -23"><span class='ocrx_word' id='word_1_497' title='bbox 103 4063 172 4136; x_wconf 79' lang='lat' dir='ltr'>tere</span> <span class='ocrx_word' id='word_1_498' title='bbox 200 4048 301 4119; x_wconf 91' lang='lat' dir='ltr'>iratis</span> <span class='ocrx_word' id='word_1_499' title='bbox 337 4063 372 4120; x_wconf 91' lang='lat' dir='ltr'>et</span> <span class='ocrx_word' id='word_1_500' title='bbox 401 4049 547 4120; x_wconf 88' lang='lat' dir='ltr'>armatis</span> <span class='ocrx_word' id='word_1_501' title='bbox 579 4049 858 4141; x_wconf 87' lang='lat' dir='ltr'>magistratibus:</span> <span class='ocrx_word' id='word_1_502' title='bbox 898 4071 983 4139; x_wconf 88' lang='lat' dir='ltr'>ergo</span> <span class='ocrx_word' id='word_1_503' title='bbox 1015 4046 1084 4118; x_wconf 83' lang='lat' dir='ltr'>sibi</span> <span class='ocrx_word' id='word_1_504' title='bbox 1132 4076 1299 4137; x_wconf 89' lang='lat' dir='ltr'>rannum,</span> <span class='ocrx_word' id='word_1_505' title='bbox 1322 4061 1384 4121; x_wconf 91' lang='lat' dir='ltr'>aut</span> <span class='ocrx_word' id='word_1_506' title='bbox 1397 4047 1509 4118; x_wconf 85' lang='lat' dir='ltr'>civem</span> <span class='ocrx_word' id='word_1_507' title='bbox 1525 4047 1744 4120; x_wconf 88' lang='lat' dir='ltr'>seditiosum.</span> <span class='ocrx_word' id='word_1_508' title='bbox 1788 4048 1907 4141; x_wconf 88' lang='lat' dir='ltr'>Quare</span> <span class='ocrx_word' id='word_1_509' title='bbox 1916 4045 2004 4114; x_wconf 91' lang='lat' dir='ltr'>Milo</span> <span class='ocrx_word' id='word_1_510' title='bbox 2020 4055 2115 4113; x_wconf 91' lang='lat' dir='ltr'>recte</span> 
     </span>
     <span class='ocr_line' id='line_1_45' title="bbox 103 4148 2116 4244; baseline -0.001 -21"><span class='ocrx_word' id='word_1_511' title='bbox 103 4153 187 4223; x_wconf 84' lang='lat' dir='ltr'>bene</span> <span class='ocrx_word' id='word_1_512' title='bbox 207 4151 368 4224; x_wconf 86' lang='lat' dir='ltr'>conscius</span> <span class='ocrx_word' id='word_1_513' title='bbox 389 4150 468 4222; x_wconf 83' lang='lat' dir='ltr'>fuit.</span> <span class='ocrx_word' id='word_1_514' title='bbox 530 4151 703 4222; x_wconf 91' lang='lat' dir='ltr'>Probatio</span> <span class='ocrx_word' id='word_1_515' title='bbox 729 4153 880 4223; x_wconf 90' lang='lat' dir='ltr'>minoris</span> <span class='ocrx_word' id='word_1_516' title='bbox 901 4164 954 4222; x_wconf 88' lang='lat' dir='ltr'>est</span> <span class='ocrx_word' id='word_1_517' title='bbox 974 4150 1081 4242; x_wconf 85' lang='lat' dir='ltr'>longa</span> <span class='ocrx_word' id='word_1_518' title='bbox 1130 4158 1273 4239; x_wconf 79' lang='lat' dir='ltr'>fecerit,</span> <span class='ocrx_word' id='word_1_519' title='bbox 1294 4165 1329 4223; x_wconf 87' lang='lat' dir='ltr'>et</span> <span class='ocrx_word' id='word_1_520' title='bbox 1342 4175 1459 4244; x_wconf 91' lang='lat' dir='ltr'>poena</span> <span class='ocrx_word' id='word_1_521' title='bbox 1473 4149 1678 4220; x_wconf 91' lang='lat' dir='ltr'>liberandus</span> <span class='ocrx_word' id='word_1_522' title='bbox 1692 4148 1748 4220; x_wconf 89' lang='lat' dir='ltr'>sit.</span> <span class='ocrx_word' id='word_1_523' title='bbox 1819 4150 1955 4234; x_wconf 79' lang='lat' dir='ltr'>Quodsi</span> <span class='ocrx_word' id='word_1_524' title='bbox 1970 4150 2116 4218; x_wconf 80' lang='lat' dir='ltr'>nondum</span> 
     </span>
     <span class='ocr_line' id='line_1_46' title="bbox 103 4248 2114 4353; baseline -0.003 -29"><span class='ocrx_word' id='word_1_525' title='bbox 103 4255 157 4324; x_wconf 83' lang='lat' dir='ltr'>illa</span> <span class='ocrx_word' id='word_1_526' title='bbox 185 4254 348 4324; x_wconf 88' lang='lat' dir='ltr'>narratio</span> <span class='ocrx_word' id='word_1_527' title='bbox 378 4255 421 4323; x_wconf 89' lang='lat' dir='ltr'>de</span> <span class='ocrx_word' id='word_1_528' title='bbox 449 4254 566 4324; x_wconf 90' lang='lat' dir='ltr'>reditu</span> <span class='ocrx_word' id='word_1_529' title='bbox 590 4253 757 4338; x_wconf 88' lang='lat' dir='ltr'>Milonis,</span> <span class='ocrx_word' id='word_1_530' title='bbox 794 4256 839 4325; x_wconf 96' lang='lat' dir='ltr'>de</span> <span class='ocrx_word' id='word_1_531' title='bbox 869 4252 1081 4345; x_wconf 89' lang='lat' dir='ltr'>contemptis</span> <span class='ocrx_word' id='word_1_532' title='bbox 1131 4264 1234 4344; x_wconf 57' lang='lat' dir='ltr'>satu,</span> <span class='ocrx_word' id='word_1_533' title='bbox 1267 4248 1352 4353; x_wconf 74' lang='lat' dir='ltr'>ete]</span> <span class='ocrx_word' id='word_1_534' title='bbox 1384 4253 1530 4325; x_wconf 90' lang='lat' dir='ltr'>Nonum</span> <span class='ocrx_word' id='word_1_535' title='bbox 1553 4263 1800 4343; x_wconf 88' lang='lat' dir='ltr'>argumentum</span> <span class='ocrx_word' id='word_1_536' title='bbox 1825 4262 1861 4318; x_wconf 91' lang='lat' dir='ltr'>et</span> <span class='ocrx_word' id='word_1_537' title='bbox 1882 4250 2047 4320; x_wconf 89' lang='lat' dir='ltr'>ultimum</span> <span class='ocrx_word' id='word_1_538' title='bbox 2068 4249 2114 4318; x_wconf 89' lang='lat' dir='ltr'>de</span> 
     </span>
     <span class='ocr_line' id='line_1_47' title="bbox 103 4352 2113 4451; baseline -0.003 -23"><span class='ocrx_word' id='word_1_539' title='bbox 103 4357 356 4450; x_wconf 80' lang='lat' dir='ltr'>suspicionibus</span> <span class='ocrx_word' id='word_1_540' title='bbox 371 4369 406 4427; x_wconf 91' lang='lat' dir='ltr'>et</span> <span class='ocrx_word' id='word_1_541' title='bbox 418 4357 513 4428; x_wconf 82' lang='lat' dir='ltr'>falsis</span> <span class='ocrx_word' id='word_1_542' title='bbox 533 4355 756 4441; x_wconf 87' lang='lat' dir='ltr'>rumoribus,</span> <span class='ocrx_word' id='word_1_543' title='bbox 789 4380 832 4426; x_wconf 84' lang='lat' dir='ltr'>ex</span> <span class='ocrx_word' id='word_1_544' title='bbox 854 4356 981 4451; x_wconf 88' lang='lat' dir='ltr'>quibus</span> <span class='ocrx_word' id='word_1_545' title='bbox 1002 4355 1081 4448; x_wconf 90' lang='lat' dir='ltr'>plu·</span> <span class='ocrx_word' id='word_1_546' title='bbox 1132 4358 1357 4434; x_wconf 85' lang='lat' dir='ltr'>conscientia.</span> <span class='ocrx_word' id='word_1_547' title='bbox 1409 4354 1559 4426; x_wconf 91' lang='lat' dir='ltr'>Orditur</span> <span class='ocrx_word' id='word_1_548' title='bbox 1576 4365 1696 4423; x_wconf 90' lang='lat' dir='ltr'>autem</span> <span class='ocrx_word' id='word_1_549' title='bbox 1712 4377 1733 4423; x_wconf 91' lang='lat' dir='ltr'>a</span> <span class='ocrx_word' id='word_1_550' title='bbox 1747 4352 1887 4422; x_wconf 92' lang='lat' dir='ltr'>minore</span> <span class='ocrx_word' id='word_1_551' title='bbox 1895 4352 1954 4450; x_wconf 74' lang='lat'><strong>⁷⁵).</strong></span> <span class='ocrx_word' id='word_1_552' title='bbox 2028 4353 2113 4425; x_wconf 84' lang='lat' dir='ltr'>Mo·</span> 
     </span>
     <span class='ocr_line' id='line_1_48' title="bbox 103 4452 1623 4560; baseline -0.002 -30"><span class='ocrx_word' id='word_1_553' title='bbox 103 4460 229 4531; x_wconf 89' lang='lat' dir='ltr'>rimum</span> <span class='ocrx_word' id='word_1_554' title='bbox 254 4460 286 4529; x_wconf 91' lang='lat' dir='ltr'>ei</span> <span class='ocrx_word' id='word_1_555' title='bbox 308 4460 376 4531; x_wconf 85' lang='lat' dir='ltr'>suit</span> <span class='ocrx_word' id='word_1_556' title='bbox 395 4458 561 4553; x_wconf 85' lang='lat' dir='ltr'>periculi:</span> <span class='ocrx_word' id='word_1_557' title='bbox 594 4483 636 4531; x_wconf 92' lang='lat' dir='ltr'>ac</span> <span class='ocrx_word' id='word_1_558' title='bbox 658 4483 723 4552; x_wconf 87' lang='lat' dir='ltr'>per</span> <span class='ocrx_word' id='word_1_559' title='bbox 742 4454 836 4531; x_wconf 89' lang='lat' dir='ltr'>hanc</span> <span class='ocrx_word' id='word_1_560' title='bbox 858 4458 1080 4530; x_wconf 88' lang='lat' dir='ltr'>occasionem</span> <span class='ocrx_word' id='word_1_561' title='bbox 1127 4469 1355 4560; x_wconf 70' lang='lat' dir='ltr'>paruisset,</span> <span class='ocrx_word' id='word_1_562' title='bbox 1381 4452 1467 4556; x_wconf 77' lang='lat' dir='ltr'>etc]</span> <span class='ocrx_word' id='word_1_563' title='bbox 1491 4455 1623 4527; x_wconf 87' lang='lat' dir='ltr'>Maior.</span> 
     </span>
    </p>
   </div>
   <div class='ocr_carea' id='block_1_8' title="bbox 128 4724 1078 4991">
    <p class='ocr_par' dir='ltr' id='par_1_12' title="bbox 128 4724 1078 4991">
     <span class='ocr_line' id='line_1_49' title="bbox 128 4724 671 4792; baseline -0.017 -8"><span class='ocrx_word' id='word_1_564' title='bbox 128 4732 179 4792; x_wconf 72' lang='lat' dir='ltr'>ob)</span> <span class='ocrx_word' id='word_1_565' title='bbox 195 4728 339 4789; x_wconf 74' lang='lat' dir='ltr'>mutatus]</span> <span class='ocrx_word' id='word_1_566' title='bbox 356 4725 407 4777; x_wconf 79' lang='lat' dir='ltr'>Ed.</span> <span class='ocrx_word' id='word_1_567' title='bbox 422 4725 499 4778; x_wconf 73' lang='grc'><strong>1668.</strong></span> <span class='ocrx_word' id='word_1_568' title='bbox 517 4724 671 4778; x_wconf 79' lang='lat' dir='ltr'>emutatus.</span> 
     </span>
     <span class='ocr_line' id='line_1_50' title="bbox 128 4825 695 4891; baseline -0.011 -8"><span class='ocrx_word' id='word_1_569' title='bbox 128 4830 178 4891; x_wconf 74' lang='grc'>66)</span> <span class='ocrx_word' id='word_1_570' title='bbox 195 4828 360 4890; x_wconf 79' lang='lat' dir='ltr'>noltuutur]</span> <span class='ocrx_word' id='word_1_571' title='bbox 377 4827 428 4880; x_wconf 81' lang='lat' dir='ltr'>Ed.</span> <span class='ocrx_word' id='word_1_572' title='bbox 445 4827 520 4878; x_wconf 70' lang='grc'><strong>1663.</strong></span> <span class='ocrx_word' id='word_1_573' title='bbox 538 4825 695 4878; x_wconf 77' lang='lat' dir='ltr'>multantur.</span> 
     </span>
     <span class='ocr_line' id='line_1_51' title="bbox 128 4922 1078 4991; baseline -0.002 -10"><span class='ocrx_word' id='word_1_574' title='bbox 128 4931 179 4990; x_wconf 69' lang='grc'>61)</span> <span class='ocrx_word' id='word_1_575' title='bbox 196 4931 275 4990; x_wconf 78' lang='lat' dir='ltr'>esse]</span> <span class='ocrx_word' id='word_1_576' title='bbox 300 4926 343 4978; x_wconf 82' lang='lat' dir='ltr'>sle</span> <span class='ocrx_word' id='word_1_577' title='bbox 364 4927 448 4977; x_wconf 75' lang='lat' dir='ltr'>natet.</span> <span class='ocrx_word' id='word_1_578' title='bbox 464 4924 673 4987; x_wconf 74' lang='lat' dir='ltr'>tara-tata,</span> <span class='ocrx_word' id='word_1_579' title='bbox 699 4922 792 4990; x_wconf 65' lang='lat' dir='ltr'>lm,</span> <span class='ocrx_word' id='word_1_580' title='bbox 817 4924 910 4991; x_wconf 58' lang='lat' dir='ltr'>lm,</span> <span class='ocrx_word' id='word_1_581' title='bbox 927 4925 1020 4990; x_wconf 61' lang='grc' dir='ltr'>Μ.)</span> <span class='ocrx_word' id='word_1_582' title='bbox 1047 4923 1078 4978; x_wconf 84' lang='lat' dir='ltr'>ltt</span> 
     </span>
    </p>
   </div>
   <div class='ocr_carea' id='block_1_9' title="bbox 1162 4740 1809 4916">
    <p class='ocr_par' dir='ltr' id='par_1_13' title="bbox 1162 4740 1809 4916">
     <span class='ocr_line' id='line_1_52' title="bbox 1163 4740 1809 4813; baseline -0.015 -8"><span class='ocrx_word' id='word_1_583' title='bbox 1163 4751 1213 4812; x_wconf 78' lang='grc'>70)</span> <span class='ocrx_word' id='word_1_584' title='bbox 1230 4745 1365 4813; x_wconf 61' lang='lat' dir='ltr'>nonant]</span> <span class='ocrx_word' id='word_1_585' title='bbox 1381 4743 1467 4800; x_wconf 77' lang='lat' dir='ltr'>rust</span> <span class='ocrx_word' id='word_1_586' title='bbox 1480 4744 1574 4810; x_wconf 72' lang='lat' dir='ltr'>tm,</span> <span class='ocrx_word' id='word_1_587' title='bbox 1595 4742 1670 4797; x_wconf 78' lang='lat' dir='ltr'>rats.</span> <span class='ocrx_word' id='word_1_588' title='bbox 1688 4740 1809 4811; x_wconf 75' lang='lat' dir='ltr'>Pompei.</span> 
     </span>
     <span class='ocr_line' id='line_1_53' title="bbox 1162 4844 1700 4916; baseline -0.019 -8"><span class='ocrx_word' id='word_1_589' title='bbox 1162 4855 1211 4916; x_wconf 82' lang='lat' dir='ltr'>u)</span> <span class='ocrx_word' id='word_1_590' title='bbox 1228 4850 1378 4911; x_wconf 72' lang='lat' dir='ltr'>iudicatus]</span> <span class='ocrx_word' id='word_1_591' title='bbox 1395 4848 1447 4901; x_wconf 73' lang='lat' dir='ltr'>Ed</span> <span class='ocrx_word' id='word_1_592' title='bbox 1460 4847 1537 4903; x_wconf 73' lang='lat' dir='ltr'>lass.</span> <span class='ocrx_word' id='word_1_593' title='bbox 1556 4844 1700 4899; x_wconf 71' lang='lat' dir='ltr'>uuam.</span> 
     </span>
    </p>
   </div>
   <div class='ocr_carea' id='block_1_10' title="bbox 1160 4943 2111 5088">
    <p class='ocr_par' dir='ltr' id='par_1_14' title="bbox 1160 4943 2111 5088">
     <span class='ocr_line' id='line_1_54' title="bbox 1160 4943 2111 5016; baseline -0.009 -9"><span class='ocrx_word' id='word_1_594' title='bbox 1160 4956 1209 5016; x_wconf 77' lang='lat' dir='ltr'>m</span> <span class='ocrx_word' id='word_1_595' title='bbox 1227 4953 1271 5015; x_wconf 85' lang='lat' dir='ltr'>tr]</span> <span class='ocrx_word' id='word_1_596' title='bbox 1288 4951 1331 5004; x_wconf 85' lang='lat' dir='ltr'>sle</span> <span class='ocrx_word' id='word_1_597' title='bbox 1347 4961 1442 5001; x_wconf 82' lang='lat' dir='ltr'>onnes</span> <span class='ocrx_word' id='word_1_598' title='bbox 1453 4948 1539 5001; x_wconf 76' lang='lat' dir='ltr'>rute</span> <span class='ocrx_word' id='word_1_599' title='bbox 1558 4947 1679 5014; x_wconf 75' lang='lat' dir='ltr'>exceptis</span> <span class='ocrx_word' id='word_1_600' title='bbox 1690 4947 1775 5001; x_wconf 72' lang='lat' dir='ltr'>suu</span> <span class='ocrx_word' id='word_1_601' title='bbox 1782 4947 1858 5001; x_wconf 68' lang='grc'><strong>1689.</strong></span> <span class='ocrx_word' id='word_1_602' title='bbox 1867 4947 1908 5014; x_wconf 73' lang='lat' dir='ltr'>B,</span> <span class='ocrx_word' id='word_1_603' title='bbox 1922 4945 2010 5011; x_wconf 64' lang='lat' dir='ltr'>tata,</span> <span class='ocrx_word' id='word_1_604' title='bbox 2023 4943 2111 5010; x_wconf 66' lang='lat' dir='ltr'>ibba,</span> 
     </span>
     <span class='ocr_line' id='line_1_55' title="bbox 1194 5019 1447 5088; baseline -0.02 -13"><span class='ocrx_word' id='word_1_605' title='bbox 1194 5024 1224 5075; x_wconf 85' lang='lat' dir='ltr'>ln</span> <span class='ocrx_word' id='word_1_606' title='bbox 1241 5023 1338 5088; x_wconf 77' lang='lat' dir='ltr'>qulbus</span> <span class='ocrx_word' id='word_1_607' title='bbox 1360 5019 1447 5071; x_wconf 71' lang='lat' dir='ltr'>aaut</span> 
     </span>
    </p>
   </div>
   <div class='ocr_carea' id='block_1_11' title="bbox 1159 5116 1967 5290">
    <p class='ocr_par' dir='ltr' id='par_1_15' title="bbox 1159 5116 1967 5290">
     <span class='ocr_line' id='line_1_56' title="bbox 1160 5116 1692 5186; baseline -0.011 -8"><span class='ocrx_word' id='word_1_608' title='bbox 1160 5125 1210 5185; x_wconf 78' lang='lat' dir='ltr'>rs)</span> <span class='ocrx_word' id='word_1_609' title='bbox 1227 5123 1307 5177; x_wconf 80' lang='lat' dir='ltr'>cont</span> <span class='ocrx_word' id='word_1_610' title='bbox 1324 5120 1406 5175; x_wconf 77' lang='lat' dir='ltr'>cm.</span> <span class='ocrx_word' id='word_1_611' title='bbox 1423 5119 1493 5171; x_wconf 74' lang='lat' dir='ltr'>usu</span> <span class='ocrx_word' id='word_1_612' title='bbox 1510 5116 1568 5173; x_wconf 77' lang='lat' dir='ltr'>cu</span> <span class='ocrx_word' id='word_1_613' title='bbox 1578 5118 1602 5184; x_wconf 89' lang='grc' dir='ltr'>ι,</span> <span class='ocrx_word' id='word_1_614' title='bbox 1619 5116 1648 5186; x_wconf 86' lang='lat' dir='ltr'>s,</span> <span class='ocrx_word' id='word_1_615' title='bbox 1664 5116 1692 5172; x_wconf 82' lang='lat' dir='ltr'>s</span> 
     </span>
     <span class='ocr_line' id='line_1_57' title="bbox 1159 5215 1967 5290; baseline -0.017 -10"><span class='ocrx_word' id='word_1_616' title='bbox 1159 5227 1210 5290; x_wconf 79' lang='grc'>74)</span> <span class='ocrx_word' id='word_1_617' title='bbox 1225 5223 1382 5287; x_wconf 61' lang='lat' dir='ltr'>mnus]</span> <span class='ocrx_word' id='word_1_618' title='bbox 1398 5223 1450 5276; x_wconf 71' lang='lat' dir='ltr'>Ed.</span> <span class='ocrx_word' id='word_1_619' title='bbox 1464 5221 1540 5276; x_wconf 74' lang='grc' dir='ltr'><strong>ιιιι.</strong></span> <span class='ocrx_word' id='word_1_620' title='bbox 1558 5224 1670 5288; x_wconf 68' lang='lat' dir='ltr'>typogr.</span> <span class='ocrx_word' id='word_1_621' title='bbox 1687 5230 1801 5273; x_wconf 85' lang='lat' dir='ltr'>errore:</span> <span class='ocrx_word' id='word_1_622' title='bbox 1824 5215 1967 5276; x_wconf 73' lang='lat' dir='ltr'>maurita.</span> 
     </span>
    </p>
   </div>
   <div class='ocr_carea' id='block_1_12' title="bbox 1157 5318 2108 5455">
    <p class='ocr_par' dir='ltr' id='par_1_16' title="bbox 1157 5318 2108 5455">
     <span class='ocr_line' id='line_1_58' title="bbox 1157 5318 2108 5391; baseline -0.015 -5"><span class='ocrx_word' id='word_1_623' title='bbox 1157 5332 1208 5391; x_wconf 69' lang='lat' dir='ltr'>tt)</span> <span class='ocrx_word' id='word_1_624' title='bbox 1225 5332 1302 5382; x_wconf 74' lang='lat' dir='ltr'>uses</span> <span class='ocrx_word' id='word_1_625' title='bbox 1316 5329 1409 5382; x_wconf 73' lang='lat' dir='ltr'>alters</span> <span class='ocrx_word' id='word_1_626' title='bbox 1423 5329 1492 5379; x_wconf 72' lang='lat' dir='ltr'>ross</span> <span class='ocrx_word' id='word_1_627' title='bbox 1506 5325 1606 5378; x_wconf 72' lang='grc' dir='ltr'><strong>ιιιιιαι</strong></span> <span class='ocrx_word' id='word_1_628' title='bbox 1625 5323 1682 5379; x_wconf 70' lang='lat' dir='ltr'>clo·</span> <span class='ocrx_word' id='word_1_629' title='bbox 1698 5321 1794 5376; x_wconf 72' lang='lat' dir='ltr'>suus</span> <span class='ocrx_word' id='word_1_630' title='bbox 1816 5318 2003 5386; x_wconf 67' lang='lat' dir='ltr'>numan</span> <span class='ocrx_word' id='word_1_631' title='bbox 2018 5321 2108 5373; x_wconf 83' lang='lat' dir='ltr'>onat-</span> 
     </span>
     <span class='ocr_line' id='line_1_59' title="bbox 1195 5396 1589 5455; baseline -0.008 0"><span class='ocrx_word' id='word_1_632' title='bbox 1195 5403 1245 5455; x_wconf 70' lang='grc' dir='ltr'><strong>ιιι·</strong></span> <span class='ocrx_word' id='word_1_633' title='bbox 1262 5400 1318 5451; x_wconf 77' lang='grc' dir='ltr'><strong>ιιιιι</strong></span> <span class='ocrx_word' id='word_1_634' title='bbox 1333 5397 1420 5452; x_wconf 73' lang='lat' dir='ltr'>nnn</span> <span class='ocrx_word' id='word_1_635' title='bbox 1437 5396 1589 5452; x_wconf 81' lang='lat' dir='ltr'>trvssttur.</span> 
     </span>
    </p>
   </div>
   <div class='ocr_carea' id='block_1_13' title="bbox 163 4994 827 5063">
    <p class='ocr_par' dir='ltr' id='par_1_17' title="bbox 163 4994 827 5063">
     <span class='ocr_line' id='line_1_60' title="bbox 163 4994 827 5063; baseline -0.005 -13"><span class='ocrx_word' id='word_1_636' title='bbox 163 5001 248 5051; x_wconf 74' lang='lat' dir='ltr'>asts.</span> <span class='ocrx_word' id='word_1_637' title='bbox 263 4998 357 5063; x_wconf 75' lang='lat' dir='ltr'>asae,</span> <span class='ocrx_word' id='word_1_638' title='bbox 378 4996 472 5059; x_wconf 74' lang='lat' dir='ltr'>assa,</span> <span class='ocrx_word' id='word_1_639' title='bbox 491 4995 566 5046; x_wconf 81' lang='lat' dir='ltr'>asos.</span> <span class='ocrx_word' id='word_1_640' title='bbox 585 4996 614 5045; x_wconf 74' lang='lat' dir='ltr'>st</span> <span class='ocrx_word' id='word_1_641' title='bbox 625 4994 722 5046; x_wconf 71' lang='lat' dir='ltr'>coron</span> <span class='ocrx_word' id='word_1_642' title='bbox 740 4994 827 5048; x_wconf 68' lang='lat' dir='ltr'>assat.</span> 
     </span>
    </p>
   </div>
   <div class='ocr_carea' id='block_1_14' title="bbox 129 5095 1076 5224">
    <p class='ocr_par' dir='ltr' id='par_1_18' title="bbox 129 5095 1076 5224">
     <span class='ocr_line' id='line_1_61' title="bbox 129 5095 1076 5224; baseline -0.004 -69"><span class='ocrx_word' id='word_1_643' title='bbox 129 5102 324 5224; x_wconf 40' lang='lat' dir='ltr'>quondum</span> <span class='ocrx_word' id='word_1_644' title='bbox 339 5100 431 5160; x_wconf 72' lang='lat' dir='ltr'>sotis]</span> <span class='ocrx_word' id='word_1_645' title='bbox 454 5097 496 5149; x_wconf 82' lang='lat' dir='ltr'>sle</span> <span class='ocrx_word' id='word_1_646' title='bbox 511 5097 562 5148; x_wconf 75' lang='lat' dir='ltr'>tta</span> <span class='ocrx_word' id='word_1_647' title='bbox 580 5096 685 5163; x_wconf 57' lang='lat' dir='ltr'>(tranq</span> <span class='ocrx_word' id='word_1_648' title='bbox 714 5095 781 5148; x_wconf 80' lang='lat' dir='ltr'>illas</span> <span class='ocrx_word' id='word_1_649' title='bbox 796 5096 880 5151; x_wconf 75' lang='lat' dir='ltr'>Edltt.</span> <span class='ocrx_word' id='word_1_650' title='bbox 903 5097 980 5152; x_wconf 77' lang='lat' dir='ltr'>salle</span> <span class='ocrx_word' id='word_1_651' title='bbox 1001 5112 1076 5152; x_wconf 80' lang='lat' dir='ltr'>noss-</span> 
     </span>
     <span class='ocr_line' id='line_1_62' title="bbox 184 5186 241 5224; baseline -0.018 0"><span class='ocrx_word' id='word_1_652' title='bbox 184 5186 241 5224; x_wconf 79' lang='lat' dir='ltr'>uus.</span> 
     </span>
    </p>
   </div>
   <div class='ocr_carea' id='block_1_15' title="bbox 129 5230 1148 5474">
    <p class='ocr_par' dir='ltr' id='par_1_19' title="bbox 129 5230 1148 5474">
     <span class='ocr_line' id='line_1_63' title="bbox 129 5230 1148 5334; baseline -0.007 -9"><span class='ocrx_word' id='word_1_653' title='bbox 129 5275 177 5334; x_wconf 74' lang='grc'>69)</span> <span class='ocrx_word' id='word_1_654' title='bbox 194 5273 316 5331; x_wconf 81' lang='lat' dir='ltr'>Nonum]</span> <span class='ocrx_word' id='word_1_655' title='bbox 335 5268 377 5320; x_wconf 86' lang='lat' dir='ltr'>sio</span> <span class='ocrx_word' id='word_1_656' title='bbox 393 5230 585 5333; x_wconf 70' lang='lat' dir='ltr'>anisacar,</span> <span class='ocrx_word' id='word_1_657' title='bbox 605 5265 679 5319; x_wconf 80' lang='lat' dir='ltr'>tsas.</span> <span class='ocrx_word' id='word_1_658' title='bbox 703 5269 789 5332; x_wconf 77' lang='lat' dir='ltr'>(quas</span> <span class='ocrx_word' id='word_1_659' title='bbox 804 5279 855 5332; x_wconf 84' lang='lat' dir='ltr'>pro</span> <span class='ocrx_word' id='word_1_660' title='bbox 871 5265 921 5318; x_wconf 81' lang='lat' dir='ltr'>tus</span> <span class='ocrx_word' id='word_1_661' title='bbox 937 5278 1006 5319; x_wconf 82' lang='lat' dir='ltr'>voce</span> <span class='ocrx_word' id='word_1_662' title='bbox 1022 5280 1075 5318; x_wconf 86' lang='lat' dir='ltr'>uu·</span> <span class='ocrx_word' id='word_1_663' title='bbox 1142 5313 1148 5326; x_wconf 86' lang='grc'><strong><em>,</em></strong></span> 
     </span>
     <span class='ocr_line' id='line_1_64' title="bbox 161 5334 1075 5405; baseline -0.005 -11"><span class='ocrx_word' id='word_1_664' title='bbox 161 5343 230 5394; x_wconf 83' lang='lat' dir='ltr'>merl</span> <span class='ocrx_word' id='word_1_665' title='bbox 249 5340 360 5404; x_wconf 78' lang='lat' dir='ltr'>signum</span> <span class='ocrx_word' id='word_1_666' title='bbox 375 5337 424 5391; x_wconf 72' lang='lat' dir='ltr'>nt</span> <span class='ocrx_word' id='word_1_667' title='bbox 442 5337 567 5404; x_wconf 82' lang='lat' dir='ltr'>babent),</span> <span class='ocrx_word' id='word_1_668' title='bbox 586 5335 672 5400; x_wconf 66' lang='lat' dir='ltr'>lm,</span> <span class='ocrx_word' id='word_1_669' title='bbox 688 5334 976 5405; x_wconf 77' lang='lat' dir='ltr'>tsss.,1tst.,tsss,</span> <span class='ocrx_word' id='word_1_670' title='bbox 989 5334 1075 5404; x_wconf 63' lang='lat' dir='ltr'>lm,</span> 
     </span>
     <span class='ocr_line' id='line_1_65' title="bbox 163 5403 872 5474; baseline -0.001 -11"><span class='ocrx_word' id='word_1_671' title='bbox 163 5413 258 5474; x_wconf 49' lang='grc'>15684</span> <span class='ocrx_word' id='word_1_672' title='bbox 281 5407 363 5462; x_wconf 77' lang='lat' dir='ltr'>suits</span> <span class='ocrx_word' id='word_1_673' title='bbox 378 5406 470 5471; x_wconf 65' lang='grc' dir='ltr'>Μ,</span> <span class='ocrx_word' id='word_1_674' title='bbox 489 5405 565 5460; x_wconf 71' lang='lat'>15⁶⁸.</span> <span class='ocrx_word' id='word_1_675' title='bbox 583 5408 611 5458; x_wconf 80' lang='lat' dir='ltr'>rt</span> <span class='ocrx_word' id='word_1_676' title='bbox 628 5403 730 5458; x_wconf 75' lang='grc' dir='ltr'><strong>θοιιιιιι</strong></span> <span class='ocrx_word' id='word_1_677' title='bbox 756 5406 872 5462; x_wconf 67' lang='lat' dir='ltr'>Nom.</span> 
     </span>
    </p>
   </div>
   <div class='ocr_carea' id='block_1_16' title="bbox 0 0 2276 5766">
    <p class='ocr_par' dir='ltr' id='par_1_20' title="bbox 0 0 2276 5766">
     <span class='ocr_line' id='line_1_66' title="bbox 0 0 2276 5766; baseline 0 0"><span class='ocrx_word' id='word_1_678' title='bbox 0 0 2276 5766; x_wconf 95' lang='lat' dir='ltr'> </span> 
     </span>
    </p>
   </div>
  </div>
 </body>
</html>
