4544 5766
181 200 256 276 535

285 375 510 444 Adiurantur
525 386 642 443 autem
659 374 825 464 cogitatio
840 376 877 442 in
894 388 1029 458 mente,
1056 387 1090 443 et
1105 400 1168 443 vo·

186 481 305 550 luntas
324 481 501 568 imperans
520 477 657 558 nervis,
684 490 977 569 temperamento.
1016 477 1169 547 Catilina

188 583 324 653 facilius
339 581 422 650 facit
439 583 579 664 caedes,
606 579 689 673 quia
714 605 779 649 nec
803 581 969 671 cogitatio
993 583 1093 650 firma
1119 594 1171 653 est

190 689 234 754 de
257 680 519 776 pulchritudine
548 682 720 764 iustitiae,
752 698 787 752 et
814 680 960 754 honesta
991 685 1171 766 societate,

190 802 230 858 ut
246 789 282 855 in
297 787 462 877 Scipione
488 798 549 853 aut
564 785 735 875 Augusto.
790 786 837 855 Et
854 801 1170 879 temperamentum

191 891 306 960 cordis
324 903 358 958 et
374 888 556 979 sanguinis
583 889 741 956 alurndat
765 891 858 957 mala
884 893 1035 959 mixtura
1061 891 1173 958 rullae

192 1008 227 1064 ct
240 1007 336 1061 atrae
351 992 443 1074 bilis,
475 1015 564 1084 quae
580 1017 660 1058 cum
675 993 877 1061 redundant
891 1006 924 1061 et
938 1007 1020 1063 sunt
1038 994 1175 1060 inflam-

193 1109 330 1178 matae,
365 1095 512 1184 gignunt
533 1093 675 1184 spiritus
700 1095 880 1180 turbidos,
912 1097 1096 1179 flatuosos,
1124 1097 1176 1162 in-

195 1223 340 1279 suaves,
374 1209 584 1279 venenatus,
618 1200 819 1281 mordaces,
853 1199 913 1292 qui
936 1201 1104 1288 languere
1126 1200 1177 1266 fa-

196 1303 295 1370 ciunt
309 1302 511 1381 cerebrum,
540 1313 574 1367 et
588 1295 757 1369 humores
774 1302 929 1370 efficiunt
943 1329 982 1369 ac
1006 1302 1178 1392 imagina-

196 1405 311 1474 tiones
328 1404 561 1472 adtollendus
579 1403 685 1486 alios,
713 1430 803 1496 quae
821 1430 901 1474 cum
923 1406 1105 1497 spiritibus
1128 1403 1180 1470 ri-

198 1506 345 1576 rulentis
362 1506 510 1574 incitant
528 1508 686 1575 membra
706 1509 750 1574 ad
766 1533 888 1577 saevas
906 1507 941 1576 ct
964 1509 1179 1577 truculentas

198 1610 365 1678 actiones.
429 1605 512 1676 [deo
539 1604 745 1700 philosophi
771 1612 912 1693 dicunt,
951 1637 1068 1680 mores
1099 1634 1182 1678 con-

200 1737 325 1803 gruere
356 1737 435 1780 eum
466 1713 776 1803 temperamentis,
817 1727 852 1781 et
879 1714 1005 1783 usitate
1035 1713 1180 1783 dicitur:

198 1816 356 1887 Naturae
373 1815 532 1906 sequitur
550 1814 685 1882 semina
709 1817 858 1908 quisque
880 1841 975 1886 suae.
1027 1815 1184 1887 Adiuvat

202 1917 455 2007 cogitationem
480 1930 514 1984 et
532 1917 758 1999 assuefactio,
792 1919 874 2011 quia
899 1945 977 1988 cum
1002 1944 1106 2009 saepe
1129 1942 1183 1984 re-

200 2031 299 2112 petat
326 2019 525 2087 doctrinam
558 2031 593 2087 ct
620 2020 922 2105 admonitionem,
962 2023 1099 2090 firmior
1134 2031 1185 2088 est

200 2122 394 2202 memoria,
436 2134 471 2189 et
497 2121 598 2189 citius
625 2123 804 2211 promitur
833 2137 868 2192 et
891 2125 1059 2216 aspicitur
1083 2148 1185 2215 prae-

203 2237 362 2314 ceptum,
389 2236 429 2292 ut
446 2222 508 2315 qui
520 2248 624 2314 saepe
641 2225 723 2293 fecit
738 2227 805 2294 iter
820 2252 883 2318 per
899 2230 1056 2320 aliquam
1070 2225 1186 2316 regio-

147 2379 152 2391 .
203 2351 299 2408 nem,
326 2325 437 2416 magis
453 2326 615 2394 meminit
629 2328 736 2411 viam,
763 2342 797 2396 et
812 2331 929 2400 minus
947 2342 1053 2412 errat,
1076 2353 1186 2397 mem-

137 2490 141 2497 .
204 2431 268 2498 bra
285 2429 390 2496 etiam
407 2428 544 2498 facilius
564 2432 607 2496 ad
630 2425 697 2498 hoc
719 2430 921 2522 diriguntur
943 2435 1041 2527 quod
1063 2433 1186 2501 crebro

207 2546 381 2615 exercent,
407 2544 447 2599 ut
463 2526 684 2602 citharaedus
702 2537 925 2620 assuefactus,
951 2536 1096 2605 celerius
1112 2559 1188 2602 mo·

206 2649 265 2703 ret
281 2634 427 2725 digitos,
452 2647 487 2702 et
502 2635 629 2705 certius
645 2638 758 2729 tangit
777 2640 880 2722 fides,
910 2640 959 2708 ita
982 2637 1188 2708 assuefactio

208 2739 395 2808 confirmat
424 2738 654 2820 memoriam,
695 2742 779 2808 facit
808 2742 1099 2833 imaginationem
1128 2765 1190 2809 seu

209 2840 529 2910 considerationem
561 2842 767 2924 fortiorem,
804 2844 841 2911 in
874 2869 943 2936 qua
977 2845 1191 2935 conspicitur

208 2944 329 3036 aliquo
347 2944 455 3010 modo
473 2938 700 3031 pulchritudo
715 2941 884 3015 honestae
909 2947 1057 3015 actionis
1079 2959 1114 3014 et
1135 2970 1191 3013 or-

213 3046 317 3115 dinis.

312 3145 462 3214 Inclinat
495 3146 601 3216 etiam
633 3148 838 3217 assuefactio
869 3175 938 3231 seu
960 3149 1192 3232 voluntatem,

212 3275 274 3320 seu
289 3249 433 3340 spiritus
447 3249 531 3317 forti
552 3249 806 3340 imaginatione
831 3254 875 3322 ad
902 3278 981 3321 eam
1005 3253 1193 3335 actionem,

212 3355 257 3421 de
289 3377 359 3445 qua
392 3363 523 3420 attente
554 3352 744 3443 cogitatur:
791 3353 882 3424 Earn
912 3355 1194 3438 inclinationem,

214 3456 525 3550 quantulacunque
556 3469 625 3538 est,
675 3456 838 3526 nominat
865 3458 1071 3530 Aristoteles
1109 3456 1194 3549 ἕξιν,

215 3583 305 3652 quae
322 3583 400 3626 cum
418 3557 463 3627 sit
475 3559 641 3649 languida
659 3572 693 3627 et
707 3560 871 3631 facillime
889 3564 1051 3632 turbetur
1065 3563 1196 3631 affecti-

214 3660 297 3741 bus,
338 3661 439 3728 valde
469 3662 656 3732 obscurum
681 3678 733 3733 cst
754 3689 887 3735 nornen
915 3667 1053 3736 virtutis
1073 3667 1110 3734 in
1132 3660 1196 3733 ho-

216 3764 332 3844 mine,
367 3761 396 3831 si
419 3763 464 3831 sit
484 3764 559 3833 sine
583 3779 684 3834 motu
707 3767 840 3837 divino.
907 3769 975 3836 Sed
1003 3764 1070 3837 hoc
1101 3770 1196 3862 quod

216 3866 425 3935 nominatur
440 3866 551 3936 virtus
568 3862 729 3950 heroica,
756 3883 797 3937 ut
810 3870 981 3938 fortitudo
996 3870 1033 3939 in
1049 3868 1197 3954 Achille,

215 3971 439 4050 Alexandro,
474 3966 626 4063 lulio³),
668 3984 720 4040 cst
746 3971 923 4061 singulare
954 3976 1089 4045 donum
1118 3973 1198 4056 Dei,

218 4074 280 4168 qui
297 4070 428 4141 creavit
444 4074 512 4141 tale
528 4098 608 4156 cor,
635 4086 674 4141 ut
690 4073 779 4141 ciere
797 4087 913 4143 motus
930 4077 1148 4146 ardentiores
1166 4091 1199 4145 et

217 4177 385 4246 rectiores
407 4177 528 4266 possit.
594 4176 643 4244 Ut
673 4190 767 4245 creat
792 4178 912 4246 oculos
933 4181 1037 4271 longe
1060 4180 1199 4272 prospi-

221 4281 370 4362 cientes,
396 4292 435 4346 ut
452 4291 548 4348 creat
568 4275 715 4349 herbam
741 4281 919 4349 tollentem
945 4295 1079 4352 certum
1104 4309 1200 4351 mor-

196 4427 206 4458 ,·
220 4384 317 4450 bum.
368 4381 414 4448 Et
431 4383 564 4450 accedit
580 4383 676 4452 aliud
693 4385 827 4452 donum
841 4382 909 4451 Dei
932 4384 969 4453 in
991 4387 1200 4477 praestanti-

220 4486 285 4553 bus
304 4482 528 4568 hominibus,
554 4489 650 4578 quod
672 4488 848 4580 aliquibus
870 4488 931 4555 dat
957 4502 1102 4559 eventus
1126 4516 1201 4557 rna-

222 4586 273 4677 gis
288 4586 414 4654 felices.

322 4687 376 4756 Ex
409 4684 463 4757 his
499 4689 792 4780 descriptionibus
833 4706 1011 4788 utcunque
1052 4695 1201 4763 iudicari

223 4803 339 4884 potest
369 4790 454 4883 quid
483 4792 688 4861 nominetur
715 4795 922 4887 disciplina,
958 4810 992 4866 et
1019 4823 1108 4891 quae
1132 4798 1202 4867 siut

223 4921 349 4965 causae
370 4892 611 4986 propinquae,
644 4896 775 4964 scilicet
798 4924 897 4969 mens
922 4900 1078 4992 cogitans
1099 4926 1201 4993 prae-

223 5012 341 5089 cepta,
369 5011 403 5065 et
419 4997 583 5065 voluntas
602 4998 781 5087 imperans
797 5003 933 5085 nervis,
960 5017 1001 5072 ut
1014 5005 1129 5073 cicant
1145 5030 1201 5072 ex-

223 5116 325 5172 terna
347 5102 507 5168 membra
534 5100 629 5168 iuxta
651 5116 857 5197 praecepta,
883 5105 1020 5176 etiamsi
1036 5107 1131 5177 intus
1146 5132 1201 5177 re-

222 5218 385 5300 pugnant
409 5204 564 5275 affectus.
632 5203 785 5275 Facilius
812 5218 930 5276 autem
954 5210 1201 5303 obtemperant

221 5364 426 5380 W...-

248 5442 285 5500 ὃ)
297 5443 390 5491 Iulius
407 5440 520 5491 Umor.

758 197 881 274 PHLI.
909 198 1022 273 Mat.
1056 196 1258 272 SCRIPTA
1286 195 1620 272 ruffiotootcs

2120 191 2198 269 686

1220 386 1363 442 externa
1381 373 1553 457 membra,
1580 397 1659 442 cum
1677 373 1713 440 in
1728 383 1847 440 mente
1861 382 1911 441 est
1927 368 2028 440 fortis
2042 367 2206 438 conside·

1221 476 1313 545 ratio
1329 501 1391 546 seu
1408 475 1636 565 imaginatio,
1662 490 1697 545 et
1711 487 2031 566 temperamentum
2046 497 2106 543 seu
2123 496 2207 541 san-

1222 580 1299 669 guis
1313 592 1347 649 et
1362 578 1506 669 spiritus
1529 577 1646 649 minus
1667 593 1750 649 sunt
1770 577 1983 648 turbulenti:
2018 589 2058 645 ut
2081 574 2208 645 diflici-

1223 684 1289 752 lius
1312 682 1402 772 regit
1421 681 1532 764 iram,
1566 682 1663 751 cuius
1686 682 1828 774 sanguis
1850 683 1951 750 valde
1973 679 2123 750 biliosus
2145 691 2211 760 est,

1225 799 1259 854 ct
1273 784 1507 853 immoderate
1525 784 1735 855 incenditur.
1786 785 1874 853 Cum
1897 797 2015 855 autem
2039 781 2209 872 cogitatio

1226 890 1432 980 praecedat,
1459 911 1598 957 necesse
1618 901 1669 957 cst
1684 912 1849 955 normam
1867 900 1998 955 certam
2015 886 2089 955 eius
2116 884 2212 974 cogi-

1228 991 1374 1060 tationis
1392 1014 1476 1059 esse.

1327 1091 1391 1161 Est
1419 1092 1529 1182 igitur
1551 1090 1731 1161 verissime
1763 1116 1888 1161 norma
1910 1105 2026 1162 rectae
2050 1087 2214 1169 actionis,

1227 1196 1284 1265 lex
1302 1195 1390 1278 Dei,
1416 1220 1477 1264 seu
1491 1193 1687 1284 Dccalogus
1703 1207 1796 1262 recte
1820 1194 2027 1265 intellectus.
2077 1190 2119 1260 ln
2135 1187 2214 1282 phi·

1231 1294 1392 1390 losophia
1409 1322 1575 1366 normam
1591 1297 1781 1365 nominant
1795 1312 1927 1367 rectam
1950 1299 2129 1366 rationem
2152 1319 2214 1362 seu

1231 1404 1343 1492 legem
1372 1414 1533 1469 naturae.
1597 1401 1717 1470 Sciant
1745 1413 1863 1470 autem
1894 1426 2016 1471 omnes
2038 1396 2216 1480 homines,

1232 1507 1344 1594 legem
1362 1516 1511 1572 naturae
1530 1527 1602 1572 esse
1613 1503 1733 1573 radios
1749 1503 1919 1573 divinitus
1941 1504 2066 1573 insitos
2086 1499 2218 1569 menti-

1233 1611 1298 1677 bus
1321 1603 1507 1691 humanis,
1540 1604 1671 1688 idest,
1709 1606 1856 1676 notitias
1881 1619 2115 1698 congruentes
2137 1628 2217 1671 cum

1234 1711 1433 1799 Dccalogo,
1461 1710 1651 1801 quodcum
1671 1709 1718 1776 ita
1741 1708 1805 1793 sit,
1834 1706 2061 1801 philosophia
2077 1720 2113 1776 et
2128 1706 2218 1798 poli-

1235 1813 1301 1881 tica
1327 1812 1519 1903 sapientia,
1555 1837 1634 1881 cum
1655 1807 1719 1880 has
1740 1811 1886 1882 notitias
1908 1814 1985 1883 sine
2008 1808 2219 1901 corruptelis

1235 1927 1459 2007 proponunt,
1504 1927 1586 1982 sunt
1615 1938 1671 1983 res
1696 1915 1830 1998 bonae,
1875 1928 1910 1983 et
1936 1915 2067 1985 veritas
2092 1939 2113 1982 a
2141 1912 2218 1981 Deo

1237 2032 1396 2100 ostensa,
1428 2018 1518 2086 sicut
1538 2017 1687 2086 notitiae
1708 2042 1960 2104 ntu‘nerorum,
1993 2032 2027 2088 et
2049 2015 2220 2086 excellens

1237 2125 1371 2189 donum
1394 2117 1482 2201 Dei,
1521 2143 1585 2188 nec
1608 2132 1690 2190 sunt
1712 2120 1893 2190 mendacia
1919 2120 2117 2212 pugnantia
2139 2144 2220 2187 cum

1236 2226 1325 2294 Deo.
1386 2224 1505 2314 Quare
1528 2234 1562 2290 et
1584 2223 1717 2294 Paulus
1739 2222 1846 2294 Rom.
1860 2230 1897 2307 ἲ,
1920 2223 1999 2318 (14.
2024 2220 2102 2313 15.)
2127 2223 2221 2289 affir-

1237 2339 1333 2410 mat,
1360 2326 1397 2393 in
1417 2325 1577 2416 gentibus
1594 2325 1762 2394 iudicium
1780 2327 2015 2396 conscientiae
2034 2350 2108 2397 esse
2131 2323 2224 2393 iudi-

1239 2430 1331 2498 cium
1356 2429 1442 2511 Dei,
1484 2441 1519 2496 et
1538 2427 1707 2499 divinitus
1728 2429 1888 2499 additum
1913 2455 1987 2500 esse
2010 2429 2223 2509 carnificem,

1239 2530 1459 2602 horrendum
1475 2532 1668 2601 cruciatum
1694 2531 1827 2615 cordis,
1860 2534 1924 2627 qui
1950 2533 2074 2602 ordine
2096 2530 2224 2600 diviui-

1241 2651 1297 2707 tus
1312 2635 1468 2715 sancito,
1491 2635 1650 2728 sequitur
1674 2633 1925 2724 cogitationem
1949 2636 2035 2727 legis
2058 2659 2224 2705 accusan-

1241 2741 1285 2808 tis
1307 2737 1485 2806 delictmu.

1343 2840 1439 2907 Haec
1453 2839 1618 2928 cogitatio
1635 2852 1669 2908 et
1685 2837 1741 2908 hic
1756 2841 1860 2909 dolor
1876 2867 1950 2910 non
1973 2852 2056 2912 sunt
2077 2839 2223 2908 menda·

1243 2943 1314 3023 cia,
1342 2946 1402 3012 sed
1416 2967 1471 3010 res
1488 2942 1536 3011 sic
1552 2942 1736 3011 ordinatae
1759 2943 1871 3012 aDeo
1894 2944 1932 3013 in
1956 2958 2085 3014 natura
2108 2937 2222 3011 homi-

1243 3071 1341 3114 num.
1401 3045 1493 3115 Nam
1517 3044 1623 3113 etiam
1646 3046 1683 3126 in
1703 3041 1769 3113 hac
1794 3048 1985 3137 depravata
2006 3060 2156 3128 natura,
2188 3056 2225 3112 ut

1244 3172 1476 3217 numerorum
1490 3147 1659 3230 notitiae,
1692 3147 1739 3216 ita
1764 3149 1850 3238 legis
1871 3150 2019 3219 notitiae
2041 3149 2226 3219 nobiscum

1244 3265 1449 3322 nascuntur.
1501 3249 1593 3342 Quia
1610 3251 1686 3319 vult
1699 3251 1795 3324 Dens
1811 3277 1873 3322 eas
1892 3253 2137 3325 testimonium
2156 3273 2225 3319 esse

1246 3357 1288 3422 de
1304 3354 1401 3445 ipso,
1429 3357 1524 3446 quod
1539 3353 1584 3421 sit
1596 3353 1711 3436 Dens,
1738 3355 1852 3447 qualis
1876 3356 1940 3440 sit,
1964 3358 2061 3450 quod
2084 3356 2130 3424 sit
2152 3353 2226 3420 rin-

1247 3460 1313 3525 dex
1329 3458 1520 3539 scelerum,
1545 3457 1621 3526 vult
1643 3481 1706 3548 per
1731 3482 1789 3525 eas
1813 3460 1970 3530 accusari
1995 3471 2160 3551 peccata,
2195 3470 2226 3524 et

1247 3560 1491 3653 delinquentes
1506 3559 1645 3650 puniri,
1671 3559 1761 3628 sicut
1781 3560 1910 3632 dicitur
1932 3561 2054 3658 (llam.
2071 3563 2107 3642 3,
2131 3557 2227 3651 20.);

1247 3665 1316 3732 Per
1332 3665 1442 3753 legem
1460 3663 1614 3751 cognitio
1629 3662 1774 3752 peceati.
1805 3663 1892 3735 Vult
1908 3667 2015 3735 etiam
2030 3664 2105 3755 regi
2120 3663 2229 3730 vitam

1249 3780 1428 3835 externam
1445 3766 1482 3833 in
1503 3765 1667 3835 omnibus
1688 3765 1905 3852 actionibus,
1930 3781 1970 3838 ut
1992 3769 2122 3837 dicitur
2143 3769 2229 3862 (Ga-

1248 3872 1308 3938 lat.
1326 3870 1361 3949 3,
1377 3867 1472 3962 24.);
1499 3864 1573 3935 Lex
1587 3869 1810 3958 paedagogus
1834 3884 1896 3943 est.
1951 3869 2038 3940 ltcm
2064 3872 2116 3965 (1.
2133 3871 2227 3941 Tim.

1253 3976 1285 4055 1,
1303 3970 1373 4066 9.):
1407 3969 1480 4039 Lex
1500 3969 1638 4039 iniustis
1654 3971 1768 4060 posita
1786 3985 1848 4043 est.
1904 3973 2065 4070 Cumque
2087 3975 2146 4043 lex
2163 3975 2230 4043 Dei

1250 4075 1296 4145 sit
1308 4099 1363 4143 res
1386 4075 1499 4156 bona,
1526 4087 1560 4143 et
1582 4071 1754 4164 sapientia
1771 4072 1839 4144 Dei
1857 4101 1897 4145 ac
1921 4077 2068 4161 veritas,
2094 4076 2231 4170 perspi·

1251 4204 1354 4246 cntrm
1380 4190 1449 4261 cst,
1490 4172 1581 4244 hanc
1606 4172 1868 4269 philosophiam
1901 4193 1935 4248 et
1964 4180 2147 4271 politicam
2178 4206 2231 4251 sa-

1251 4279 1441 4372 pientiam,
1466 4305 1555 4373 quae
1571 4304 1650 4346 cum
1666 4280 1741 4370 lege
1757 4280 1825 4350 Dei
1844 4283 1887 4351 de
1910 4283 2062 4354 externis
2084 4282 2233 4353 actioni-

1251 4386 1315 4453 bus
1334 4382 1517 4473 congruit,
1543 4407 1617 4449 non
1632 4384 1871 4452 damnandam
1888 4411 1972 4456 esse.

1354 4488 1422 4554 Sed
1436 4509 1575 4555 necesse
1596 4498 1647 4555 est
1664 4500 1757 4555 recte
1773 4486 1925 4557 discerni
1947 4513 2076 4581 genera
2101 4489 2234 4560 doctri-

1253 4615 1400 4672 narum,
1439 4588 1550 4678 legem
1576 4602 1610 4656 et
1633 4587 1885 4680 Evangelium,
1924 4606 1963 4661 ut
1983 4592 2069 4662 alibi
2091 4593 2234 4685 copiose

1254 4693 1392 4762 dicitur.
1460 4691 1532 4760 Has
1563 4692 1825 4762 admonitiones
1855 4697 1969 4778 addo,
2007 4709 2047 4764 ut
2076 4695 2235 4766 iuniores

1254 4798 1494 4877 considerent,
1522 4795 1583 4888 qui
1603 4794 1674 4864 sint
1696 4796 1772 4865 veri
1793 4798 1908 4867 fontes
1928 4794 2181 4890 philosophiae
2202 4811 2235 4867 et

1253 4912 1426 4994 quatenus
1441 4898 1625 4988 probanda
1643 4899 1707 4981 sit,
1735 4912 1769 4967 et
1782 4913 1875 4970 recte
1893 4901 2097 4971 discernant
2117 4904 2233 4994 legem

1253 5016 1288 5071 et
1309 5001 1553 5091 Evangelium.
1618 5000 1681 5070 Est
1707 5000 1800 5071 enim
1825 4999 2050 5095 philosophia
2085 5006 2234 5075 moralis

1252 5105 1422 5197 particula
1440 5105 1525 5195 legis
1539 5104 1680 5173 divinae
1703 5105 1747 5173 de
1771 5109 1922 5178 externis
1942 5102 2101 5178 honestis
2125 5109 2236 5178 actio·

1251 5209 1373 5289 nibus,
1401 5232 1597 5298 congruens
1614 5232 1694 5295 curn
1711 5209 1787 5300 lege
1804 5209 1937 5283 divina.

1354 5309 1443 5380 Cum
1459 5323 1576 5380 autem
1592 5311 1635 5377 ad
1653 5315 1823 5403 regendas
1843 5316 1999 5385 actiones
2019 5326 2116 5382 recta
2142 5314 2235 5404 eogi-

1251 5412 1338 5482 tatio
1355 5426 1388 5482 et
1404 5413 1547 5507 quidem
1563 5424 1695 5484 attenta
1711 5416 1961 5503 consideratio,
1978 5428 2013 5486 et
2026 5415 2131 5489 fortis
2146 5417 2235 5486 ima-
