4544 5766
224 1481 364 1571 xvu.
438 1481 538 1570 on.
576 1460 740 1568 oran.
767 1442 1078 1572 sonoram
1113 1476 1186 1567 ιΝ
1222 1479 1600 1576 emenonis
1636 1480 2061 1574 oe-arrounn
2098 1478 2214 1565 roo
2260 1556 2262 1561 ,

924 1647 1110 1738 anolo
1156 1646 1531 1756 nmonano.

221 1904 334 2026 flacc
363 1952 473 2014 scholia
504 1965 617 2016 uotum
648 1953 680 2012 in
712 1950 927 2012 cremationem
958 1953 989 2011 in
1021 1951 1190 2011 selectiores
1220 1950 1369 2013 Ciceronis
1401 1951 1546 2011 orationes
1578 1972 1596 2013 a
1627 1952 1733 2034 steph.
1766 1956 1865 2015 Riccio
1897 1957 2044 2018 editarum
2075 1958 2168 2015 ‘romo
2191 1953 2212 2016 l.
2259 1964 2262 2007 l

225 2038 357 2121 (lipsiae
379 2037 476 2105 1568.
495 2037 543 2123 8.)
562 2055 652 2119 supra
672 2057 704 2117 p.
723 2031 921 2101 898-896.
941 2036 1089 2115 descripto
1110 2036 1260 2115 leguntur.

1071 2230 1377 2242 “uu—n*-

331 2427 392 2504 ΙΝ
424 2425 783 2504 ORATIONDM
813 2422 1137 2502 CICERONIS
1168 2421 1284 2500 PRO
1315 2422 1474 2500 Raeto
1504 2423 1822 2504 DEIOTARO
1856 2427 2124 2507 sellom
2259 2368 2262 2563 i

765 2616 767 2620 ψ
873 2580 1107 2642 rasorrrr
1141 2576 1590 2663 unosnruoussp.
2260 2568 2262 2649 t

225 2757 330 2872 Post
350 2801 482 2871 bellum
505 2801 607 2871 civile
630 2796 751 2870 habita
775 2813 828 2870 cst
842 2795 930 2871 baec
946 2802 1077 2885 oratio,
1102 2799 1200 2871 cuius
1251 2798 1447 2871 sentientis.
1497 2800 1590 2873 Nam
1611 2801 1739 2872 fiducia
1761 2803 1867 2874 etiam
1890 2805 1928 2874 in
1952 2830 2081 2897 genere
2107 2834 2220 2880 causae

225 2929 334 2997 genus
356 2916 409 2973 est
430 2903 605 2976 iudiciale.
655 2900 772 2972 Habet
792 2903 888 2973 enim
909 2898 996 2973 haec
1020 2927 1124 2974 causa
1144 2926 1201 2972 ae·
1251 2899 1479 2971 indubitabili
1520 2928 1595 2974 non
1635 2905 1740 2974 debet
1777 2932 1815 2977 se
1863 2907 2017 2979 nimium
2058 2936 2222 2985 exercerc.

226 3005 442 3080 cusationem
474 3032 555 3076 cum
584 3005 800 3076 defensione.
876 3003 1069 3077 Accusatus
1105 3005 1200 3074 enim
1253 3005 1377 3097 Quom]
1408 3004 1539 3078 scilicet
1559 3006 1735 3102 quamvis.
1787 3008 1915 3102 Captat
1943 3013 2221 3085 benevolentiam

224 3109 416 3179 Deiotarus
436 3132 457 3176 a
480 3104 661 3200 Phidippo
677 3108 728 3203 ²),
762 3108 859 3201 quod
880 3119 1028 3200 propter
1054 3105 1201 3178 insidias
1252 3130 1273 3173 a
1300 3130 1366 3176 suo
1393 3119 1503 3178 metu.
1604 3111 1841 3202 Gravioribus]
1870 3113 2001 3185 scilicet
2024 3115 2223 3187 difficiliori·

227 3213 267 3282 C.
288 3211 474 3282 Caesarem
497 3235 624 3280 necare
645 3209 831 3295 voluisset,
863 3205 931 3280 hac
959 3209 1097 3302 egregia
1120 3233 1201 3279 ora·
1250 3208 1336 3293 bers,
1361 3209 1685 3300 periculosioribus.
1770 3217 1986 3309 commoveri]
2011 3216 2049 3287 id
2072 3234 2139 3304 cst,
2162 3233 2222 3290 ter·

226 3317 323 3386 tione
345 3315 440 3405 apud
465 3313 580 3405 ipsum
602 3314 789 3384 Caesarem
810 3338 831 3381 a
854 3311 1024 3383 Cicerone
1044 3312 1201 3383 defendi·
1251 3309 1336 3394 rcri,
1362 3312 1465 3384 affici.
1544 3315 1645 3405 Usus]
1671 3316 1791 3400 idest,
1817 3318 2032 3391 exercitatio.
2112 3323 2223 3414 Aetas]

225 3431 296 3490 tur.
346 3416 465 3487 Status
489 3428 541 3486 est
561 3415 819 3487 coniecturalis.
1251 3412 1383 3484 scilicet
1408 3413 1479 3484 iam
1510 3416 1692 3506 grandior.
1797 3421 1897 3512 Tum]
1931 3421 2065 3493 scilicet
2100 3438 2223 3495 tamen.

326 3519 412 3611 Cap.
433 3516 460 3589 I.
486 3515 518 3610 ᾗ.
543 3521 577 3591 1.
590 3518 635 3617 ⁸).
669 3521 777 3606 Οααηι
805 3514 1201 3610 inomntluo1Propo-
1251 3514 1342 3584 Vide
1364 3514 1504 3586 Vallam
1533 3517 1595 3591 lib.
1624 3523 1661 3592 2.
1692 3543 1768 3611 cap.
1800 3518 1863 3592 59.
1892 3536 1929 3592 et
1952 3524 2012 3596 76.
2027 3526 2073 3621 5).
2179 3534 2224 3609 Ut,

225 3621 306 3692 sitio
337 3620 472 3690 exordii
500 3634 552 3691 est
581 3621 876 3692 commemoratio
904 3619 1039 3690 doloris
1064 3629 1100 3687 et
1122 3640 1202 3709 per·
1251 3622 1429 3713 quantum]
1438 3619 1641 3711 Amfflificat
1649 3645 1715 3712 per
1725 3625 2042 3715 comparationem.
2119 3629 2224 3720 Fue]

226 3723 460 3805 turbationis,
504 3722 577 3791 imo
607 3738 660 3795 est
687 3724 830 3817 querela
860 3722 1125 3803 difficultatum,
1167 3731 1202 3787 et
1252 3720 1384 3791 scilicet
1423 3721 1563 3792 fiducia.
1674 3724 1807 3818 Studio]
1842 3727 1879 3795 id
1911 3742 1982 3813 est,
2014 3730 2223 3823 diligentiae,

223 3827 413 3920 praecipue
436 3824 656 3917 indignitatis
676 3821 781 3895 huius
804 3848 949 3909 causae,
975 3822 1075 3918 quasi
1089 3821 1201 3892 dicat:
1253 3845 1371 3895 curae.
1470 3822 1581 3916 Mitt]
1595 3823 1727 3895 scilicet
1744 3826 1875 3921 eloqui.
1976 3834 2146 3926 Salutem]
2167 3834 2224 3904 sci-

225 3931 321 4023 Quid
343 3942 395 4000 est
413 3929 609 4013 crudelius,
636 3952 745 4022 quam
766 3927 923 3997 accusari
944 3950 964 3995 a
988 3936 1135 4017 nepote,
1168 3936 1203 3993 et
1252 3925 1334 3995 licet
1346 3924 1637 3996 incolumitatem.
1739 3932 1937 4023 facultatis]
1953 3934 2086 4005 scilicet
2100 3936 2223 4006 virium

224 4032 433 4126 praesertim
459 4055 523 4123 per
539 4029 708 4102 servum?
758 4027 810 4099 ita
825 4029 1009 4121 deplorat,
1035 4029 1133 4122 quod
1149 4026 1203 4094 in·
1254 4026 1489 4121 eloquentiae.
1566 4031 1749 4123 Detrahat]
1775 4031 1898 4117 idest,
1924 4037 2073 4108 auferat.
2150 4044 2225 4111 Pri·

224 4138 370 4228 dignum
392 4134 439 4205 sit
458 4158 577 4225 regem
601 4133 758 4204 accusari
783 4156 804 4201 a
825 4145 975 4225 nepote,
1000 4143 1036 4200 et
1056 4154 1075 4199 a
1096 4154 1201 4201 servo
1252 4155 1344 4201 mom
1363 4130 1453 4221 dico]
1479 4127 1713 4217 Distributio,
1740 4135 1841 4227 quasi
1856 4135 1965 4206 dicat:
1991 4139 2156 4212 Primum
2170 4157 2226 4223 est,

226 4265 301 4311 suo.
353 4237 480 4318 ἄλλως.
516 4236 568 4307 Μ.
584 4236 724 4307 Tullius
739 4237 777 4305 in
791 4232 898 4307 huius
913 4233 1086 4305 orationis
1102 4257 1202 4303 exor-
1253 4231 1424 4317 miserum
1463 4256 1581 4324 regem
1621 4234 1744 4304 vocari
1788 4237 1827 4306 in
1874 4238 2044 4311 iudicium
2096 4245 2225 4337 capitis.

227 4341 285 4409 dio
307 4342 493 4411 Caesarem
517 4338 584 4410 sibi
609 4339 878 4424 conciliaturus,
909 4337 1011 4430 fingit
1038 4362 1076 4407 se
1104 4336 1202 4405 varie
1254 4333 1393 4404 Deinde
1414 4336 1554 4406 crudele
1570 4348 1642 4420 est,
1665 4341 1760 4431 quod
1779 4355 1994 4413 accusetura
2011 4359 2226 4439 nepotesue,

225 4443 383 4526 turbari,
410 4443 507 4536 quod
527 4436 689 4514 rhetores
713 4443 857 4512 interim
878 4441 1079 4511 faciendum
1102 4462 1203 4530 prae·
1255 4450 1290 4507 et
1315 4462 1379 4530 per
1405 4462 1546 4508 servum
1579 4464 1694 4511 suum.
1764 4441 1827 4512 Est
1856 4455 2044 4539 tanquam·
2063 4453 2228 4529 narratio,

227 4546 364 4639 cipiunt
385 4543 488 4637 (teste
514 4544 600 4616 Fab.
623 4546 685 4617 lib.
707 4545 743 4617 4.
755 4546 812 4641 4))
841 4557 883 4615 ut
911 4544 977 4613 sibi
998 4541 1134 4612 aditum
1158 4542 1204 4609 ad
1255 4539 1395 4611 tametsi
1409 4538 1481 4610 sint
1494 4536 1769 4636 enthymemata.
1818 4539 1940 4616 Voluit
1954 4552 2105 4640 gradum
2120 4556 2225 4623 iacere

227 4673 330 4721 aures
354 4644 478 4717 iudicis
499 4648 625 4733 faciat,
650 4649 947 4740 autoritatemque
971 4642 1097 4714 induat
1119 4666 1202 4712 vera
1255 4644 1301 4712 ad
1320 4642 1427 4714 istum
1448 4643 1588 4728 locum,
1622 4647 1718 4738 quod
1744 4646 1986 4720 crudelitatem
2019 4655 2135 4725 voluit
2156 4660 2225 4727 retl-

228 4805 431 4820 ffl..
1114 4764 1123 4778 ·
1256 4746 1338 4815 dere
1371 4743 1536 4818 invisam.
1643 4749 1824 4841 Primum]
1851 4751 1984 4823 scilicet
2011 4782 2070 4827 me
2102 4761 2224 4830 turbat.

264 4905 295 4963 t)
311 4904 385 4953 llaec
402 4898 506 4950 sclollc
522 4898 551 4949 ln
568 4899 618 4951 ills
627 4901 755 4952 lldttlonc
767 4898 903 4963 ntpstonst
918 4898 959 4950 sio
974 4897 1110 4961 inscripto
1126 4898 1206 4947 sont:
1257 4851 1350 4935 iim
1370 4848 1494 4942 imm]
1530 4848 1661 4919 seilicet
1689 4874 1756 4942 1³¹⁰
1779 4876 1860 4943 rege
1881 4855 2010 4928 dicere·
2114 4866 2225 4954 Regem

297 4970 406 5022 scholis
423 4968 537 5032 Plrlllppl
554 4968 769 5020 Melenclttltonls
786 4970 814 5018 ln
832 4969 985 5020 orationem
997 4966 1137 5019 ciceronis
1156 4976 1206 5029 pro
1256 4950 1393 5041 capitio]
1420 4948 1452 5017 A
1472 4975 1636 5042 persona.

296 5053 364 5104 rego
376 5039 517 5101 Deiotaro,
536 5038 662 5102 privatim
680 5051 714 5088 cx
728 5049 776 5087 oro
788 5037 973 5104 prselcgcntis
986 5040 1109 5099 excepte,
1130 5035 1204 5088 15³3.

262 5121 294 5182 2)
312 5120 460 5184 l’lrldlppus
478 5123 614 5185 medicus,
633 5133 734 5172 servos
751 5119 884 5171 Deiotarl.
1106 5205 1112 5217 .
1292 5157 1324 5214 ll)
1340 5166 1399 5218 cap.
1417 5159 1459 5213 oli.
1478 5165 1506 5214 et
1522 5165 1581 5224 to]
1604 5158 1646 5212 sic
1668 5165 1738 5216 male
1753 5165 1803 5216 Εὐ·
1823 5168 1897 5223 1668.
1921 5185 1971 5233 pro
1997 5184 2056 5222 cao.
2075 5174 2110 5225 ²2
2137 5182 2165 5227 st
2180 5179 2224 5226 so.

263 5210 295 5270 ³)
312 5208 410 5271 csptta
425 5210 454 5258 ‘t
470 5209 659 5276 ΙΝῑῐΊὶέΙΊΨῙῊ)8
679 5207 825 5260 mundum
847 5204 1162 5266 1¹3⁴¹·0¹²⁸·¹¹¹¹S‘·'¹'¹l‘2⁸¹·
1326 5223 1355 5273 ln
1381 5237 1493 5286 quorum
1517 5235 1609 5295 peloro
1631 5234 1664 5283 dc
1689 5248 1754 5286 cont
1777 5237 1806 5284 ct
1828 5240 1905 5303 lustr,
1929 5241 1956 5290 ln
1979 5213 2071 5292 altero
2089 5214 2124 5294 dc
2140 5250 2224 5297 tomes

266 5301 294 5357 t)
313 5297 378 5353 liet.
393 5294 504 5356 onlntil.
518 5297 604 5351 instit.
619 5297 696 5351 oret.
710 5293 759 5360 lv,
780 5294 802 5345 t.
822 5291 866 5342 dlii
883 5290 917 5343 dc
929 5291 1068 5356 proocmlo
1084 5288 1206 5342 disserit.
1229 5249 1234 5343 i
1326 5292 1444 5358 aliisque
1462 5304 1572 5354 vocilius
1591 5301 1751 5366 quantoque
1768 5307 1802 5356 ets
1819 5309 1945 5362 orations
1961 5311 2077 5362 abiectis
2093 5314 2195 5368 dicitnr.
