4544 5766
122 200 200 288 no
391 207 590 281 scurrus
616 208 692 280 ru.
719 206 924 283 uenero
950 208 1160 288 emeno
1185 208 1536 299 termemeno
1563 170 1876 302 seponunt

123 380 381 477 blasphemiam
401 375 486 450 dicit
502 381 539 449 in
554 381 725 473 Spiritum
748 384 935 469 sanctum,
955 411 1029 456 non
1051 411 1108 457 rea
1160 395 1236 464 alia
1258 395 1401 469 iudicia.
1467 397 1592 470 Manet
1621 401 1716 470 enim
1736 404 1885 492 regula
1904 403 2046 474 firmat·

124 492 285 561 mittetur
303 486 345 554 ei·
1160 501 1420 591 adversandum
1447 525 1521 571 esse
1555 504 1695 593 agnitae
1724 505 1886 591 veritati,
1932 507 2028 577 iuxta

229 588 317 657 Cum
351 586 460 685 igitur
488 587 631 689 agnitae
660 588 803 658 veritati
832 588 1013 661 adversari
1035 617 1108 660 nou
1160 600 1288 695 (Marc.
1304 603 1340 687 d,
1356 602 1455 697 29.):
1482 605 1519 673 Si
1536 606 1615 698 quis
1631 603 1889 699 blasphemiam
1905 610 1990 679 dicit
2012 611 2046 679 iu

124 696 246 774 liccat,
271 714 410 758 necesse
429 702 480 759 est
496 689 694 781 principes,
719 691 749 760 si
772 694 996 782 agnoverunt
1018 695 1109 763 veri·
1158 704 1268 773 ritum
1285 720 1468 791 sanctum
1494 730 1570 775 non
1584 710 1787 779 remittetur
1801 711 1845 782 ρῑ,
1890 711 2044 803 Quam

125 811 254 878 tatem,
281 795 474 861 concedere
489 792 805 884 propagationem,
832 807 867 863 et
888 821 963 866 non
984 800 1107 867 adver·
1160 807 1328 893 veritate,
1370 833 1444 878 non
1476 822 1560 879 sunt
1590 812 1810 904 expectanda
1836 813 1965 883 iudicia
1992 840 2046 911 syr

123 898 214 980 sari,
240 921 305 965 nec
322 909 506 986 expectare
525 895 773 987 episcoporum
790 897 932 970 iudicia.
1159 933 1240 979 rum
1255 924 1317 980 aut
1339 913 1600 1005 episcoporum,
1652 914 1721 984 sed
1742 914 1853 986 Pilius
1868 915 1938 986 Dei
1959 918 2046 988 iude

225 999 338 1068 Error
366 999 405 1064 in
426 993 494 1065 hoc
515 1010 726 1088 argumento
752 1000 867 1070 oritur
891 1026 933 1071 ex
952 997 1108 1095 κακοζη·
1161 1014 1204 1080 de
1220 1039 1293 1106 quo
1308 1015 1442 1085 dictum
1459 1027 1527 1086 est:
1555 1015 1659 1087 Hunc
1685 1019 1816 1089 audite.
1874 1020 1966 1090 Huic
1989 1021 2045 1091 sin

124 1101 204 1200 iio,
243 1101 329 1195 quia
356 1100 551 1169 adversarii
582 1113 728 1191 pulani,
771 1101 902 1173 iudicia
925 1105 1108 1174 doctrinae
1162 1115 1409 1208 obtemperare
1442 1130 1603 1210 oportet,
1643 1144 1719 1189 non
1743 1123 1933 1212 expectatis
1958 1120 2044 1193 hom

124 1230 270 1299 prorsus
291 1202 420 1272 similia
442 1227 514 1272 esse
538 1202 690 1294 politicis
713 1202 870 1289 iudiciis,
908 1206 949 1276 in
980 1206 1109 1302 quibus
1160 1219 1320 1290 decretis,

124 1305 436 1378 valet=iudicatum
464 1319 612 1413 propter
641 1306 776 1397 regiam
803 1310 860 1376 vel
889 1310 1107 1400 praetoriam

126 1410 354 1483 autoritatem
365 1461 388 1491 ,.
403 1407 541 1477 etiamsi
558 1408 644 1501 quid
658 1410 790 1480 erroris
804 1410 905 1481 inest.

224 1512 276 1580 Ac
309 1510 466 1602 episcopi
496 1523 559 1579 aut
581 1513 994 1608 doctoresnequaquam
1018 1512 1110 1583 iudi·
1211 1505 1369 1576 Tantum
1387 1504 1475 1578 iuris
1493 1502 1602 1579 habet
1625 1508 1774 1582 inferior
1795 1509 1833 1581 in
1856 1512 1991 1584 ditione
2016 1518 2046 1586 al

125 1629 208 1687 cant
236 1613 332 1705 regia
358 1637 419 1683 seu
442 1613 622 1704 praetoria
647 1628 840 1706 potestate,
883 1618 944 1686 sed
970 1629 1109 1687 tantum
1263 1604 1436 1704 quonium
1453 1611 1617 1703 superior
1632 1614 1799 1685 dominus
1814 1618 1988 1701 attribuit,

124 1723 233 1789 edunt
263 1715 519 1785 confessionem
551 1741 663 1786 suam.
728 1717 904 1789 Aeternus
927 1719 1034 1789 Pater
1067 1720 1110 1786 de
1213 1709 1385 1805 Superior
1424 1709 1610 1805 prohibuit
1642 1716 1858 1789 mutationes
1896 1733 2046 1815 tanquar

123 1822 215 1892 Filio
239 1819 358 1914 inquit
382 1813 693 1913 (Msuh.17,5.):
728 1820 832 1891 Hunc
855 1822 986 1892 audite.
1044 1821 1111 1889 Hic
1264 1814 1599 1907 suispraelecturis,
1625 1819 1819 1889 autzinsua
1837 1824 1959 1907 domo,

123 1938 175 1996 est
191 1925 315 2004 iudex,
339 1916 423 1989 huic
438 1920 602 1989 assentiri
619 1935 780 2013 oportet,
807 1923 906 1993 errius
926 1936 1022 1992 extat
1033 1948 1111 1995 sen·
1213 1917 1309 2009 Ergo
1330 1918 1405 1987 sine
1422 1919 1496 1989 eius
1512 1920 1696 1989 voluntate
1711 1947 1786 1992 non
1811 1937 1862 1995 est
1883 1927 2043 1997 facienda

123 2027 234 2098 tentia
250 2025 289 2092 in
307 2023 446 2113 scriptis
453 2017 717 2113 Prophetarum
732 2037 767 2094 et
775 2023 1051 2117 Apostolorum,
1078 2038 1112 2094 et
1263 2018 1364 2090 tatio.

126 2132 165 2199 in
180 2126 363 2222 symbolis.
1264 2121 1479 2214 Respondeo
1501 2124 1547 2192 ad
1570 2126 1763 2196 maiorem:
1805 2125 1964 2198 Tantum
1988 2155 2046 2200 ver

224 2230 298 2300 Nec
313 2229 409 2296 valet
425 2227 603 2297 cavillatio
621 2231 664 2300 de
680 2229 894 2301 obscuritate
916 2256 978 2302 seu
1000 2230 1111 2299 ambi·
1164 2222 1281 2292 maior
1303 2226 1346 2293 de
1370 2224 1612 2297 iurisdictione
1637 2229 1801 2320 politica,
1835 2244 1869 2299 et
1895 2233 1938 2301 de
1964 2233 2046 2301 redi*

112 2335 258 2430 gnitate
273 2330 416 2422 scripti,
444 2330 527 2424 quia
543 2326 634 2401 hanc
651 2333 764 2426 ipsam
783 2336 830 2403 ob
851 2359 993 2404 causam
1016 2334 1110 2401 edita
1163 2340 1197 2395 et
1213 2325 1386 2397 similibus
1399 2329 1570 2419 negotiis,
1596 2332 1741 2423 proprie
1757 2332 2016 2425 pertinentibus
2034 2361 2046 2404 a

124 2453 176 2510 est
197 2459 267 2505 vox
289 2433 429 2515 divina,
471 2446 512 2502 ut
533 2434 643 2505 simus
667 2437 774 2519 certi,
813 2437 911 2506 iuxta
931 2436 991 2504 illa
1018 2435 1109 2505 dicta
1162 2428 1398 2521 superiorum.
1443 2431 1526 2501 Non
1540 2445 1658 2523 potest
1672 2448 1789 2504 autem
1806 2437 1969 2528 superior
1983 2439 2046 2508 dor

125 2532 521 2639 (Psalm.119,105.):
563 2536 725 2608 Lucerna
751 2539 900 2631 pedibus
924 2538 1013 2608 meis
1031 2561 1111 2607 ver·
1162 2528 1353 2624 prohibere
1370 2532 1505 2626 aliquid
1520 2537 1692 2605 mandato
1710 2537 1833 2606 divino
1850 2555 2046 2637 praecepto

123 2649 210 2716 hum
233 2655 347 2710 tuum.
402 2638 450 2707 Et
473 2637 739 2724 2.Ti1n0th.3,
763 2640 875 2738 (16.):
912 2642 1006 2711 Tota
1028 2640 1111 2712 scri·
1163 2633 1311 2705 illustria
1331 2636 1489 2728 exempla
1506 2638 1641 2706 suntin
1657 2634 1804 2710 historia
1820 2640 1978 2714 Danielis
1997 2643 2045 2739 (c.

122 2762 227 2843 pterea
245 2744 323 2812 Deo
339 2741 536 2832 inspirante
552 2745 702 2827 tradita,
722 2744 818 2813 utilis
841 2757 893 2813 est
917 2746 962 2813 ad
984 2744 1112 2813 docen·
1165 2737 1229 2833 6.).
1294 2736 1341 2806 Et
1362 2738 1526 2830 Apostoli
1550 2740 1672 2810 dicunt
1693 2741 1786 2836 (Act.
1805 2740 1841 2827 5,
1864 2744 1961 2839 29.):
1996 2749 2046 2841 Of

122 2856 219 2922 dum.
278 2850 314 2919 2.
333 2844 415 2913 Cor.
435 2842 470 2927 4,
493 2843 580 2936 (ὃ.);
620 2844 658 2914 Si
678 2844 910 2937 Evangelium
935 2859 987 2915 est
1009 2871 1112 2938 oper·
1162 2839 1241 2909 Deo
1255 2841 1369 2931 magis
1385 2841 1529 2911 obedire
1544 2868 1651 2936 quam
1669 2840 1886 2917 hominibus.

123 2968 220 3038 tum,
246 2948 284 3015 in
302 2943 357 3016 bis
372 2944 434 3039 qui
449 2959 601 3037 pereunt
618 2960 782 3039 opertum
798 2961 860 3018 est.
957 2965 958 2968 ’
1252 2942 1492 3040 ..Manifestum
1518 2957 1569 3013 est
1593 2946 1709 3030 enim,
1744 2950 1999 3020 consessionem
2035 2979 2046 3022 c

225 3050 332 3120 Multi
348 3060 472 3117 contra
491 3049 743 3119 conscientiam
761 3052 995 3124 adversantur
1013 3047 1112 3137 agni-
1162 3046 1228 3114 bus
1259 3045 1425 3135 gradibus
1455 3041 1642 3116 bominum
1667 3052 1803 3141 pariter
1825 3054 2003 3147 praecipi,
2038 3085 2046 3125 1

123 3174 180 3228 tae
196 3152 350 3223 veritati.
403 3148 526 3243 Aliqui
542 3152 704 3220 fascinati
721 3153 793 3222 suis
810 3150 1112 3244 persuasionibus,
1164 3148 1330 3218 stratibus
1353 3160 1387 3216 et
1404 3148 1572 3240 privatis,
1596 3151 1751 3223 dominis
1776 3167 1810 3223 et
1831 3156 1960 3238 servis,
1993 3183 2046 3250 par

123 3284 198 3331 non
215 3256 342 3325 volunt
355 3253 479 3322 audire
496 3252 607 3337 dicta,
632 3280 723 3348 quae
740 3257 784 3324 ab
799 3255 963 3347 ¹ipsorum
987 3251 1112 3342 imagi·
1162 3251 1228 3320 hus
1253 3261 1288 3318 et
1317 3249 1416 3333 liliis,
1457 3250 1554 3320 iuxta
1579 3252 1667 3322 illud
1695 3253 2036 3356 (Macth.10‚37.):

122 3362 267 3434 natione
283 3356 514 3438 dissentiunt,
542 3369 577 3424 et
598 3356 825 3449 impudenter
847 3359 995 3427 eludunt
1016 3354 1113 3424 testi·
1164 3364 1262 3421 amat
1277 3365 1414 3443 patrem
1434 3365 1495 3421 aut
1509 3368 1662 3425 matrem
1677 3360 1756 3449 plus
1773 3385 1881 3452 quam
1896 3387 1972 3443 rue,
1999 3389 2046 3433 no

124 3464 246 3537 monia
264 3459 437 3541 veritatis,
465 3471 500 3528 et
514 3459 714 3530 doctrinam
731 3460 916 3531 coelestem
933 3456 1113 3528 mutilant.
1165 3480 1221 3524 me
1239 3455 1376 3545 dignus.
1416 3452 1457 3523 In
1472 3456 1607 3527 familia
1624 3461 2046 3555 confiteriEvangelium‹

124 3571 278 3661 Oportet
295 3575 412 3632 autem
437 3587 503 3630 nos
526 3562 717 3655 discipulos
740 3588 813 3634 esse
837 3565 934 3634 vocis
958 3559 1113 3641 divinae,
1165 3558 1256 3627 servi
1272 3558 1420 3641 debent,
1444 3571 1484 3628 ut
1500 3560 1634 3630 faciunt
1650 3561 1775 3656 loseph
1792 3579 1826 3633 et
1842 3568 1929 3635 socii
1945 3569 2046 3638 Dani·

124 3695 199 3742 non
220 3677 466 3755 corruptores,
500 3663 562 3757 qui
585 3669 843 3736 transformant
865 3692 943 3736 earn
966 3666 1006 3734 in
1028 3663 1114 3732 alie·
1265 3659 1356 3728 Filia
1374 3659 1503 3729 Licinii
1527 3661 1754 3755 imperatoris
1777 3664 1897 3753 Irene,
1923 3667 2014 3740 nihil
2038 3702 2046 3730 r

124 3800 189 3845 nas
225 3767 433 3861 opiniones,
473 3765 563 3834 sicut
590 3769 752 3838 fecerunt
787 3769 1039 3839 samosatenus
1053 3764 1113 3859 ⁶⁸),
1166 3762 1416 3832 truculentiam
1433 3764 1563 3855 patris,
1587 3769 1649 3860 qul
1665 3766 1857 3840 christiano
1877 3776 2044 3843 nomlnli

125 3879 251 3955 Arius,
277 3867 462 3958 Pelagius,
485 3867 607 3937 etalii.
1166 3865 1324 3935 cissimus
1346 3865 1431 3948 suit,
1455 3867 1546 3936 lares
1570 3881 1604 3936 et
1628 3872 1765 3965 reliqua
1791 3872 2005 3946 simulachra
2028 3880 2046 3949 ir

227 3970 483 4045 Constantinus
499 3970 630 4038 delevit
647 3968 820 4059 templum
827 3967 978 4037 Veneris
995 3971 1032 4038 in
1051 3993 1114 4059 op·
1167 3969 1275 4037 ternis
1289 3968 1435 4037 aedibus
1450 3969 1621 4059 singulari
1635 3975 1844 4044 fortitudine
1864 3980 2046 4050 contrivit‘

125 4083 209 4177 pido
223 4074 446 4148 Phoenicum
463 4071 599 4155 Avace,
625 4071 688 4141 ubi
702 4071 836 4140 fiebant
859 4083 972 4139 tetrae
992 4074 1077 4140 conf
1099 4114 1113 4124 -
1266 4069 1332 4138 Vir
1351 4070 1481 4140 nobilis
1504 4073 1542 4140 in
1565 4075 1654 4143 urbe
1671 4077 1898 4163 Nicomedia,
1931 4083 2046 4175 inspec

124 4188 240 4267 siones
258 4170 502 4271 libidinum*)‚
528 4174 743 4244 noratenim
758 4186 1004 4266 praeceptum:
1031 4173 1114 4245 Non
1165 4173 1298 4264 populo
1323 4174 1519 4264 concerpsit
1546 4178 1703 4266 publicas
1732 4181 1851 4252 literas
1880 4207 1899 4251 a
1925 4162 2046 4258 Diocle

123 4283 387 4363 moechaberis,
412 4280 450 4348 in
470 4303 542 4372 quo
559 4279 657 4349 nulla
675 4289 726 4346 est
741 4276 964 4367 ambiguitas.
1023 4276 1113 4346 Cum
1165 4274 1387 4366 propositas,
1411 4277 1453 4344 de
1470 4276 1723 4352 interficiendis
1738 4280 2014 4384 Christianisw).

124 4391 233 4482 igitur
248 4398 342 4457 certa
360 4396 449 4453 esset
466 4384 541 4451 eius
558 4379 793 4463 conscientia,
819 4381 934 4449 facere
958 4379 1112 4448 officium
1269 4378 1448 4469 Tempore
1470 4376 1599 4450 Iuliani
1609 4383 1676 4476 ⁷¹),
1709 4410 1782 4456 non
1807 4391 1933 4479 procul
1956 4393 1999 4460 ab
2024 4392 2046 4460 A

125 4493 208 4562 iusti
233 4484 480 4581 gubernatoris
506 4484 647 4567 debuit,
682 4505 748 4552 nec
769 4494 873 4551 erant
898 4484 1114 4573 expectanda
1167 4475 1258 4562 cbia,
1280 4482 1372 4551 filius
1388 4476 1518 4550 ethnici
1534 4486 1733 4573 sacrificuli,
1754 4490 1881 4560 collisit
1895 4494 2042 4565 simulac

1166 4583 1342 4674 Apollinis
1364 4584 1521 4654 avulsum
1541 4589 1662 4659 abasi.

159 4686 670 4816 ⁶⁹l¹io²lf¹¹ipl033ls⁰⁸iiltellll⁰
689 4675 1116 4814 ttltadt'tltallttl
1267 4687 1613 4784 ‘'³¹‘¹¹¹¹¹¹¹³¹¹¹¹⁵⁷²)2
1655 4719 1716 4786 ‘1¹¹¹
1738 4707 1859 4783 P⁰⁵¹0³
1884 4696 2046 4791 imperat«

194 4826 267 4882 riae)
287 4825 345 4872 etus
365 4822 506 4871 doctrines
526 4821 650 4883 synodus
668 4821 838 4870 antiocaeni
862 4831 888 4869 o·
900 4820 961 4870 269.
978 4821 1048 4868 benc
1072 4820 1115 4867 di·
1167 4800 1242 4858 Cius
1259 4801 1327 4870 ‘'Sls
1354 4814 1434 4856 cum
1459 4804 1546 4859 esset
1570 4795 1740 4889 tribunus⁴
1757 4798 1931 4879 millium,
1956 4807 2045 4872 sacri

193 4895 326 4958 gntteten
346 4889 372 4940 et
388 4892 553 4953 terrogavit,
579 4890 629 4938 red
647 4903 664 4939 a
682 4891 821 4950 zenobia,
845 4890 993 4951 Palmyrae
1008 4889 1115 4952 regina,
1167 4931 1371 4944 ...-

191 4966 349 5023 protectus,
368 4960 473 5008 demum
492 4970 563 5008 rutro
582 4959 659 5020 272,
686 4971 738 5019 quo
757 4958 824 5008 baec
842 4960 876 5007 ab
894 4957 1045 5007 Aureliano
1064 4957 1115 5006 im·
1202 4992 1251 5049 39)
1267 4992 1326 5040 Hoc
1343 4991 1409 5041 fecit
1427 5005 1450 5041 ο.
1465 5003 1491 5041 a·
1504 4992 1565 5044 3¹4·

193 5035 323 5094 peratore
344 5029 453 5078 devicta
472 5033 548 5087 erat,
567 5027 627 5076 loco
647 5037 698 5075 suo
718 5030 807 5076 motos
821 5029 872 5075 eet.
908 5019 1116 5076 Aseecloeetus
1381 5078 1386 5089 Ι

193 5099 253 5164 (ΙΙΙ.
276 5102 305 5148 et
330 5099 377 5147 Ν.
403 5097 504 5154 seculi)
531 5096 723 5151 saeuosateni,
757 5095 899 5149 Pontiani,
931 5094 1117 5144 paulianistae
1202 5076 1250 5137 70)
1270 5076 1347 5137 01¹⁰(l
1360 5078 1403 5127 ¹¹¹⁰
1416 5081 1547 5126 ”amiur
1553 5111 1562 5143 a
1580 5079 1774 5131 ”¹¹⁰³lmllli01'
1787 5081 1994 5150 &iiiiii-³⁰5„
2013 5105 2046 5154 qu

191 5169 376 5232 appellantur,
411 5165 490 5216 eous,
509 5166 609 5214 nmen,
628 5165 691 5213 hiet.
710 5164 775 5215 θαι,
792 5163 854 5223 γη9
872 5163 996 5214 2740,
1027 5164 1116 5212 pm.
1236 5158 1303 5207 pore
1321 5147 1506 5196 Diocletianus
1524 5147 1673 5208 imperator
1689 5149 1863 5202 Christianos
1882 5158 2046 5210 crudedeetn

192 5235 281 5288 dotet.
301 5239 405 5286 haeret.
426 5234 494 5286 labb.
514 5232 548 5291 n,
567 5234 591 5282 8.
628 5232 760 5295 Epipten.
780 5234 859 5280 haer.
874 5233 916 5282 ob.
940 5235 968 5280 et
989 5232 1116 5282 Etrltcte:
1237 5217 1416 5282 'eluebflissfa
1439 5216 1538 5264 mium
1556 5219 1607 5265 ‘’Sl-

139 5326 141 5328 ’
193 5309 226 5357 de
246 5307 389 5357 erroribus
410 5305 438 5352 P.
458 5303 641 5354 samosateni.
667 5302 742 5362 btps.
764 5300 838 5351 ¹7⁴5.
895 5334 898 5341 -
1203 5300 1252 5358 71)
1270 5303 1302 5348 Α.
1316 5300 1474 5350 361-368.

157 5395 191 5453 *)
209 5395 250 5442 De
269 5395 317 5443 beo
336 5391 481 5442 eversione
495 5389 552 5439 teni
566 5389 637 5450 apud
649 5389 760 5449 aphace
773 5387 802 5436 iu
814 5384 949 5437 Phoenice
962 5385 1118 5451 ettnpudt·
1203 5385 1252 5442 ⁷2)
1271 5384 1486 5436 valentiuteeee
1500 5385 1521 5440 1.
1546 5387 1696 5449 inperator
1719 5390 1772 5442 364
1783 5415 1817 5428 -
1829 5391 1888 5444 315.
1918 5396 1967 5447 hoe
1991 5399 2044 5451 teet

183 5463 272 5509 ciriae
288 5461 446 5512 abolitione
463 5459 517 5511 rid
536 5457 650 5508 ttueeeu
668 5457 727 5508 uta
739 5454 915 5509 comteattnl
932 5456 951 5508 1.
958 5454 1005 5505 ur.
1019 5460 1047 5506 e.
1056 5452 1100 5504 ee.
1238 5465 1264 5504 e.
1281 5453 1330 5504 2⁶1
1340 5453 1439 5503 -aea

1473 1369 1531 1442 HL
1558 1369 1831 1464 Argumentum.
