4544 5766
148 208 220 280 539

136 384 273 464 Deum,
309 406 373 449 nec
394 392 476 449 sunt
496 377 577 443 viva
599 375 759 442 membra
783 369 933 457 Christi,
967 398 1032 444 noe
1055 376 1117 444 do-

137 487 267 555 micilia
286 484 372 564 Dei,
397 484 459 551 sed
477 480 567 548 lirant
582 478 635 545 rei
652 491 816 547 aeternae
839 502 976 570 poenae
997 491 1032 546 et
1055 479 1118 546 do-

140 589 272 657 micilia
298 585 542 664 diabolorum,
578 580 674 650 iuxta
694 576 781 649 haec
800 581 892 650 dicta
914 581 967 675 (l.
984 580 1065 650 Cor.
1083 580 1118 663 6,

139 689 291 781 9.10.):
343 687 462 758 Nolite
494 708 632 767 errare,
682 697 912 766 scortatores,
954 683 1117 767 adulteri,

139 789 297 875 moechi,
321 792 417 860 iures
435 801 500 860 etc.
522 811 597 856 non
620 788 851 878 possidebunt
871 811 1020 877 regnum
1039 811 1117 856 eoe-

139 899 267 965 lorum.
319 891 408 963 Item
431 889 762 985 (1.10ann.a‚8.):
798 889 870 982 Qui
892 891 975 959 sarcit
994 912 1118 982 pecca-

137 1015 211 1067 tum
228 1024 268 1067 ex
283 997 425 1064 diabolo
441 1008 503 1064 est.
554 990 640 1061 Item
657 989 878 1086 (elimotb.
897 995 930 1075 1,
949 993 1006 1063 18.
1024 991 1116 1087 19.);

134 1103 249 1169 illilita
274 1102 405 1168 bonam
424 1097 609 1177 militiam,
648 1092 782 1165 babens
802 1098 907 1165 fidem
928 1109 963 1164 et
984 1097 1117 1165 honam

141 1203 406 1274 conscientiam.

236 1306 420 1396 singulare
442 1304 547 1369 (locus
570 1312 622 1369 est
641 1300 846 1391 disciplinae
869 1303 964 1394 quod
984 1302 1117 1371 Paulus

137 1410 270 1503 (Galat.
285 1409 322 1491 3,
338 1405 416 1502 ei.)
431 1403 565 1497 iuquit,
591 1405 702 1493 legem
719 1428 791 1473 esse
805 1404 1063 1495 paedagogium
1080 1404 1118 1472 in

136 1509 289 1582 Christo.
353 1509 429 1578 Etsi
453 1507 548 1575 enim
571 1506 755 1597 disciplina
777 1531 851 1574 uon
878 1520 929 1576 est
947 1509 1116 1576 meritum

133 1614 351 1684 remissionis
382 1625 417 1681 et
444 1609 758 1692 reconciliationis,
793 1620 913 1678 tamen
937 1609 981 1679 sit
1001 1635 1041 1678 eo
1065 1610 1118 1677 di-

54 1782 57 1789 .
135 1732 248 1800 recta,
287 1728 327 1787 ut
354 1711 518 1784 homines
554 1712 674 1783 doceri
703 1710 841 1802 possint
863 1714 906 1780 de
924 1712 1015 1779 Filio
1037 1713 1116 1780 Dei.

133 1822 240 1902 ltem,
267 1832 306 1890 ut
327 1819 440 1887 sciant
455 1816 586 1884 Filium
601 1815 670 1883 Dei
691 1838 766 1882 non
789 1817 963 1882 efficacem
986 1839 1059 1884 esse
1079 1815 1118 1881 in

133 1923 188 1993 bis
222 1923 284 2015 qui
317 1931 547 2011 perseverant
579 1920 617 1985 in
649 1916 837 1986 sceleribus
872 1930 995 1985 contra
1034 1941 1118 1985 con·

135 2025 329 2096 scientiam.

235 2125 427 2218 Quomodo
451 2123 498 2191 sit
519 2121 694 2213 possibilis
717 2121 921 2212 disciplina,
948 2146 1014 2190 suo
1038 2121 1116 2189 loeo

134 2228 311 2321 copiosius
334 2226 482 2306 dieitur,
518 2226 717 2293 libertatem
752 2224 946 2293 voluntatis
975 2223 1013 2292 in
1042 2249 1117 2292 uon

132 2332 265 2402 renatis
280 2330 456 2422 reliquam
473 2352 563 2411 esse,
589 2340 630 2396 ut
653 2326 764 2418 possit
787 2351 909 2416 regere
929 2326 1117 2395 loeomoti-

134 2460 234 2516 vam,
266 2435 396 2514 idest,
435 2431 525 2499 ciere
545 2454 694 2511 nervos,
730 2442 769 2497 ut
790 2442 933 2498 externa
955 2432 1114 2498 membra

133 2550 249 2630 gestus
264 2533 419 2605 babeant
434 2534 641 2624 cogitationi
657 2533 925 2631 convenientes,
950 2530 1115 2602 utAcbil·

132 2645 180 2711 les
200 2642 350 2734 imperat
367 2638 505 2721 nervis,
530 2649 571 2706 ut
585 2659 712 2706 mauris
726 2636 882 2726 gladium
899 2638 1055 2705 condant
1076 2637 1114 2705 in

132 2744 297 2835 vaginam
308 2742 365 2839 ¹¹).
422 2742 506 2813 Nou
524 2753 576 2809 est
593 2753 710 2808 niuem
730 2739 810 2808 talis
825 2740 968 2809 libertas
989 2741 1114 2808 volun-

132 2848 214 2916 tatis
243 2843 440 2926 humanae,
480 2854 519 2912 ut
550 2842 661 2932 possit
696 2842 818 2909 tollere
854 2855 1037 2932 peecatum
1075 2842 1114 2909 in

130 2961 248 3019 mente
265 2947 441 3028 etcorde‚
467 2946 528 3013 sed
555 2945 628 3034 ipse
643 2943 755 3011 Filius
766 2942 833 3010 Dei
859 2968 921 3035 per
946 2969 1019 3014 sese
1043 2945 1114 3011 col-

132 3055 242 3143 ligens
264 3061 446 3118 aeternam
464 3045 678 3127 Ecclesiam,
703 3069 790 3113 voce
808 3042 1013 3136 Evangelii,
1041 3049 1113 3115 elli-

131 3180 193 3223 cax
208 3166 260 3222 est
274 3152 382 3220 verbo
400 3174 483 3232 suo,
511 3161 546 3216 et
560 3147 697 3239 Spiritu
711 3158 833 3217 sancto
850 3144 960 3217 trabit
982 3161 1016 3218 et
1036 3175 1112 3218 mo·

132 3270 188 3325 vet
204 3256 333 3336 eorda,
357 3266 398 3323 ut
414 3254 459 3319 ad
475 3252 591 3320 Deum
608 3262 872 3321 convertantur.

229 3356 292 3426 Est
308 3356 416 3447 igitur
430 3356 535 3424 etiam
551 3353 587 3421 in
603 3376 677 3422 uon
695 3354 827 3423 renatis
842 3350 989 3423 honesta
1010 3352 1112 3423 disei-

135 3462 231 3554 plina
256 3458 442 3553 possibilis.
493 3459 586 3528 Nam
607 3469 643 3524 et
663 3455 795 3526 Paulus
816 3480 975 3549 expresse
997 3458 1113 3525 nomi-

134 3577 197 3632 nat
211 3563 379 3633 iustitiam
395 3562 528 3644 carnis,
555 3572 720 3654 quaeest
742 3573 884 3630 externa
900 3559 1112 3643 obedientia,

131 3666 238 3734 etiam
254 3667 291 3732 in
304 3689 379 3733 non
393 3665 538 3733 renatis.
589 3663 788 3732 Fatendum
815 3677 868 3733 est
888 3663 996 3754 igitur
1018 3658 1111 3731 banc

127 3769 327 3836 libertatern
354 3767 501 3856 regendi
528 3766 783 3833 locomotivam
812 3766 987 3859 reliquam
1025 3791 1110 3837 esse.

128 3873 213 3940 Vult
235 3871 329 3939 enim
353 3869 450 3938 Deus
472 3869 722 3960 aliquomodo
745 3867 892 3957 intelligi
921 3867 1111 3937 discrimen

126 3975 219 4043 inter
240 3996 345 4063 agens
369 3972 520 4040 liberum
545 3983 579 4037 et
601 3992 675 4038 non
694 3967 866 4052 liberum,
899 3984 938 4039 ut
960 3970 1111 4040 sciamus

126 4080 241 4169 ipsum
259 4101 331 4146 osse
349 4100 454 4166 agens
475 4072 715 4153 liberrimum,
742 4071 831 4140 sieut
853 4073 891 4140 in
912 4072 980 4141 illis
1003 4075 1111 4144 versi-

127 4181 213 4250 eulis
234 4180 400 4248 dicimus:

208 4301 272 4356 Nec
293 4300 373 4357 Deus
396 4310 439 4355 est
462 4315 567 4355 numen
592 4296 745 4353 Parcarum
767 4309 885 4351 carcere
907 4293 1045 4372 clausum,

208 4394 303 4464 Quale
325 4398 479 4475 putabatur
500 4396 611 4454 Stoicus
633 4410 699 4451 esse
719 4390 800 4451 Deus
816 4390 871 4469 ¹²).

224 4497 271 4566 Et
287 4524 364 4567 curn
380 4496 476 4566 Deus
494 4497 579 4565 ve'lit
595 4519 718 4564 omnes
733 4490 896 4563 homines
913 4495 1018 4563 eliam
1033 4522 1105 4565 nou

126 4613 287 4682 renatos,
312 4600 387 4690 regi
400 4599 552 4689 politicis
566 4598 720 4688 legibus,
748 4598 824 4666 vult
839 4623 896 4667 eas
913 4622 986 4666 non
1004 4625 1106 4691 pror-

125 4730 182 4774 sus
201 4703 341 4772 iuulilcs
367 4724 450 4771 esse.
508 4701 634 4770 Essent
655 4715 774 4769 aulem
797 4700 957 4784 inutiles,
989 4703 1018 4772 si
1042 4728 1105 4772 uec

124 4807 258 4876 externi
277 4817 392 4896 gestus
407 4804 481 4894 regi
497 4815 650 4895 possent.
691 4805 801 4895 Saepe
817 4816 935 4872 audem
950 4805 988 4871 in
1008 4818 1103 4875 lauda

125 4908 361 4980 imbecillitate
387 4918 536 4975 naturae
557 4917 698 4974 nostrae
725 4906 870 4974 vincunt
903 4907 996 4976 caeci
1021 4908 1104 4978 alle-

123 5027 215 5095 ctus,
250 5011 439 5081 et'diaboli
462 5005 681 5077 horribiliter
704 5007 917 5077 insidiantur·
941 5011 1104 5082 omnibus

123 5172 325 5185 ...uu-‘⁸¹—

152 5272 200 5329 il)
218 5271 296 5320 llom.
315 5268 345 5316 ll.
360 5268 381 5323 l,
398 5267 449 5318 2¹9
463 5279 503 5328 sq.

148 5371 199 5433 12)
218 5372 296 5420 Cori,
321 5371 483 5419 ciceri-ortui
514 5370 636 5429 systema
670 5363 872 5428 intellectuale,
911 5380 926 5414 u
955 5369 992 5420 lo.
1019 5371 1101 5420 baur.

163 5438 323 5486 ‚lloslremr'o
345 5452 417 5489 vers.
438 5453 462 5488 c.
478 5440 503 5490 1.
522 5440 548 5501 ἕ,
563 5437 587 5489 2.
606 5448 633 5500 p.
646 5437 675 5486 ὅ.

661 222 672 239 -’
712 199 836 274 PHlI..
868 200 981 272 Mai.
1013 197 1214 272 sculpas
1246 191 1594 277 PHllrohooitJic.

2045 187 2046 191 ‘
2079 203 2155 277 aio

1169 372 1392 459 bominibus,
1418 391 1458 447 ut
1475 404 1534 448 eos
1556 378 1743 469 impellant
1765 378 1802 444 in
1825 391 1915 446 tetra
1939 381 2093 460 seelera,
2120 394 2157 448 et

1169 493 1351 549 aeternum
1378 481 1543 561 exitium,
1577 481 1656 548 ideo
1677 507 1744 550 nos
1768 479 1807 547 in
1827 480 1982 549 Ecclesia
2004 483 2155 571 diligen-

1169 583 1238 653 tius
1255 584 1517 653 consideremus
1532 584 1808 652 imbecillitatem
1830 596 1998 668 natiuae,
2024 598 2059 653 et
2080 586 2155 652 dia-

1168 687 1243 754 boli
1263 688 1420 769 furores,
1453 699 1488 754 et
1512 687 1755 775 confugiamus
1780 688 1825 754 ad
1848 685 1978 754 Filium
2000 687 2087 770 Dei,
2120 701 2156 756 et

1169 802 1329 880 petamus
1362 789 1559 871 rirrxilium,
1610 789 1699 858 sicut
1730 788 1841 858 Filius
1873 788 1941 856 Dei
1975 791 2155 880 promittit

1169 891 1270 983 (Luc.
1291 891 1461 987 11,18.):
1499 892 1645 984 Quanto
1668 892 1780 980 magis
1794 891 1893 960 dabit
1905 891 2015 960 Pater
2038 907 2154 963 vester

1169 995 1326 1065 coelestis
1341 994 1511 1085 Spiritum
1528 1006 1689 1063 sanctum
1710 994 1920 1084 petentibus.

1270 1098 1329 1166 Fit
1355 1098 1463 1187 igitur
1490 1096 1675 1188 disciplina
1705 1096 1816 1186 magis
1836 1096 2032 1187 possibilis,
2071 1122 2154 1167 cum

1170 1201 1341 1269 accedunt
1372 1200 1555 1270 conversio
1586 1201 1632 1268 ad
1653 1199 1770 1268 Deum
1795 1212 1829 1267 et
1852 1224 1936 1267 vera
1960 1199 2153 1283 invocatio,

1169 1315 1252 1370 tune
1278 1303 1384 1371 ctiam
1408 1298 1494 1371 baec
1516 1302 1697 1391 diligentia
1721 1302 1866 1392 regendi
1888 1328 2024 1384 mores,
2049 1328 2154 1393 prae-

1169 1405 1306 1473 lucente
1315 1405 1502 1487 FilioDei,
1529 1419 1564 1474 et
1578 1407 1645 1473 lide
1662 1418 1696 1473 et
1711 1407 1860 1473 ducente
1867 1405 2003 1496 Spiritu
2016 1421 2153 1490 sancto,

1169 1507 1341 1578 virtutum
1363 1507 1572 1578 interiorum
1593 1503 1775 1576 inchoatio
1798 1519 1868 1589 est,
1906 1520 1941 1576 et
1963 1532 2052 1598 opus
2074 1509 2153 1579 Deo

1168 1611 1331 1700 placens,
1369 1611 1464 1679 iuxta
1497 1607 1565 1678 boc
1596 1610 1728 1679 dictum
1759 1609 2064 1708 (llo1n.8‚15.):
2117 1614 2154 1682 si

1169 1713 1324 1783 actiones
1339 1714 1454 1783 carnis
1470 1714 1604 1804 Spiritu
1621 1713 1896 1794 mortificabitis,
1922 1714 2064 1798 vivetis,
2093 1717 2155 1785 ubi

1168 1814 1301 1884 Paulus
1330 1816 1466 1884 erudite
1498 1817 1666 1886 discernit
1685 1811 1861 1885 ethnicam
1883 1816 2108 1908 disciplinam
2132 1847 2153 1888 a

1169 1913 1371 1987 christiana.
1423 1915 1717 2011 Bellerophontes
1728 1918 1771 2011 ¹⁸)
1788 1919 1926 1987 ratione
1949 1921 2059 1990 vincit
2077 1921 2153 1991 ille-

1169 2020 1291 2088 cebras
1302 2020 1482 2104 mulieris,
1507 2047 1598 2114 quae
1615 2021 1742 2090 invitat
1758 2046 1840 2090 euru
1856 2023 1901 2090 ad
1926 2024 2154 2096 adulterium.

1168 2119 1294 2213 loseph
1308 2123 1417 2191 vincit
1431 2149 1505 2192 uon
1520 2136 1657 2193 tantum
1677 2123 1835 2206 ratione,
1860 2127 1922 2193 sed
1943 2129 2055 2195 multo
2076 2155 2154 2197 ma-

1168 2224 1220 2314 gis
1242 2227 1404 2294 frenante
1427 2252 1506 2296 cum
1525 2226 1617 2295 Filio
1633 2226 1701 2294 Dei
1721 2251 1785 2317 per
1808 2228 1955 2298 verbum
1983 2242 2019 2298 et
2041 2231 2154 2323 Spiri-

1168 2339 1244 2395 tum
1270 2341 1451 2413 sanctum,
1495 2330 1634 2398 lucente
1661 2329 1699 2396 in
1720 2342 1838 2399 merite
1861 2331 2042 2420 agnitione
2067 2360 2152 2406 vora

1166 2429 1254 2512 Dei,
1281 2444 1315 2499 et
1332 2432 1469 2502 assidue
1492 2432 1641 2523 repetita
1668 2431 1893 2502 invocatione
1909 2434 1989 2504 Dei.
2046 2437 2153 2508 Hunc

1168 2534 1347 2603 custodem
1369 2533 1544 2604 Ecclesiae
1570 2533 1701 2604 Filium
1723 2535 1792 2603 Dei
1825 2560 2057 2625 agnoscamus
2090 2545 2153 2637 qui

1166 2633 1254 2703 dixit
1271 2634 1411 2730 (loann.
1430 2639 1489 2718 10,
1504 2635 1600 2730 28.):
1634 2637 1747 2707 Nemo
1763 2639 1879 2729 rapiet
1896 2665 1979 2710 oves
1993 2668 2091 2715 meas
2110 2672 2153 2717 ex

1165 2738 1329 2810 manibus
1346 2740 1453 2822 meis,
1476 2740 1538 2833 qui
1553 2740 1745 2810 certissime
1760 2743 1909 2831 depellet
1922 2745 1967 2813 ab
1982 2734 2153 2817 invocan-

1165 2841 1258 2909 tibus
1274 2841 1410 2931 ipsum,
1440 2842 1602 2912 diabolos
1616 2843 1858 2927 insidiatores,
1885 2859 1921 2914 et
1936 2849 2042 2917 addet
2058 2852 2152 2924 vires

1164 2941 1396 3012 imbecillitati
1409 2958 1563 3029 nostrae,
1584 2957 1620 3013 et
1634 2970 1840 3040 quanquam
1856 2948 1957 3017 initia
1973 2953 2056 3020 fidei
2067 2971 2151 3024 sunt

1165 3045 1287 3135 exigua
1306 3059 1340 3113 et
1353 3046 1537 3136 languida:
1565 3060 1686 3116 tamen
1700 3053 1844 3119 accedat
1858 3053 1997 3121 assidua
2012 3057 2151 3146 petitio,

1164 3147 1260 3216 iuxta
1277 3150 1477 3239 exemplum
1492 3148 1662 3218 inMarco
1673 3151 1829 3246 (9,24.):
1856 3153 1971 3223 Credo
1981 3156 2150 3242 Domine,

1163 3251 1224 3318 sed
1237 3275 1342 3340 opem
1355 3254 1407 3320 ser
1422 3251 1656 3321 imbecillitati
1670 3279 1781 3325 meae.
1812 3254 1859 3324 Et
1876 3259 2069 3331 exuscitent
2084 3289 2150 3334 nos

1164 3353 1209 3420 ad
1237 3347 1301 3422 bas
1326 3354 1516 3444 petitiones
1543 3356 1635 3424 dieta
1657 3355 1741 3448 Filii
1764 3357 1832 3426 Dei
1852 3357 1955 3452 (Luc.
1970 3364 2030 3446 ii,
2057 3368 2149 3456 13.):

1164 3455 1307 3545 Quanto
1330 3457 1441 3548 magis
1456 3458 1563 3527 Pater
1588 3459 1746 3529 coelestis
1769 3462 1867 3530 dabit
1881 3463 2053 3555 Spiritum
2069 3496 2149 3538 san-

1163 3569 1257 3627 ctum
1276 3560 1488 3649 petentibus.

1240 3745 1358 3840 Quid
1393 3746 1587 3816 disserat
1619 3749 1868 3842 disciplina
1901 3778 1922 3821 a
1958 3779 2065 3825 vera

1562 3850 1744 3922 virtute.

1184 4096 1186 4101 J
1262 3999 1463 4072 Discrimen
1492 4003 1697 4095 disciplinae
1720 4020 1754 4076 et
1774 4022 1880 4079 verae
1900 4011 2042 4083 virtutis
2065 4017 2146 4084 saci-

1161 4103 1228 4173 lius
1242 4103 1391 4197 intelligi
1405 4117 1572 4197 possunt,
1600 4132 1678 4176 cum
1703 4113 1861 4203 exempla
1884 4111 2086 4202 intuemur,
2112 4133 2144 4188 et

1161 4206 1263 4276 ineis
1283 4231 1403 4277 causas
1424 4208 1628 4300 aspicimus:
1656 4224 1696 4280 ut
1719 4212 1757 4280 in
1781 4214 1893 4285 beatis
1915 4217 1983 4286 erit
2006 4220 2141 4313 integra

1161 4320 1196 4377 et
1213 4334 1296 4377 vera
1313 4311 1446 4394 virtus,
1473 4311 1554 4405 quia
1570 4311 1667 4382 Deus
1684 4315 1751 4383 crit
1765 4316 1885 4386 omnia
1905 4319 1941 4387 in
1965 4323 2140 4393 omnibus.

1159 4410 1222 4482 Est
1250 4412 1357 4503 igitur
1386 4414 1445 4482 lux
1475 4418 1662 4485 ostendeus
1684 4417 1820 4503 Deum,
1855 4433 1888 4489 et
1909 4449 1964 4493 res
1990 4427 2142 4496 efficiens

1160 4514 1443 4584 conformitatem
1463 4542 1542 4586 cum
1555 4516 1654 4601 Deo,
1680 4521 1805 4605 idest,
1833 4549 1913 4593 vera
1932 4525 2045 4599 virtus
2068 4530 2140 4622 ipse

1158 4616 1270 4700 Deus,
1298 4631 1330 4686 el
1346 4631 1427 4688 sunt
1448 4621 1573 4689 deinde
1598 4624 1633 4688 in
1657 4619 1800 4692 bomine
1824 4628 1915 4695 radii
1938 4627 2031 4701 illius
2056 4633 2141 4702 lucis

1158 4733 1192 4788 et
1209 4720 1373 4789 flammae
1397 4735 1494 4791 ortae
1519 4749 1537 4790 a
1554 4724 1650 4809 Deo,
1678 4720 1768 4819 quae
1793 4728 1898 4798 etiam
1921 4755 2003 4800 vcra
2030 4734 2141 4805 virtus

1157 4823 1336 4891 nominari
1357 4840 1523 4915 possunt,
1558 4854 1638 4895 cunr
1661 4828 1733 4897 sint
1753 4831 1894 4902 effectus
1911 4833 1976 4902 Dei
2000 4834 2039 4905 in
2059 4839 2139 4906 bea·

1191 5096 1237 5155 1³)
1255 5097 1493 5160 Bellerophontes,
1511 5098 1625 5153 Glauci.
1643 5099 1845 5153 Corlutlriorum
1863 5101 1954 5166 regis,
1978 5104 2070 5159 filius,
2095 5108 2139 5156 si·

1222 5165 1302 5226 syplri
1330 5178 1430 5231 rrepos,
1462 5169 1550 5215 fratre
1570 5170 1675 5231 occiso,
1706 5168 1740 5219 ud
1758 5172 1902 5234 Proetum,
1931 5173 2137 5234 'l'iryatlu'orum

1222 5245 1331 5297 regem,
1351 5236 1436 5292 urgit.
1461 5236 1536 5283 carlus
1555 5249 1624 5285 texor
1642 5240 1730 5289 Antea
1749 5237 1823 5304 (vel,
1842 5241 2009 5302 Apollodoro
2023 5243 2057 5300 ll,
2070 5247 2097 5302 ti,
2115 5246 2136 5292 t.

1221 5307 1350 5358 erectore,
1368 5302 1552 5367 stheneboea)
1570 5317 1663 5357 eruore
1680 5307 1739 5356 eiras
1758 5310 1907 5373 flagrabat,
1929 5311 1979 5359 sed
1997 5304 2138 5374 repudiata

1219 5371 1298 5488 pippis
1316 5372 1547 5422 criminationibus
1564 5389 1624 5423 eurr
1644 5376 1845 5442 insectabatur,
1870 5379 1924 5429 vid.
1944 5380 2023 5432 lloru.
2042 5383 2073 5433 lt.
2091 5384 2135 5433 l'i.

1283 5453 1341 5502 sqq.
