4544 5766
135 1576 227 1665 vu.
313 1564 410 1672 on.
480 1584 639 1674 unu.
702 1584 776 1672 ru
846 1580 1148 1700 nutarunt,
1216 1584 1671 1676 oaauorroau
1740 1591 1829 1676 aa
1899 1544 2124 1699 oroor-

217 1730 575 1824 oronuuau
634 1738 920 1824 raaaau
977 1734 1492 1823 oaaaoaraauu
1546 1738 2037 1829 caramtocus-1

618 1885 996 1977 clouaours
1054 1880 1631 1975 couuuaoaaroa

127 2141 211 2255 Hic
231 2184 302 2248 Mel.
326 2179 566 2263 commentarius,
595 2186 672 2266 qood
692 2186 813 2264 wimar,
839 2206 899 2247 rou
921 2186 1039 2247 seorsim
1060 2174 1185 2265 prodiit,
1212 2184 1264 2247 sed
1287 2196 1400 2247 tantun
1420 2204 1484 2247 cunr
1504 2186 1570 2247 aliis
1589 2187 1621 2246 in
1643 2188 1761 2263 maden
1782 2188 1930 2259 Oratorias
1950 2193 2122 2260 Postiliones

128 2274 340 2335 commentariis
361 2274 528 2332 coniunctus
549 2273 695 2332 invenitor
715 2274 745 2332 in
767 2272 857 2333 hocce
879 2273 968 2333 libros

259 2388 433 2459 Valentini
460 2385 644 2472 Erythraei
667 2384 804 2450 tabulae
830 2392 1052 2471 partitionum
1080 2390 1306 2457 oratoriarum
1334 2384 1518 2451 Ciceronis:
1555 2395 1589 2449 et
1614 2400 1757 2469 quatuor
1788 2390 1998 2474 dialogorum
2026 2395 2121 2465 loon.

298 2475 443 2539 sturmii
462 2478 498 2535 ia
520 2474 663 2537 easdem:
690 2478 907 2553 recognitae,
934 2484 967 2535 et
989 2470 1115 2557 alicubi
1135 2483 1263 2536 auctae.
1313 2470 1534 2552 interpositus
1554 2483 1603 2533 est
1623 2478 1694 2556 ipse
1714 2473 1899 2560 Dialogus,
1926 2485 1985 2541 cui
2004 2484 2122 2549 addita

296 2571 375 2623 sunt
397 2557 531 2622 Sclsoltc
553 2564 758 2622 oeconomica
778 2560 922 2620 eiusdem
933 2558 1123 2644 Erythraei.
1166 2556 1234 2619 His
1254 2558 1455 2634 adiecimus,
1474 2563 1512 2619 irs
1531 2563 1680 2639 gratiam
1698 2558 1929 2626 Studiosorum
1949 2567 2122 2635 dectrisoe

296 2642 431 2709 dicendi
437 2690 447 2721 ‚
483 2642 715 2707 Trallianorum
733 2644 980 2723 Postiliones,
1009 2645 1262 2709 commacina
1284 2646 1365 2707 daos
1384 2646 1517 2707 clariss.
1538 2648 1704 2707 uirorum
1732 2645 1875 2727 ¹alteruter
1895 2650 1942 2713 D.
1965 2649 2081 2737 Pisilip
2104 2663 2124 2733 p·

294 2729 538 2808 Melanionis,
564 2733 705 2793 alternas
726 2728 770 2793 D.
792 2727 957 2795 looclriusi
977 2725 1168 2811 &merarij
1185 2726 1423 2811 Pabergensis:
1451 2726 1567 2811 quibus
1594 2728 1700 2793 stulta
1727 2730 1798 2794 loca
1828 2730 1967 2798 obscura
1995 2677 2121 2821 capili.

296 2827 440 2889 uantur,
463 2827 496 2879 et
518 2815 741 2881 illustrantur.
782 2817 1013 2896 Argentorati
1032 2817 1128 2896 apud
1142 2813 1364 2881 Christianam
1381 2814 1520 2897 Meliust
1534 2814 1630 2881 tuot).
1650 2849 1692 2863 -
1714 2813 1763 2897 (ln
1784 2818 1877 2901 firmi
1899 2816 2123 2901 Argentorate·

296 2897 482 2964 excredebat
510 2900 714 2965 clristtanss
742 2900 880 2985 Mylius.
930 2900 1026 2963 dano
1050 2902 1144 2965 ¹560.
1185 2904 1250 2965 ast.
1293 2898 1331 2984 (3
1357 2903 1423 2964 toll.
1450 2918 1508 2961 uon
1538 2920 1619 2964 nam.
1648 2902 1766 2962 Stunnii
1793 2908 1878 2983 epist.
1906 2918 1937 2967 et
1963 2910 2120 2983 Eratlrraai

294 2988 411 3069 praeit
442 2986 548 3049 ttott.
570 3008 626 3047 non
649 3010 729 3050 norm.
750 2990 789 3049 G.
812 2988 931 3047 Fabricii
953 2989 991 3047 ad
1011 2988 1204 3064 Erythraeam
1226 2991 1311 3067 epist.
1333 2990 1464 3068 poetica,
1494 2988 1607 3048 'labala
1628 2990 1790 3067 generalis,
1818 3011 1896 3068 quae
1916 2999 2121 3074 complectitur

294 3091 395 3133 omnes
415 3076 603 3133 Partitionurn
625 3074 824 3134 oratoriarum
845 3075 1082 3147 subeuntium,
1109 3074 1201 3134 Micio.
1223 3076 1347 3134 'l'oxitae
1375 3077 1405 3133 io
1428 3071 1557 3132 Tabulae
1576 3074 1733 3149 Erythraei
1760 3077 1873 3153 elegiu3
1903 3077 1943 3141 12
1968 3081 2033 3145 loll,
2060 3104 2118 3145 120„

295 3178 377 3221 num.
397 3161 545 3219 Ciceronis
565 3160 738 3220 Partitiones
758 3160 909 3221 &storias
929 3178 994 3219 cum
1016 3158 1200 3235 dispositione
1219 3172 1252 3223 ct
1273 3171 1432 3233 annotatt.;
1452 3179 1484 3238 p.
1506 3157 1634 3221 1-76.
1655 3160 1787 3219 Tabulae
1807 3163 1996 3225 Partitionurn
2010 3170 2118 3229 Oruros

293 3246 402 3305 aarum
422 3246 464 3305 M.-
484 3246 522 3304 Τ.
542 3245 578 3306 C.
600 3257 631 3305 et
651 3246 837 3325 Dialogorum
857 3246 899 3306 io.
919 3244 1057 3321 sturmii,
1085 3244 1113 3303 in
1137 3244 1272 3317 easdemt
1306 3244 1345 3309 ll
1367 3245 1432 3306 loli.
1454 3264 1511 3303 oon
1533 3263 1613 3303 num.
1634 3242 1761 3325 Philippi
1781 3246 1977 3309 Melaotbonis
2003 3254 2032 3311 in
2056 3258 2119 3333 pii.

296 3349 381 3405 mam,
402 3332 599 3407 praecipuum,
620 3326 871 3399 coattestantur
891 3341 1002 3407 partera
1025 3326 1222 3387 oratoriarum
1245 3330 1433 3391 Partitionurn
1456 3330 1612 3404 (becconis,
1636 3328 1881 3409 Commentarius,
1902 3336 1982 3394 brevi
2005 3336 2119 3402 lanais

297 3416 416 3475 Saxonii
444 3414 628 3473 Haltestedii'
644 3414 826 3492 praefatione
853 3414 1027 3493 praemiosa3
1063 3410 1080 3473 1
1109 3413 1161 3473 soi.
1190 3412 1249 3472 nor
1279 3434 1357 3474 nura.
1386 3412 1484 3474 loaeb.
1514 3414 1672 3473 Camerarii
1699 3414 1794 3492 prael.
1819 3436 1846 3478 a.
1873 3416 1968 3479 tata
1995 3426 2119 3501 script„

295 3517 325 3578 p.
344 3496 494 3562 89-99.
516 3498 616 3561 Eiusd.
636 3501 663 3556 ia
687 3500 859 3558 Partitiones
871 3498 1073 3557 Ciceronianus
1086 3498 1400 3558 commentatiunculae
1421 3500 1604 3557 columnatio
1626 3498 1802 3577 impressae3
1823 3504 1878 3563 ult.
1897 3522 1966 3583 pag.
1988 3512 2064 3591 aas.)
2076 3510 2118 3593 t),

252 3619 327 3677 Huic
339 3619 534 3683 bielantbonis
555 3618 760 3682 commeatorio
780 3604 860 3678 iliam
881 3616 996 3675 ioannis
1006 3616 1124 3675 saxonii
1135 3614 1311 3675 flattesiedii
1331 3615 1542 3694 praelationem
1564 3614 1593 3676 b.
1617 3616 1638 3676 l.
1650 3618 1880 3698 praemittimus,
1901 3640 2010 3703 exque
2025 3628 2117 3695 lector

129 3704 208 3766 iuius
230 3706 330 3782 scripti
351 3705 490 3782 originem
513 3716 675 3782 eognoscat.
1136 3726 1141 3731 ·

328 3818 471 3887 Ioannes
491 3816 914 3898 Saaouiusliattestedius
937 3814 1070 3880 Lectori
1091 3812 1128 3883 S.
1148 3811 1188 3876 P.
1209 3808 1255 3875 D.

252 3947 299 4005 De
319 3945 477 4005 Partitione
498 3943 631 4004 Oratoria
653 3944 758 4004 librum
780 3926 927 4001 Ciceronis
947 3939 1040 4000 scium
1061 3938 1166 3999 eruditi
1188 3935 1394 4015 perobscurum
1415 3950 1499 4011 esse,
1522 3935 1647 4013 paurum
1667 3946 1838 4017 propterea,
1867 3942 1944 4020 qnod
1963 3945 2066 4004 (icero
2085 3951 2116 4008 in

131 4052 162 4091 uo
182 4030 323 4093 vocabula
344 4031 429 4106 artis,
450 4030 478 4087 in
501 4030 623 4088 Graecis
643 4028 834 4104 Rhetoribus,
855 4026 905 4105 qui
926 4038 996 4085 tunc
1015 4025 1169 4099 extabant,
1191 4020 1283 4095 lecta,
1304 4018 1408 4080 Latine
1429 4020 1592 4095 transtulit,
1618 4022 1716 4081 abens
1735 4042 1754 4082 a
1774 4026 1887 4103 vulgari
1908 4032 2117 4096 consuetudine

129 4118 290 4178 erctorarn
311 4115 495 4194 Latinorarn3
522 4112 632 4172 deinde
653 4114 736 4191 quia,
764 4114 817 4170 etsi
840 4128 939 4171 omnes
959 4123 1058 4188 partes
1077 4105 1253 4167 Rhetoricae
1273 4107 1303 4163 in
1325 4121 1361 4163 eo
1382 4105 1453 4165 scae
1474 4116 1506 4165 et
1526 4118 1648 4167 nouae
1668 4121 1877 4169 enumerantur
1897 4123 1985 4191 atque
2005 4115 2118 4179 deseri.

130 4206 249 4264 bruatur:
271 4213 367 4259 tamen
390 4201 527 4278 exempla
544 4216 649 4275 magna
669 4216 707 4256 ex
729 4208 815 4275 parts
838 4197 1046 4271 anatomicos,
1067 4196 1130 4252 sine
1151 4192 1255 4268 quibus
1275 4201 1433 4268 praccepta
1454 4191 1520 4251 loce
1540 4203 1650 4253 carent.
1692 4193 1817 4269 Propter
1836 4195 1911 4255 banc
1932 4215 2065 4277 musam,
2086 4221 2117 4267 et

129 4302 282 4367 praretarca
301 4286 385 4360 ideo,
404 4285 481 4363 quod
502 4285 549 4343 his
570 4283 701 4359 dialogos
719 4283 753 4341 in¹
770 4282 919 4359 plerisque
939 4281 1101 4339 academiis
1118 4275 1260 4345 iuventuti
1281 4275 1423 4335 studiosae
1445 4275 1570 4351 dicendi,
1589 4277 1706 4357 publice
1726 4276 1785 4355 legi
1805 4280 1880 4338 solet
1899 4292 1989 4359 atque
2011 4270 2116 4366 expli.

130 4379 205 4434 nari:
236 4371 389 4450 impetrari
412 4370 607 4431 aclnrissirno
627 4368 848 4445 doctissimoque
868 4367 947 4438 uiro,
974 4366 1108 4443 Philippo
1129 4356 1337 4437 Melantbone,¹
1362 4377 1428 4418 meo
1454 4379 1484 4417 ra
1506 4362 1614 4418 artabus
1635 4360 1802 4421 liberalibus
1821 4382 2015 4445 praeceptore
2035 4372 2115 4438 beno

129 4463 250 4533 nerito,
271 4470 318 4532 ut,
339 4456 483 4517 iaaandae
505 4454 664 4512 iuventutis
685 4470 778 4526 ausa,
798 4450 972 4527 potissimam
995 4453 1058 4508 eius
1079 4460 1193 4525 partem
1215 4457 1246 4504 et
1267 4446 1422 4524 plurimum
1445 4443 1623 4503 obscuritatis
1642 4444 1798 4506 habentem
1819 4456 2024 4513 commentario
2043 4459 2114 4521 illu.

130 4542 245 4605 straret.
287 4530 371 4601 littae
392 4540 443 4597 ille
466 4540 493 4597 in
517 4538 648 4595 maximis
671 4526 901 4613 gravissimisque
923 4534 1171 4611 occtrpationibus,
1196 4532 1299 4609 quibas
1319 4529 1483 4604 Ecclesiae,
1512 4530 1615 4605 reique
1633 4532 1768 4608 publicae
1789 4552 1874 4594 suun
1895 4537 2063 4619 deluatur,
2095 4567 2114 4608 a

130 4649 173 4691 sne
195 4628 319 4688 sarbinde
340 4624 554 4703 interpellatos,
575 4622 639 4681 siue
659 4622 718 4680 ulia
740 4621 1011 4697 praemeditatione,
1032 4620 1178 4697 {stansque
1199 4632 1239 4675 ex
1258 4626 1391 4692 tempore
1403 4614 1526 4691 scripsit.
1567 4614 1614 4673 us
1634 4633 1670 4675 eo
1689 4634 1747 4695 ego
1768 4631 1849 4680 recte
1868 4622 1969 4684 dicere
1986 4644 2113 4710 possm

129 4718 203 4793 qood
227 4713 266 4773 sle
285 4710 497 4770 solamentariis
518 4709 649 4768 Caesaris
670 4708 743 4765 dixit
765 4706 889 4765 Hirtiusr
923 4706 1062 4764 Caeteros
1089 4707 1207 4763 scituros
1233 4716 1315 4776 esse,
1347 4717 1434 4777 quarn
1456 4699 1532 4757 bene
1549 4712 1638 4777 utque
1662 4702 1794 4783 emate,
1823 4726 1871 4767 ane
1888 4709 1996 4785 etiam,
2027 4736 2114 4797 quam

127 4802 211 4861 tacite
233 4814 321 4877 atque
344 4795 480 4855 celeriter
501 4794 585 4871 bunc
600 4793 731 4853 libellum
752 4789 928 4869 perfecerit,
960 4791 1045 4853 scire.
1097 4789 1186 4849 carius
1214 4785 1306 4845 libelli
1333 4794 1440 4863 quanta
1466 4783 1504 4842 sit
1524 4784 1723 4865 commoditas,
1754 4786 1885 4853 biacile
1907 4794 2032 4872 ridebit,
2063 4805 2113 4883 qui

127 4882 363 4945 animadverterit
383 4881 412 4936 ia
434 4880 485 4935 iilo
507 4888 594 4936 tottrm
616 4878 825 4947 siccationem,
857 4875 1019 4950 primariam
1040 4884 1071 4931 ct
1092 4870 1289 4933 diltirillimarn
1310 4868 1381 4928 artis
1401 4868 1482 4927 istius
1503 4878 1633 4947 partem,
1662 4872 1852 4954 explicatam,
1873 4890 1904 4938 et
1924 4884 2004 4958 quast
2024 4904 2114 4963 aper.

127 4987 184 5032 tara
207 4985 297 5049 atque
317 4965 491 5044 patefactam
514 4980 588 5025 esse.
629 4964 776 5033 erantarn
797 4962 848 5020 illa
869 4960 1073 5020 caenantibus
1093 4956 1217 5032 stylum,
1244 4956 1333 5033 inque
1361 4953 1487 5013 lectione
1516 4956 1714 5034 eloquentium
1742 4963 1912 5041 scriptorum
1935 4973 2113 5032 ternariam

124 5128 328 5150 ann—*⁸⁸¹⁶

157 5229 193 5287 a)
209 5223 262 5275 tlte
278 5220 364 5273 tttser.
389 5216 568 5281 sciarstgero
588 5215 703 5277 (nanto
730 5215 755 5266 d.
771 5215 856 5265 «elan.
873 5214 1003 5281 ultiliogr.
1029 5214 1103 5263 ton.
1120 5208 1151 5263 ll.
1175 5210 1206 5261 P.
1222 5206 1243 5259 l.
1267 5222 1293 5271 p.
1309 5208 1385 5268 ute)
1410 5211 1440 5259 et
1456 5208 1562 5261 brollio
1583 5211 1741 5269 toronus.
1761 5214 1879 5265 tullian.
1903 5216 1933 5268 P.
1951 5218 1970 5271 t.
1995 5234 2021 5283 p.
2037 5224 2112 5285 aaa)

192 5291 311 5345 omittas
336 5288 418 5337 stiunt
441 5290 524 5335 entes
547 5286 643 5335 lotderu
662 5286 690 5334 tu
708 5285 753 5336 aa.
770 5284 1010 5346 crata-ntuliaas
1028 5281 1102 5332 toll.
1136 5280 1197 5333 aot.
1213 5279 1321 5342 prodllt.
1364 5280 1401 5330 u.
1419 5280 1500 5328 Mart.
1523 5277 1654 5341 utssatra
1677 5294 1782 5344 quom
1806 5284 1834 5331 tn
1859 5285 2018 5339 utulatteca
2043 5296 2112 5344 resti

189 5357 377 5426 paltosopbtsu
394 5357 467 5406 ton.
484 5355 518 5405 u.
535 5368 561 5416 p.
582 5356 655 5406 tttttt.
674 5355 742 5405 tuas
760 5353 894 5403 editiones
911 5364 976 5403 arra.
995 5348 1069 5403 rost.
1088 5352 1116 5400 ct
1135 5350 1211 5403 tuti.
1227 5351 1430 5407 unns-orat,
1449 5360 1481 5401 so
1498 5351 1589 5399 notent
1606 5353 1693 5412 errat,
1712 5349 1783 5413 quot
1799 5352 1850 5401 bas
1867 5358 2007 5409 octonaria
2022 5361 2112 5414 torma

192 5438 311 5483 uersas
327 5438 392 5475 esse
409 5425 482 5473 ttctt.
515 5424 647 5485 nanturra
663 5424 799 5485 ammons
815 5423 902 5475 ulau
921 5422 996 5475 illan
1013 5419 1162 5472 sutram
1173 5429 1201 5471 a.
1219 5416 1297 5472 tiit.
1314 5416 1371 5469 alil
1386 5419 1415 5483 st
1432 5416 1460 5467 ln
1476 5416 1602 5471 mribus
1619 5418 1709 5487 terso.

119 5509 429 5583 tractationis.
452 5507 536 5570 Vos.
558 5508 647 5571 xvi.
1479 5483 1529 5557 53
1560 5478 1564 5485 ·
