4544 5766
112 247 118 257 ,
195 187 295 265 sors
774 185 896 259 suu..
925 186 1039 261 nnn.
1072 150 1274 260 scalers
1302 178 1636 263 rumorosus
1866 173 1870 179 ’
2023 288 2024 292 p
2107 179 2206 254 soso

197 361 316 434 luisse.
365 360 494 432 Postea
516 359 728 429 nominatim
746 359 879 430 bellum
893 355 1176 430 Mithridaticum
1228 373 1347 433 autem
1362 360 1519 445 rideret,
1544 373 1717 455 quantam
1731 359 1798 431 sibi
1820 357 1955 449 negotii
1977 345 2078 425 tieret
2101 340 2209 421 alio·

199 464 404 557 amplificat,
430 476 464 532 et
477 475 745 547 commemorat,
771 487 877 557 quam
896 463 1047 547 varium,
1069 486 1177 557 quam
1228 464 1363 546 manis,
1402 464 1567 532 invitavit
1589 464 1722 533 socium
1746 458 1955 532 Sertorium.
2016 457 2070 529 lta
2094 479 2211 547 spera·

199 569 348 658 longum
380 589 422 634 ac
450 565 687 657 periculosum
721 566 838 636 luerit.
913 568 1181 638 Commemorat
1228 569 1317 637 bant
1332 565 1489 635 Romani
1504 591 1540 637 se
1555 590 1656 636 more
1671 565 1880 634 Hannibalis
1903 564 2027 633 eodem
2049 573 2210 650 tempore

202 670 298 741 enim
318 669 512 739 multorum
540 668 797 759 imperatorum
824 692 881 738 res
908 668 947 737 in
979 692 1021 739 eo
1055 680 1180 761 gestas.
1229 671 1269 739 in
1281 667 1383 738 ltalia
1399 682 1557 760 gesturos
1575 693 1648 740 esse
1660 670 1804 740 bellum.

206 765 348 868 Veram]
382 768 515 840 Omnia
543 783 626 840 sunt
654 771 755 840 valde
784 771 989 864 perspicua,
1031 784 1067 841 et
1087 771 1180 839 dicta
1333 768 1364 863 §.
1382 773 1442 843 33.
1471 772 1678 864 Consulibus]
1705 771 1835 842 scilicet
1850 769 1901 839 M.
1915 765 2081 848 Aurelio,
2109 763 2211 832 Cotta

204 887 287 946 sunt
305 873 486 942 communi
501 897 683 956 sermone,
708 896 782 942 non
798 887 880 944 sunt
896 873 1082 945 accersitae
1098 898 1182 967 pro·
1233 887 1268 944 et
1288 872 1329 942 L.
1347 872 1507 946 Lucullo.
1586 875 1820 966 calamitosae]
1852 870 1893 941 ln
1916 894 1985 965 qua
2009 890 2130 961 pugna
2147 864 2212 933 Mi-

203 977 280 1060 cul,
318 990 380 1047 aut
406 976 533 1067 longae
563 976 871 1068 amplificationes,
908 1002 965 1047 res
987 990 1071 1047 sunt
1098 975 1182 1047 satis
1233 974 1403 1048 thridates
1425 976 1544 1047 amisit
1565 977 1799 1071 qnadraginta
1821 974 1930 1044 millia
1951 971 2128 1052 militum,
2151 991 2214 1036 nec

203 1103 376 1170 magnae,
413 1078 551 1149 etiamsi
571 1079 724 1148 tenuiter
746 1079 920 1151 dicantur.
998 1082 1090 1165 and
1108 1074 1184 1176 epo]
1235 1093 1354 1149 tamen
1376 1104 1556 1172 repressus
1578 1092 1640 1152 est.
1683 1079 1839 1147 Tantum
1862 1075 1992 1145 virium
2015 1086 2051 1143 et
2074 1070 2214 1141 roboris

202 1181 421 1274 Propositio.
472 1177 714 1272 Reprehensio
731 1182 904 1272 generalis
920 1181 1082 1263 convicii,
1108 1202 1183 1270 non
1233 1179 1429 1252 habuitille
1444 1207 1516 1252 rex.
1589 1184 1708 1273 Rapis]
1732 1180 1863 1252 scilicet
1878 1179 2070 1269 Tigranae.
2116 1174 2216 1244 Post·

205 1296 290 1356 sunt
310 1287 567 1353 contemnenda
591 1284 724 1353 Graeca
745 1285 850 1355 bella.
958 1281 1184 1374 Derideatar]
1236 1311 1343 1380 quam
1359 1286 1453 1354 enim
1469 1309 1525 1354 res
1539 1308 1622 1354 suae
1636 1286 1782 1353 fuerunt
1802 1283 1970 1364 afflictae,
2003 1277 2158 1349 contulit
2182 1299 2215 1345 se

204 1385 464 1478 Argumentum
480 1388 524 1455 ab
542 1388 718 1478 exemplo:
744 1385 808 1455 llla
829 1387 920 1455 bella
944 1388 1089 1455 fuerant
1110 1407 1186 1453 ma·
1236 1391 1282 1457 ad
1302 1412 1422 1479 regem
1445 1384 1705 1484 Tigranemffl).
1787 1387 1892 1479 Repe]
1925 1381 2057 1456 scilicet
2077 1375 2216 1454 Mithri-

206 1513 276 1582 gna
292 1500 327 1557 et
340 1491 546 1579 asperrima,
567 1501 601 1557 ει
613 1514 688 1558 non
702 1489 894 1559 iudicatum
910 1501 962 1559 est
975 1490 1066 1558 bella
1080 1488 1185 1558 fuisse
1236 1492 1329 1562 date.

207 1604 303 1682 gesta
319 1615 399 1660 cum
414 1591 646 1662 mulierculis:
673 1616 757 1682 ergo
776 1616 852 1660 non
873 1593 1018 1662 suerunt
1039 1591 1130 1661 levia
1138 1589 1186 1685 ω)
1338 1588 1523 1684 captiti.
1541 1587 1641 1681 §.34
1667 1593 1729 1662 itte
1745 1587 1825 1681 rea]
1842 1580 2217 1658 scilicetMithridates.

204 1684 310 1764 bella.
387 1697 431 1764 1..
447 1697 578 1786 Scipio]
602 1695 689 1764 Post
709 1695 841 1764 bellum
862 1696 1056 1764 secundum
1077 1691 1187 1763 Puni·
1237 1695 1408 1787 Magnum
1421 1695 1488 1764 fuit
1502 1694 1648 1777 bellum,
1676 1692 1758 1786 qnia
1776 1689 1931 1760 exercuit
1941 1712 2065 1758 omnes
2078 1698 2218 1756 nostros

206 1821 288 1866 cum
309 1795 415 1887 gessit
438 1798 591 1888 populus
611 1797 796 1869 Romanus
815 1798 946 1866 bellum
969 1821 1048 1867 cum
1062 1794 1188 1864 Antio·
1237 1800 1471 1890 imperatores
1487 1797 1640 1890 Syllam,
1665 1807 1700 1864 et
1714 1793 1884 1864 Murenas
1899 1789 2219 1885 praestantissimos

206 1894 294 1983 cho,
345 1910 381 1967 et
412 1912 553 1970 senatus
586 1899 684 1970 misit
714 1898 756 1970 i..
783 1899 985 1992 Scipionem
1020 1899 1187 1969 adversus
1239 1902 1354 1984 viros,
1394 1913 1429 1968 et
1450 1895 1518 1969 hoc
1541 1910 1593 1969 est
1616 1900 1836 1966 antecedens.
1920 1899 2019 1966 Hanc
2036 1905 2075 1965 ta
2098 1895 2218 1963 asses

206 2000 314 2072 istum
323 1999 384 2096 ⁰⁴).
436 2001 529 2094 Quia
542 2014 660 2070 antem
675 2003 863 2072 verebatur
878 2002 1030 2095 populus
1045 2025 1120 2070 non
1134 2024 1189 2071 sa·
1241 2005 1334 2097 cata]
1362 2002 1605 2096 Consequens:
1631 1999 1727 2090 Ergo
1751 2001 1810 2069 ille
1830 1994 1942 2069 hostis
1964 2022 2039 2065 non
2063 2007 2119 2066 est
2142 2015 2219 2062 cou-

207 2103 252 2174 tis
266 2102 409 2172 roboris
423 2128 496 2172 esse
513 2116 547 2171 et
563 2104 701 2174 consilii
717 2105 755 2173 iu
768 2103 809 2175 L.
819 2105 1003 2197 Scipione,
1029 2104 1110 2174 ideo
1128 2105 1189 2171 ad·
1239 2108 1461 2176 temnendus.
1511 2102 1730 2196 Applicatio:
1763 2100 1917 2172 Asiatica
1936 2100 2027 2169 bella
2050 2120 2128 2167 non
2143 2105 2219 2167 sunt

207 2205 299 2275 didit
311 2205 353 2275 P.
368 2205 582 2297 Scipionem.
640 2205 692 2275 lta
715 2231 799 2299 ergo
822 2219 1109 2299 argumentatur:
1152 2205 1189 2275 Si
1240 2208 1520 2292 contemnenda,
1559 2205 1643 2300 quia
1676 2205 1790 2274 nostri
1819 2204 2054 2295 imperatores
2083 2197 2219 2289 magnis

207 2307 275 2378 tuit
289 2307 359 2376 tale
374 2308 527 2392 bellum,
553 2321 593 2377 ut
608 2321 751 2380 senatus
766 2323 906 2380 coactus
921 2311 968 2380 sit
980 2310 1110 2379 addere
1126 2311 1189 2379 du·
1240 2311 1397 2382 cladibus
1412 2334 1514 2402 saepe
1528 2307 1645 2378 affecti
1660 2320 1753 2392 sunt,
1779 2319 1815 2376 et
1826 2302 2072 2374 Mithridatem
2085 2300 2219 2392 magnis

208 2435 285 2479 cem
299 2434 477 2480 summum
493 2424 528 2480 et
543 2412 815 2503 peritissimum,
840 2413 1030 2483 verisimile
1048 2426 1099 2483 est
1116 2434 1190 2480 ma·
1241 2415 1398 2486 cladibus
1428 2413 1593 2482 affectum
1621 2423 1742 2480 tamen
1768 2433 1842 2479 non
1866 2409 2069 2500 opprimere
2100 2416 2219 2498 potue·

208 2512 343 2583 ximum
358 2513 464 2583 luisse
478 2514 621 2585 bellum.
674 2513 780 2601 ltem,
805 2516 835 2586 si
847 2517 917 2587 iuis
929 2516 1074 2600 bellum,
1095 2516 1190 2585 unde
1239 2530 1341 2588 runt:
1370 2541 1453 2607 ergo
1470 2539 1545 2585 non
1561 2512 1733 2584 iudicabis
1747 2535 1808 2582 eos
1824 2508 1987 2580 homines
2003 2509 2145 2580 molles.

209 2616 334 2686 consul
360 2639 492 2684 nomeu
521 2619 701 2701 retulerit,
742 2631 890 2710 apparet
918 2642 1085 2710 magnam
1116 2639 1190 2686 esse
1344 2619 1430 2711 Cap.
1452 2615 1558 2688 XVll.
1591 2614 1622 2708 §.
1642 2613 1703 2686 35.
1746 2621 1794 2687 At
1812 2615 1920 2707 caim]
1952 2612 2098 2683 Primus
2127 2611 2217 2678 locus

207 2742 296 2789 rem.
387 2720 465 2811 iile]
497 2719 628 2789 scilicet
659 2721 819 2793 Publius.
904 2721 1061 2812 Ferebat]
1095 2718 1189 2811 Quia
1240 2723 1307 2794 luit
1322 2724 1365 2791 de
1382 2721 1580 2791 nobilitate.
1631 2718 1791 2788 Secunda
1815 2719 1859 2786 de
1881 2728 2082 2810 quaestura.
2137 2711 2218 2780 Ter·

208 2820 360 2890 vocabat
374 2844 411 2889 se
425 2819 643 2892 Africanum.
720 2824 925 2915 Assumpsit]
947 2819 1102 2906 horest,
1126 2819 1190 2890 ho·
1241 2828 1291 2896 tio
1321 2825 1462 2894 collatio
1490 2821 1656 2893 militaris
1685 2820 1851 2892 scientiae
1874 2841 1954 2889 cum
1979 2817 2057 2888 aliis
2079 2815 2219 2885 artibus.

209 2936 306 2994 neste
328 2946 364 2993 se
389 2924 529 2994 vocavit
548 2924 764 3010 Asiaticum,
796 2926 885 2996 sicut
906 2928 1016 2994 frater
1037 2949 1074 2996 se
1097 2923 1192 2993 Afri·
1242 2929 1399 3022 Quartus
1435 2927 1534 3007 locus
1572 2922 1680 2994 habet
1713 2920 1990 2993 confutationem
2025 2914 2218 3010 argumenti

208 3025 429 3120 tenuium)
1141 3022 1145 3030 ’
1243 3029 1373 3102 Servii:
1399 3029 1507 3098 Prior
1527 3030 1641 3098 iactus
1662 3037 1714 3096 est
1737 3037 1903 3119 praetor,
1935 3048 2019 3115 ergo
2043 3022 2147 3114 prior
2167 3019 2217 3089 dess

311 3124 342 3218 ᾗ.
360 3128 420 3201 32.
446 3132 561 3222 Nepae
586 3154 662 3201 vero
684 3155 757 3200 sum
778 3128 961 3223 Africano]
993 3129 1191 3220 Exaggera-
1242 3134 1319 3204 buit
1333 3131 1410 3202 fieri
1430 3131 1564 3201 consul.
1621 3127 1745 3199 Cicero
1770 3121 1966 3298 negazhoc
1987 3137 2157 3218 oportere
2174 3145 2218 3192 εε-

210 3228 262 3298 ιίο
278 3229 443 3321 periculi:
473 3229 699 3301 Addiderunt
720 3233 894 3323 legatum,
929 3258 1000 3327 quo
1024 3234 1108 3303 urbs
1131 3255 1192 3299 ne·
1243 3237 1325 3332 qni,
1352 3234 1436 3329 quia
1454 3232 1607 3303 liberum
1623 3233 1668 3303 sit
1684 3231 1818 3323 populo
1843 3254 1884 3299 or
1911 3230 2004 3298 inem
2025 3229 2130 3297 illum
2154 3245 2219 3295 non

209 3332 342 3402 minem
359 3327 512 3402 habebat
527 3333 712 3405 meliorem
734 3349 769 3405 et
783 3335 1070 3427 prudentiorem:
1107 3358 1191 3424 ergo
1244 3342 1443 3410 observare.
1495 3338 1622 3407 Postea
1640 3335 1740 3403 addit
1754 3357 1894 3416 causas,
1927 3355 2037 3427 quare
2061 3330 2103 3399 in
2128 3353 2219 3423 prae·

208 3435 276 3505 tuit
291 3460 458 3527 magnum
473 3437 618 3508 bellum.
1243 3458 1322 3513 tura
1338 3441 1515 3510 minorem
1531 3437 1695 3509 habuerit
1709 3436 2068 3517 commendationem,
2091 3434 2131 3501 in
2147 3455 2220 3502 con·

313 3535 1193 3636 (33)·χῖ33243133]ΑΜΡῙὶἧθὸῑῐθῦθΠὶ
1243 3547 1359 3617 sulatu
1375 3569 1461 3612 vero
1478 3545 1663 3612 maiorem.
1713 3540 1849 3609 Harum
1867 3539 1976 3607 altera
1992 3550 2064 3629 est,
2091 3534 2221 3631 quiain

210 3633 455 3711 Mithridatici.
506 3641 792 3714 Hicsuntmulta
810 3639 1091 3736 cnthymemata:
1125 3641 1193 3710 Mi·
1245 3648 1416 3740 petitione
1432 3659 1619 3738 praeturae
1636 3646 1795 3712 nondum
1812 3644 1958 3711 dederat
1976 3664 2120 3710 munus.
2169 3638 2222 3707 hl-

211 3736 440 3812 thridaticum
457 3743 587 3812 bellum
603 3745 687 3827 fuit,
712 3746 750 3812 in
768 3769 839 3838 quo
857 3746 1007 3815 Murena
1026 3768 1192 3835 magnam
1244 3765 1339 3834 tera,
1367 3750 1449 3844 quia
1465 3748 1503 3818 in
1525 3746 1696 3839 petitione
1716 3758 1903 3837 praeturae
1924 3745 2086 3813 nondum
2109 3743 2223 3810 aderat

209 3844 351 3914 laudem
385 3845 623 3936 comparavit:
665 3868 750 3935 ergo
775 3870 849 3913 non
880 3848 967 3917 levis
996 3860 1048 3917 est
1079 3846 1193 3916 existi·
1245 3854 1432 3931 exercitus;
1456 3875 1551 3919 nunc
1568 3861 1684 3918 autem
1699 3848 1737 3916 in
1753 3848 1924 3939 petitione
1939 3844 2147 3917 consulatus
2168 3846 2222 3913 ad·

210 3949 341 4016 manda
366 3948 441 4018 eius
463 3947 597 4038 opinio.
700 3952 745 4018 Ia
767 3950 904 4040 Asiam]
937 3949 1068 4019 scilicet
1094 3961 1193 4031 esset,
1245 3957 1342 4027 venit
1358 3953 1540 4023 exercitus.
1592 3950 1729 4019 Deinde
1748 3951 1897 4042 opponit
1913 3949 2064 4042 gratiam
2087 3960 2222 4040 praetu-

212 4050 314 4146 quasi
330 4050 478 4120 diceret:
508 4050 545 4119 Si
560 4051 639 4119 leve
656 4050 778 4121 fuisset
791 4051 937 4133 bellum,
963 4051 1056 4143 Sylla
1074 4051 1191 4121 statim
1245 4083 1307 4128 rae
1323 4057 1515 4138 Murenae,
1541 4067 1576 4125 et
1591 4054 1803 4123 offensiones
1823 4066 2011 4149 praeturae
2026 4050 2164 4134 Servii,
2187 4073 2223 4118 ex

211 4154 452 4248 oppressisset.
505 4153 573 4223 Sed
591 4153 697 4223 rediit
713 4165 853 4222 coactus
875 4178 1090 4244 componere
1114 4179 1192 4252 cum
1246 4162 1373 4256 quibus
1390 4158 1543 4229 ostendit
1558 4170 1761 4250 praeturam
1776 4157 1928 4226 obfuisse
1945 4153 2084 4226 Servio.
2137 4157 2223 4247 Sya-

209 4257 279 4326 iliis
295 4282 439 4349 pacem,
465 4259 558 4326 unde
583 4268 733 4349 apparet
756 4279 925 4346 magnum
951 4255 1057 4326 tuisse
1078 4269 1112 4325 et
1135 4280 1195 4347 pe·
1242 4263 1388 4356 erupta]
1413 4256 1602 4354 gleichsam
1621 4257 1716 4330 heae
1741 4255 1814 4330 sich
1838 4261 1900 4330 das
1914 4258 2008 4327 Voik
2030 4253 2221 4326 vorscbrie-

209 4358 413 4430 riculosum.
492 4360 675 4450 Oceanum]
701 4354 927 4430 Mithridates
946 4358 1136 4450 imperavit
1157 4359 1194 4427 in
1245 4368 1335 4450 hen,
1360 4362 1428 4435 hoc
1445 4375 1516 4447 est,
1542 4366 1693 4456 populus
1709 4387 1781 4431 non
1805 4375 1904 4432 curat
1924 4361 2030 4432 istum
2055 4360 2223 4429 ordinem.

212 4457 330 4529 Ponto
344 4460 497 4532 Euxino.
575 4464 732 4555 Pataret]
756 4461 892 4532 Eodem
917 4475 1096 4553 tempore,
1124 4487 1195 4555 quo
1246 4467 1501 4560 Amplificatio:
1527 4465 1568 4536 lu
1587 4466 1738 4536 comitiis
1759 4489 1835 4534 non
1855 4478 2016 4535 servatur
2039 4462 2107 4532 iste
2130 4464 2223 4540 ordo,

209 4586 288 4632 cum
299 4558 505 4633 Mithridate
520 4565 674 4656 populus
689 4564 794 4655 gessit
807 4566 959 4648 bellum,
984 4564 1051 4635 iuit
1064 4564 1195 4633 bellum
1248 4583 1283 4641 et
1295 4573 1408 4641 multa
1425 4583 1596 4663 geruntur
1610 4569 1647 4637 in
1663 4567 1834 4651 comitiis,
1867 4592 2020 4661 qnorum
2042 4566 2143 4634 nulla
2168 4587 2223 4656 pe

211 4691 291 4743 cum
315 4664 474 4735 Sertorio
498 4667 535 4734 in
561 4665 800 4762 Hispania⁰⁸).
860 4668 949 4737 Cum
973 4663 1198 4737 Mithridates
1248 4687 1316 4744 test
1331 4675 1430 4743 reddi
1448 4672 1552 4742 ratio.
1621 4674 1714 4758 Quod
1727 4669 1832 4764 caim]
1859 4670 1960 4765 quasi
1974 4669 2085 4738 dicat:
2111 4670 2224 4760 Popu-

215 4808 421 4822 ·····-··
1248 4778 1303 4847 lus
1332 4774 1439 4846 habet
1465 4775 1581 4845 varias
1606 4775 1817 4844 voluntates.
1920 4772 2071 4864 ream]
2106 4773 2143 4841 id
2168 4781 2223 4850 est,

248 4887 297 4946 ει)
315 4887 403 4947 isvis]
420 4888 470 4937 ra.
487 4888 562 4941 ιεεε.
579 4889 680 4942 laevis.

250 4974 301 5031 34)
321 4974 496 5024 uocitatum
515 4977 601 5025 esta.
618 4989 645 5028 ιι.
663 4990 686 5028 c.
700 4976 761 5050 334.
786 4976 861 5037 (ιω.
874 4988 900 5033 ιι,
917 4977 1006 5037 Chr),
1047 4975 1118 5026 Vide
1138 4975 1197 5028 niv.
1282 4992 1332 5054 gg)
1350 4994 1502 5061 'pigrum'
1525 4992 1672 5046 Armeniae
1696 5005 1764 5058 m,
1796 4991 1831 5043 sd
1855 5005 1933 5056 quen
1954 4990 2131 5043 arianista·
2149 4986 2224 5040 ardo

282 5043 428 5108 mvn,
446 5043 472 5096 ²·
490 5044 525 5094 ³³
541 5057 600 5105 aas·
1320 5065 1390 5114 serlo
1408 5077 1434 5117 a
1452 5079 1479 5116 u.
1497 5077 1520 5116 ε.
1533 5064 1593 5115 sss.
1611 5062 1668 5124 (ει.
1683 5075 1710 5114 ι.
1723 5062 1803 5121 car.)
1821 5062 1907 5126 aas,
1932 5061 1992 5111 esus
2010 5072 2093 5113 :aar
2109 5063 2179 5111 sne

244 5131 314 5190 Ψ)
333 5129 505 5191 anianum]
523 5129 571 5180 ra.
587 5129 660 5180 ¹⁶⁶0-
680 5139 778 5182 errore
794 5133 920 5196 tantam
943 5128 1105 5183 Asiaticum.
1285 5147 1334 5215 ει)
1354 5149 1498 5200 strabon·
1517 5160 1612 5214 geogr.
1627 5149 1674 5199 rx.
1693 5163 1718 5210 ρ.
1731 5148 1791 5198 ωε.
1809 5147 1851 5199 ea
1869 5146 1985 5197 casus.
2003 5150 2045 5209 (ρ.
2058 5147 2120 5198 sss.
2139 5145 2180 5196 ss
2194 5143 2222 5192 a

247 5215 296 5282 33)
314 5217 380 5267 cosa
400 5215 524 5267 sertorio
550 5214 648 5266 tatium
671 5214 724 5264 tuit
747 5227 773 5265 a.
791 5228 817 5266 u.
836 5229 860 5269 c.
874 5216 1033 5270 ste-set.
1058 5218 1199 5280 (ys-..72
1319 5219 1511 5278 Atmetoveen)
1543 5218 1576 5268 ste
1605 5218 1709 5267 vicibus
1732 5217 1829 5279 Euripi
1850 5215 1988 5267 chalcidis
2011 5217 2063 5266 boc
2086 5218 2222 5266 aurem:

281 5299 306 5337 a.
324 5287 420 5347 car.);
451 5298 511 5335 oum
527 5283 685 5334 Mithridate
703 5283 758 5335 tria
776 5284 848 5335 belle
872 5288 936 5336 sunt
960 5289 1054 5351 gesta:
1084 5288 1200 5350 prinam
1318 5284 1389 5351 Περὶ
1407 5280 1435 5336 δὲ
1453 5288 1499 5348 τῆς
1514 5280 1676 5352 antedictae
1694 5285 1742 5336 rosi
1755 5281 1882 5350 Kaipiana
1894 5283 2028 5333 τοσοῦτον
2040 5279 2134 5352 μόνον
2145 5281 2222 5334 εἰπεῖν

279 5366 305 5405 ιι.
321 5369 347 5408 u.
360 5370 382 5404 c.
397 5352 555 5405 337-370.
572 5351 621 5414 (87
627 5353 736 5419 -84.),
754 5352 902 5406 secundum
919 5354 1092 5417 (stt-eta
1111 5357 1201 5419 (83-
1320 5352 1433 5417 ἱκανὸν,
1469 5352 1510 5407 ὅτι
1533 5353 1642 5412 ἑπτάκις
1664 5350 1845 5437 μεταβάλλειν
1867 5349 1940 5418 φασὶ
1961 5351 2031 5405 καθ’
2056 5351 2164 5424 ἡμέραν
2182 5342 2222 5403 sai

281 5421 357 5488 ab),
381 5421 492 5474 tertium
508 5422 667 5475 333-331.
684 5421 848 5486 (it-tw.
1320 5421 1420 5477 risza·
1437 5421 1494 5491 ,τήν
1511 5419 1540 5478 δ’
1559 5426 1653 5476 atrias
1669 5421 1701 5475 tr
1717 5421 1808 5480 altra
1825 5418 1966 5475 σκεπτέον.
