4544 5766
131 166 234 247 sors
496 168 541 244 a
588 163 869 277 manuario
882 155 1161 242 ammons
1192 163 1441 243 neruosus
1471 169 1573 246 rao
1605 173 1802 254 anona
2056 186 2157 264 soso

129 334 336 434 Xenophon
350 338 390 410 in
405 339 501 436 Cyro
514 341 669 435 colligit,
697 341 793 437 quod
807 340 921 412 multa
934 339 1006 411 sint
1020 339 1117 415 testi·
1167 363 1236 412 nae
1255 340 1365 415 Deae.
1472 350 1592 419 Vestro
1609 350 1677 442 uis]
1705 345 1831 435 πάθος
1848 354 2152 447 magnificentissi-

128 444 253 515 monia
270 445 314 515 de
329 442 407 516 Deo
424 446 462 514 in
478 445 681 540 naturaffl),
706 446 800 516 etde
816 441 958 536 opificio
972 441 1041 513 Dei
1061 442 1116 511 lo·
1166 468 1279 516 mum.
1357 448 1484 518 &aad
1497 449 1779 548 homimipncm]
1805 455 1947 550 spargit
1969 456 2008 529 in
2029 484 2152 553 perso.

129 572 244 643 qnens
264 547 304 617 in
327 547 489 619 creandis
513 543 718 619 hominihus
739 546 840 617 dicit:
876 549 997 641 σοφοῦ
1017 569 1117 625 τινος
1166 569 1231 618 nas
1247 547 1473 639 supplicium.

128 647 365 749 δημιουργοῦ
386 646 451 723 καὶ
474 645 664 748 φιλοζώου
682 642 881 744 τεχνήματι
901 651 1022 722 ταῦτα
1042 644 1115 719 ἔοι-
1267 649 1356 742 Cap.
1380 650 1520 725 XXXll.
1561 650 1592 745 ἓ.
1615 655 1677 727 86.
1719 663 1979 756 saturaretur]
2015 664 2055 734 id
2084 680 2148 754 est,

128 778 168 826 κε
183 751 246 850 ⁶⁸).
277 753 340 825 lib.
365 755 400 825 1.
431 754 476 822 de
504 753 605 823 lactis
626 765 661 821 et
680 751 784 822 dictis
801 749 968 822 Socratis.
1031 749 1113 818 Alia
1164 743 1302 822 honore
1327 754 1527 845 sepulturae
1550 760 1676 829 caruit.
1765 766 2052 860 Clarissimorum]
2084 771 2150 840 sci.

126 855 315 947 prohatio,
339 880 414 927 esse
428 855 567 940 Deum,
591 855 654 951 qui
674 855 803 947 puniat
822 852 1024 944 improbos,
1055 876 1113 922 su·
1164 853 1249 924 licet
1272 855 1565 931 Claudianorum.
1653 865 1808 957 Formas]
1840 866 1972 937 scilicet
2002 880 2148 959 statuas,

126 958 240 1029 mitur
259 960 356 1050 apud
379 954 651 1051 Xenophontem
679 982 700 1027 a
723 956 919 1027 terroribus
934 953 1113 1024 conscien-
1164 981 1253 1052 quas
1268 959 1307 1028 in
1321 959 1445 1029 sunere
1461 961 1767 1037 circumferebant.
2001 1038 2005 1042 Α

127 1060 199 1130 tiae
213 1059 279 1156 ’ἢκ
313 1060 463 1131 Constat
487 1057 684 1131 homicidas
708 1059 874 1144 stulius,
902 1055 1112 1150 perpetratis
1266 1058 1298 1154 §.
1314 1062 1376 1134 87.
1399 1067 1614 1154 Daromilr]
1639 1067 1895 1160 Exaggeratio,
1918 1094 1981 1142 cur
1994 1070 2055 1140 Dii
2063 1071 2145 1144 Clo·

126 1162 267 1254 magnis
282 1162 490 1259 sceleribus,
515 1158 703 1234 horribiles
719 1162 921 1231 animorum
938 1159 1112 1230 cruciatus
1162 1160 1262 1232 diurn
1279 1189 1299 1235 e
1318 1165 1437 1235 medio
1460 1168 1682 1238 sustulerint:
1709 1169 1803 1263 Quia
1824 1196 1932 1242 nemo
1954 1174 2045 1246 alius
2063 1200 2146 1247 eum

126 1265 318 1350 sustinere,
344 1265 482 1337 etiamsi
497 1267 596 1336 nulla
616 1261 773 1336 humana
790 1263 919 1335 iudicia
939 1273 1112 1332 metuant.
1163 1259 1348 1336 cohercere
1377 1268 1544 1359 potuerit.
1583 1268 1712 1351 ἄλλως.
1771 1272 1894 1365 Pergit
1919 1275 1958 1344 in
1991 1301 2146 1349 comme·

125 1365 191 1438 Est
205 1367 314 1459 igitur
329 1368 449 1464 aliqua
463 1393 582 1453 mens,
605 1391 698 1462 quae
713 1362 782 1437 hoc
795 1365 966 1439 iudicium
982 1363 1021 1433 in
1035 1362 1112 1432 ani·
1161 1371 1363 1440 moratione
1379 1369 1572 1462 impietatis
1592 1385 1628 1443 et
1647 1373 1818 1445 scelerum
1836 1376 1965 1449 Clodii.
2014 1377 2144 1473 Impie-

126 1470 195 1541 mis
209 1471 410 1555 ordinavit,
434 1494 526 1565 quae
540 1472 671 1563 probat
683 1482 780 1541 recta
792 1472 906 1552 iacta,
929 1479 964 1537 et
976 1465 1111 1560 impro·
1161 1481 1216 1540 tas
1258 1484 1311 1543 est
1350 1474 1525 1567 quaedam
1567 1474 1750 1546 inclinatio
1785 1478 1945 1550 saeviens
1976 1482 2144 1556 adversus

125 1573 189 1644 het
200 1597 300 1644 sectis
314 1575 418 1643 iacta.
1160 1570 1289 1646 Deum.
1338 1574 1457 1646 Pietas
1474 1589 1526 1646 est
1540 1574 1687 1669 insignis
1702 1579 1901 1650 ohedientia
1917 1605 1999 1675 erga
2014 1583 2143 1658 Deum.

133 1722 137 1727 -
228 1674 317 1769 Cap.
331 1672 454 1748 XXXI.
479 1671 511 1767 §.
525 1671 588 1746 84.
610 1677 678 1748 ttta
691 1673 760 1766 uis]
784 1671 916 1745 sufficet
935 1683 987 1742 est
1001 1668 1110 1743 Deus.
1161 1674 1306 1747 Clodius
1321 1690 1373 1748 est
1386 1677 1536 1771 impius,
1562 1675 1631 1750 hoc
1653 1694 1724 1766 est,
1747 1696 1923 1773 grassatus
1945 1697 1998 1755 est
2020 1687 2143 1773 libere,

125 1776 244 1849 Habet
256 1779 330 1848 vim
346 1778 548 1870 argumenti
561 1802 604 1848 ex
617 1777 766 1861 maiori,
792 1776 823 1848 si
838 1775 877 1844 in
888 1772 1019 1845 nostris
1032 1797 1110 1843 cor·
1160 1791 1337 1869 grassatus
1352 1792 1405 1850 est
1420 1780 1459 1849 in
1474 1783 1615 1868 omnia,
1638 1783 1720 1854 fecit
1735 1786 1857 1854 omnia
1873 1784 2030 1877 impunc.
2096 1794 2141 1862 1η

125 1881 275 1974 poribus
297 1881 389 1953 inest
409 1905 529 1965 mens,
567 1879 681 1950 multo
704 1880 816 1970 magis
843 1877 882 1946 in
902 1876 964 1946 illo
984 1873 1110 1947 mundi
1158 1883 1349 1975 tribunatu]
1381 1883 1514 1953 scilicet
1536 1888 1680 1980 quando
1707 1885 1852 1958 Clodius
1875 1887 1978 1958 eiecit
2000 1889 2141 1961 Cicero·

125 2006 291 2077 corpore.
352 1983 541 2054 Haeduae
563 1983 789 2074 negationes,
819 2004 908 2075 quas
926 1979 1030 2071 ponit
1052 1977 1109 2048 Ci·
1158 2007 1241 2053 nem
1256 1985 1401 2054 exurbe
1416 1999 1537 2056 contra
1559 2002 1701 2059 senatus
1716 1989 1947 2062 voluntatem.
2024 1994 2140 2086 Geato]

124 2109 230 2171 cero,
269 2099 355 2159 sunt
382 2086 612 2157 resolvendae
633 2085 672 2154 in
693 2082 987 2168 affirmationem,
1017 2093 1059 2152 ut
1077 2080 1107 2151 si
1158 2086 1290 2159 scilieet
1310 2110 1331 2155 a
1350 2086 1533 2161 Cicerone.
1613 2095 1760 2162 Domum
1779 2094 1991 2185 incenderat]
2014 2092 2141 2164 Obiter

123 2189 259 2259 dicam:
286 2189 325 2259 si
336 2201 499 2260 nostrum
521 2212 649 2280 corpus
666 2200 786 2258 mente
807 2185 963 2277 regitur,
993 2182 1107 2253 multo
1158 2190 1288 2282 repetit
1311 2190 1455 2262 scelera.
1553 2195 1808 2286 tondebantur]
1840 2194 1970 2264 seilicet
2002 2195 2041 2264 in
2069 2221 2140 2270 aes.

124 2291 238 2384 magis
251 2302 366 2362 totum
381 2291 508 2362 mundi
523 2315 670 2383 corpus,
695 2290 770 2375 vel,
792 2287 876 2361 Non
889 2299 941 2358 cst
954 2285 1108 2358 sentien-
1157 2295 1275 2364 Seruis
1288 2295 1496 2387 addicam]
1522 2293 1615 2386 Quia
1631 2294 1705 2386 ipse
1717 2296 1833 2365 voluit
1852 2298 2024 2367 deducere
2045 2298 2140 2369 colo·

123 2395 233 2477 dnm,
259 2395 357 2488 quod
376 2393 415 2463 in
428 2394 560 2465 nostris
577 2392 784 2486 corporibus
799 2390 846 2463 sit
860 2413 981 2473 mens,
1006 2401 1041 2458 et
1055 2401 1107 2458 ta-
1156 2394 1254 2477 nias,
1279 2407 1314 2464 et
1335 2393 1551 2486 locupletare
1576 2411 1736 2487 egentes,
1768 2410 1810 2468 ut
1829 2394 1978 2468 haberet
1996 2424 2058 2470 eos
2077 2402 2141 2473 ob·

124 2521 209 2566 men
224 2520 301 2566 non
321 2497 368 2567 sit
388 2496 427 2565 in
447 2495 610 2580 meliori,
633 2492 907 2589 praestantiori,
932 2504 969 2564 et
982 2515 1108 2584 perpe·
1156 2495 1283 2568 noxios
1301 2498 1469 2569 adversus
1489 2499 1680 2591 principes.
1768 2503 1841 2572 Hoc
1859 2501 1965 2593 arao]
1996 2501 2139 2589 scilicet,

123 2598 242 2671 tniore
263 2623 431 2691 corpore,
462 2599 540 2683 vel,
570 2595 640 2668 Ista
664 2610 786 2668 nostra
806 2619 906 2667 mens
931 2593 1106 2685 intelligit,
1156 2609 1345 2691 praeturae
1366 2623 1463 2671 suae.
1647 2618 1652 2627 '

122 2725 265 2773 necesse
281 2714 334 2772 est
348 2725 433 2793 ergo
447 2726 521 2774 esse
537 2725 678 2772 eausam
694 2698 966 2791 intelligentem,
998 2720 1019 2766 a
1035 2720 1105 2791 qua
1257 2700 1344 2792 Cap.
1358 2699 1512 2773 XXXllI.
1538 2699 1570 2795 §.
1585 2703 1646 2775 88.
1669 2707 1852 2800 Nunquam
1865 2705 1976 2796 illum]
2002 2702 2139 2796 Conge-

123 2804 269 2874 condita
283 2803 340 2876 sit.
390 2804 468 2875 Hoc
483 2817 535 2875 est
549 2805 693 2875 firmum
708 2812 976 2894 argumentum,
1000 2812 1037 2870 et
1053 2799 1106 2868 in-
1155 2801 1227 2875 ries
1241 2803 1432 2889 malorum,
1458 2830 1549 2898 quae
1564 2806 1744 2876 extiterint
1760 2805 1843 2875 vivo
1852 2805 1992 2878 Clodio.
2059 2811 2137 2879 ctr-

123 2905 275 2980 solubile
290 2905 387 2999 apud
401 2903 647 3000 philosophos.
701 2903 921 2998 impossibile
941 2900 1037 2972 enim
1054 2913 1107 2972 est
1155 2910 1433 3000 manoripciscet]
1452 2908 1491 2978 id
1505 2921 1568 2992 est,
1592 2904 1838 2980 cohercuisset.
1878 2905 2011 2993 Ironia,
2037 2908 2139 3003 quasi

124 3010 289 3080 effectum
303 3033 376 3081 esse
392 3009 638 3103 perfectiorem
662 3031 779 3080 eausa.
852 3009 1022 3102 Atouria
1043 3006 1107 3076 tac
1156 3010 1268 3080 dicat:
1301 3010 1462 3082 minime.
1519 3011 1635 3081 Antea
1657 3036 1733 3081 non
1753 3010 1872 3104 potuit
1890 3036 1973 3081 enm
1994 3024 2136 3083 senatus

122 3108 369 3210 munusue]
393 3112 501 3206 Apud
516 3109 706 3183 Isocratem
728 3107 1032 3205 frequentissimus
1054 3118 1106 3176 est
1154 3111 1335 3205 privatum
1349 3107 1555 3198 cohercere,
1575 3138 1655 3184 eum
1672 3115 1795 3184 vellet:
1829 3137 1913 3204 ergo
1937 3113 2051 3184 multo
2070 3113 2139 3183 mi·

122 3239 207 3286 usus
222 3209 328 3285 huius
341 3215 533 3299 sormidae,
559 3215 656 3286 cuius
672 3226 794 3284 extant
808 3211 967 3303 exempla
982 3210 1021 3280 in
1032 3208 1106 3280 To·
1155 3226 1341 3300 nus-tune,
1364 3241 1446 3286 cum
1460 3240 1635 3289 summam
1650 3229 1861 3309 potestatem
1876 3228 1966 3288 esset
1979 3218 2138 3308 adeptus.

121 3317 211 3410 picis
227 3319 323 3411 opud
336 3317 615 3415 Ciceronem³⁸):
646 3316 731 3390 Non
747 3328 799 3388 cst
810 3315 966 3407 legatum
980 3336 1105 3404 argen—
1154 3323 1326 3414 Nequam
1337 3317 1560 3415 oudcloffl]
1584 3316 1725 3389 Ironica
1743 3320 1987 3410 interrogatio.

123 3433 221 3505 tum,
253 3433 289 3489 et
308 3444 383 3490 non
405 3435 457 3493 est
472 3423 588 3513 legata
602 3431 788 3490 numerata
811 3416 980 3510 pecunia;
1011 3417 1106 3507 lega·
1257 3417 1290 3511 §.
1304 3419 1365 3491 89.
1395 3418 1567 3516 ΥιηΜ)
1582 3422 1807 3514 morem]
1823 3422 1954 3492 scilicet
1968 3421 2007 3493 C.
2017 3419 2137 3490 Vibie-

122 3535 200 3595 turn
217 3534 338 3592 autem
351 3537 537 3615 argentum
552 3535 621 3594 est:
649 3523 765 3614 legata
789 3519 897 3611 igitur
918 3529 1104 3589 numerata
1155 3544 1256 3593 num.
1328 3526 1493 3595 Nerulum
1514 3521 1662 3617 esseffl)]
1695 3522 1750 3592 De
1769 3524 1851 3593 Seio
1875 3523 1977 3617 loqui
1996 3521 2137 3591 Cicero-

121 3624 273 3717 peeunia
290 3638 354 3696 est.
403 3627 491 3697 Tale
507 3625 705 3717 exemplum
721 3635 790 3694 est:
815 3621 950 3692 Etnon
965 3620 1004 3689 in
1020 3618 1112 3689 artie
1154 3648 1238 3692 nem
1260 3622 1429 3715 opinatur
1452 3620 1546 3695 Phit
1561 3625 1666 3709 Met,
1697 3625 1727 3696 si
1747 3649 1822 3694 non
1844 3639 1897 3697 est
1911 3627 2081 3695 mendum
2098 3624 2136 3692 in

121 3728 187 3800 hus
201 3727 323 3821 parvis
337 3752 425 3822 opus
443 3742 496 3800 est
509 3727 727 3812 imitatione,
759 3737 795 3797 et
807 3749 882 3794 non
897 3737 950 3796 est
963 3747 1053 3815 opus
1066 3722 1105 3791 in
1155 3722 1222 3795 hac
1244 3725 1408 3798 lectione.
1467 3725 1517 3797 At
1535 3727 1567 3798 si
1589 3727 1716 3819 legeris
1735 3738 1935 3814 tractatum,
1969 3731 2013 3798 de
2028 3727 2137 3797 Pom-

123 3825 180 3902 his
194 3831 355 3904 summis.
429 3837 482 3904 Eo
496 3827 566 3929 uis]
593 3831 724 3901 scilicet
744 3828 804 3901 illa
827 3851 927 3898 mens
948 3838 1104 3897 aeterna.
1155 3828 1239 3921 peio
1263 3840 1316 3898 est
1340 3829 1589 3922 intelligendus
1603 3832 1714 3903 locus.
1788 3834 1936 3923 hattus
1952 3829 2137 3920 Clodianis]

121 3931 289 4026 Applicat
302 3934 419 4005 locum
435 3957 660 4004 communem
674 3934 720 4002 ad
732 3956 833 4002 suam
848 3922 1073 4024 hypothesin.
1154 3929 1291 4001 Alludit
1319 3928 1449 4004 iterum
1477 3936 1524 4003 ad
1544 3936 1657 4028 legem
1680 3936 1724 4004 de
1744 3933 1992 4003 libertinorum
2012 3929 2137 4002 suffra·

228 4032 260 4127 5.
276 4034 338 4108 85.
362 4041 442 4108 Noa
456 4030 680 4132 calomano]
695 4032 1002 4126 Prosopopoeiae‚
1028 4029 1105 4126 qui-
1155 4030 1288 4132 giis”).

122 4138 189 4209 hus
203 4140 333 4230 repetit
347 4136 814 4231 superioremsententiam,
845 4136 941 4207 Deos
956 4158 1029 4205 esse
1044 4158 1105 4203 au·
1257 4134 1289 4228 §.
1309 4133 1372 4209 90.
1407 4140 1519 4212 serto
1541 4138 1669 4229 Clodio]
1699 4135 1837 4207 Rursus
1864 4135 1999 4228 spargit
2020 4133 2059 4201 in
2079 4155 2135 4201 re·

122 4253 220 4311 tores
232 4236 337 4312 huius
352 4242 488 4326 caedis,
515 4253 635 4335 estque
659 4251 895 4311 commutatus
910 4260 1026 4310 sermo
1041 4260 1106 4329 per
1154 4236 1271 4335 liqu'as
1304 4262 1476 4331 personas
1512 4240 1698 4310 audaciam
1732 4250 1768 4308 et
1798 4237 1973 4307 malitiam
2008 4233 2136 4308 Clodii.

122 4338 377 4436 apostrophen.
478 4343 686 4436 Religioncs]
724 4339 759 4409 A
785 4339 905 4431 signis.
971 4338 1106 4425 Minor,
1155 4340 1375 4432 sanctitatis]
1406 4340 1538 4412 scilicet
1569 4341 1716 4413 curiam.
1804 4341 1858 4412 At
1891 4340 1973 4431 uno]
2006 4337 2137 4410 seilicet

121 4445 270 4518 Clodius
284 4447 352 4517 iuit
366 4445 509 4538 impius.
584 4442 877 4540 commovissem
902 4441 1021 4528 idest,
1046 4465 1106 4534 ga·
1155 4443 1261 4516 Sexto
1283 4442 1423 4516 Clodio.

119 4549 221 4620 visae
234 4561 317 4620 sunt
338 4572 434 4619 arae.
514 4547 692 4639 Videntur]
726 4545 858 4616 scilicet
876 4546 1019 4639 quando
1042 4568 1105 4613 vo-
1258 4542 1290 4636 ῇ.
1307 4543 1368 4617 91.
1402 4547 1447 4616 at
1467 4543 1644 4640 suntque]
1674 4541 1914 4628 Invidiosnm,
1949 4566 2021 4638 quo
2044 4552 2138 4612 exte·

119 4664 223 4724 catus
236 4651 340 4723 estin
353 4648 523 4722 iudicium
537 4662 685 4743 propter
698 4648 871 4719 violatum
886 4670 1024 4719 sacrum
1034 4644 1106 4716 Bo·
1154 4660 1245 4720 nuat
1257 4649 1414 4718 caedem.
1458 4679 1462 4687 ·
1492 4650 1640 4720 Taccont
1653 4651 1695 4717 dc
1709 4645 1820 4741 cumo]
1846 4645 1977 4718 scilieet
1991 4642 2058 4716 hoc
2075 4645 2136 4714 de·

1154 4805 1359 4821 m

157 4855 209 4915 tt)
226 4853 307 4907 cons.
323 4852 448 4917 xersis.
466 4850 622 4917 cyrone.
638 4848 713 4916 ΠΗ,
729 4847 758 4916 ⁷³
775 4847 802 4900 ³·
822 4849 851 4900 θ*
866 4848 903 4899 ⁸¹·
1187 4884 1237 4944 so)
1253 4882 1392 4946 maetas]
1410 4880 1451 4935 sa
1467 4884 1517 4935 ra.
1531 4882 1624 4950 assa,
1645 4884 1695 4938 ru.
1714 4883 1802 4938 oren
1818 4884 1938 4939 contat.

156 4935 480 5072 Ἢεῗῦεοῖιῖἳῗῖἶ
494 4937 605 5057 {till
619 4935 711 5055 ¹5th
734 4935 814 5052 itt?
815 4932 909 5054 'llll‘
911 4933 1106 5123 '3122ss
1187 4986 1237 5046 σι)
1256 4986 1374 5047 cans]
1392 4984 1434 5037 a.
1449 4985 1501 5037 n.
1514 4985 1590 5036 ms.
1607 4986 1636 5037 et
1652 4987 1706 5051 us
1730 4987 1780 5039 rs
1800 4984 2055 5055 orationum

191 5077 268 5210 ff*
286 5073 361 5127 πάνυ
379 5073 448 5127 ‘⁰⁸²⁶
464 5073 551 5126 wita
568 5072 661 5142 σοφοῦ
683 5085 757 5130 τινος
773 5067 923 5140 travano
957 5066 1005 5122 καὶ
1022 5067 1106 5138 ‹pns-
1187 5087 1238 5148 aa)
1254 5085 1411 5150 suarm]
1429 5087 1469 5137 no
1484 5086 1535 5140 aa.
1550 5086 1627 5140 ross.
1644 5088 1673 5139 st
1688 5087 1742 5153 n,
1756 5088 1815 5158 aa.
1833 5086 1920 5141 orsu.
1936 5088 2083 5140 aaaron

159 5231 210 5300 »η
228 5161 449 5294 ttttttt..
725 5226 748 5292 .‚
765 5230 793 5294 ⁴,
813 5227 916 5292 su
1187 5184 2136 5323 ‘traaaac'aatra”tannasara

158 5318 209 5378 56)
227 5316 306 5370 00¹¹!-
324 5315 381 5367 0¹⁰·
402 5316 468 5377 ΤθΡ·
485 5312 514 5378 ³2
534 5312 575 5364 ¹⁶·
1224 5327 1257 5375 ut
1280 5324 1333 5388 tpst
1355 5338 1416 5376 cun
1438 5326 1566 5389 tngcnutr
1587 5324 1739 5390 munitor
1762 5323 1895 5388 suffragts
1923 5323 2048 5389 terreum
2080 5321 2135 5374 rib

160 5403 211 5467 w)
229 5399 435 5462 domuisse]
452 5397 494 5451 sto
509 5397 560 5450 ut
573 5396 668 5464 titas
688 5396 741 5451 ld.
753 5396 840 5452 orell.
856 5407 1019 5452 mmm·
1227 5393 1326 5448 orauit
1343 5397 1372 5447 et
1387 5393 1492 5511 ”⁸¹22
1506 5394 1650 5501 {incunt
1668 5392 1785 5447 rutum.
1808 5392 1839 5445 P.
1851 5392 1898 5444 ut
1914 5405 1941 5458 p.
1956 5392 2014 5446 tot.
