4544 5766
133 189 211 269 ³05
512 186 570 264 tlt
610 186 895 263 Enauua'rto
926 184 1055 263 ttttttl
1079 185 1107 261 1.
1138 184 1428 267 urruoouuu
1460 185 1793 277 ttttsro'tfflu·
1810 212 1885 276 r
2080 208 2155 282 ooo

134 378 195 435 aut
210 359 361 435 caeteris
379 362 533 431 externis
548 363 664 433 honis.
728 361 866 447 David,
900 362 1014 456 Cyrus
1040 374 1122 433 suut
1172 359 1369 430 Levitatem
1385 374 1490 430 vocat
1505 388 1581 433 non
1603 381 1769 459 appetere
1790 369 1963 460 gloriam,
1996 374 2065 450 hoc
2090 399 2153 470 est,

131 467 251 550 beati,
278 466 420 537 etiamsi
435 467 546 534 multa
571 466 683 535 tristia
710 465 875 535 accidunt
898 480 933 535 et
956 465 1060 556 ipsis,
1087 477 1122 533 et
1172 488 1248 534 non
1262 465 1377 533 vereri
1391 464 1569 534 bonorum
1587 467 1729 588 iudicia.
1770 470 1816 540 Et
1831 477 1876 542 ad
1886 477 2002 551 Galat.
2013 483 2049 569 6,
2063 485 2151 582 (4.):

130 570 268 640 liberis.
321 567 414 660 Quia
429 563 517 638 haec
531 582 659 637 natura
680 562 867 638 hominum
891 569 1046 638 subiecta
1071 579 1122 636 est
1172 565 1283 636 Suum
1309 591 1397 658 opus
1422 567 1569 662 quisque
1590 570 1767 665 inquirat,
1791 588 1828 694 et
1847 589 1931 698 tunc
1956 582 2051 655 inse
2075 593 2152 662 solo

130 670 189 744 his
202 671 465 741 calamitatibus
479 683 628 761 propter
642 684 837 762 peccatum.
1172 669 1422 759 gloriationem
1452 666 1614 754 babebit,
1653 698 1693 742 ac
1718 700 1792 744 non
1818 703 1854 745 m
1880 684 1962 754 alto.
2019 686 2060 758 ld
2083 707 2151 764 est:

223 773 432 853 Aristoteles
447 787 566 842 autem
582 773 793 863 intelligens,
809 787 983 866 quantum
998 796 1120 841 omnes
1171 771 1279 840 Suam
1314 772 1462 865 quisque
1494 775 1744 848 conscientiam
1775 794 1967 900 scrutetur,
2002 817 2153 890 eumque

128 876 214 949 sani
233 875 434 946 afficiantur
456 876 652 945 liberorum
676 876 847 959 miseriis,
881 900 975 970 aptas
1001 888 1121 944 tamen
1172 874 1238 942 erit
1264 872 1339 944 sine
1361 874 1460 957 labe,
1484 870 1630 946 habebit
1644 881 1814 969 gloriam,
1839 887 1874 952 ld
1894 901 1962 972 est,
1989 919 2153 991 compro.

129 981 296 1073 perferre
318 1002 457 1049 necesse
482 991 553 1062 est,
594 991 635 1046 ut
656 992 817 1048 nostram
838 991 1011 1062 mortem,
1046 1001 1120 1047 non
1170 976 1352 1045 bationem
1376 1002 1497 1045 reram
1520 981 1716 1066 factorum,
1757 1010 1822 1053 nec
1846 996 2079 1082 aucupabitur
2103 1004 2154 1071 la-

131 1095 254 1175 potest
269 1106 306 1150 se
322 1081 513 1173 explicare,
539 1082 600 1151 sed
618 1081 729 1150 eludit
745 1081 1002 1173 quaestionem.
1053 1079 1120 1147 Fa·
1171 1104 1287 1163 mam,
1312 1080 1368 1148 vel
1384 1104 1425 1148 ex
1440 1081 1555 1149 aliena
1572 1086 1821 1171 assentatione,
1846 1094 1902 1159 vel
1922 1120 1963 1162 ex
1981 1100 2155 1174 obtrecta-

130 1199 233 1256 tetur
253 1184 430 1274 pertinere
457 1185 502 1252 ad
525 1183 682 1272 singulos
702 1208 849 1253 suorum
880 1208 997 1265 casus,
1037 1182 1119 1275 quia
1172 1182 1269 1251 tione
1294 1182 1459 1251 aliorum.
1497 1183 1620 1300 ‘Haec
1645 1193 1823 1274 recensui,
1857 1206 1896 1262 ut
1918 1198 2069 1275 sciamus
2095 1233 2154 1276 ve·

130 1286 295 1357 amicitia
315 1311 357 1354 ex
371 1286 491 1355 multis
511 1309 622 1354 unum
647 1287 762 1355 ellieit.
814 1283 969 1379 ldeoque
992 1285 1121 1353 dicitur
1172 1309 1248 1352 ram
1284 1286 1621 1407 comprobationem·
1645 1305 1789 1362 nostrae
1823 1299 2076 1392 conscientiae,
2120 1322 2156 1380 et

127 1387 180 1463 vd
196 1392 322 1486 φιλῶν
336 1387 509 1481 xotvot‘ffl).
562 1389 631 1457 Sed
652 1402 772 1457 tamen
796 1388 933 1483 inquit,
965 1388 1025 1457 illa
1046 1410 1121 1455 non
1173 1388 1326 1456 aliorum
1342 1401 1436 1456 reete
1452 1389 1705 1477 urdtcantnun,
1738 1409 1831 1466 recte
1854 1405 1974 1494 appeti
1998 1421 2032 1476 et
2054 1424 2155 1481 tuen-

127 1492 183 1563 sic
201 1493 251 1560 ad
267 1490 400 1561 amicos
416 1491 606 1581 pertinere,
633 1504 673 1560 ut
689 1516 730 1559 ex
745 1491 857 1561 beatis
872 1491 1034 1573 miseros,
1060 1501 1123 1557 aut
1172 1492 1255 1558 dam
1272 1514 1356 1559 esse.
1407 1490 1475 1558 Sed
1491 1515 1565 1559 iton
1580 1495 1788 1569 dimicemus
1803 1503 1845 1570 de
1861 1497 1927 1574 hac
1945 1519 2156 1603 comproba-

128 1606 285 1665 econtra
316 1617 358 1661 ex
387 1593 524 1662 miseris
546 1595 669 1663 beatos
693 1593 855 1664 efficiant.
928 1593 1039 1660 Addit
1061 1617 1121 1661 au-
1173 1593 1270 1660 tione
1295 1616 1356 1661 seu
1374 1593 1418 1661 de
1441 1593 1562 1676 laude,
1595 1598 1670 1667 sine
1698 1603 1815 1673 rebus.
1874 1604 1968 1678 Haec
1994 1619 2155 1706 quaestio

132 1712 211 1767 tem
230 1709 264 1766 et
282 1695 389 1763 aliam
407 1695 651 1788 quaestionem
666 1697 846 1779 interesse,
863 1708 984 1765 utrum
1000 1695 1122 1763 siren·
1174 1695 1258 1763 alibi
1277 1696 1441 1784 agitanda
1461 1696 1527 1765 erit
1549 1699 1592 1768 de
1611 1702 1743 1790 gloria,
1771 1707 1952 1794 videlicet,
1979 1721 2077 1807 quod
2098 1747 2156 1790 ex.

133 1801 235 1870 tibus
247 1798 410 1866 accidant
426 1798 560 1881 tristia,
588 1822 635 1864 an
651 1799 813 1868 mortuis.
866 1798 916 1866 Ut
929 1799 1042 1886 magis
1066 1822 1122 1866 ex·
1173 1799 1324 1889 peteuda
1340 1797 1385 1866 sit
1403 1802 1647 1888 comprobatio
1664 1808 1831 1897 propriae
1848 1814 2095 1905 conscientiae,
2122 1838 2157 1894 et

133 1903 342 1973 cruciarunt
357 1899 555 1989 Augustum
571 1901 736 1993 filicem),
763 1924 870 1994 quam
885 1901 993 1972 Nero.
1047 1899 1124 1967 Ma·
1175 1901 1326 1969 aliorum
1343 1913 1437 1969 recte
1453 1901 1704 1991 iudicantium,
1731 1932 1796 1979 uec
1812 1917 2052 1990 confirmanda
2069 1927 2157 1998 salsa

131 2007 190 2096 gis
216 2003 431 2073 excruciavit
452 2002 626 2071 Davidem
647 2002 824 2085 Absalon,
858 2003 1123 2095 quamlllauas-
1176 2004 1317 2094 opinio,
1342 2005 1550 2094 praesertim
1571 2032 1650 2077 cum
1675 2007 1762 2080 haec
1784 2031 1932 2108 propter
1956 2029 2157 2119 exemplum

130 2133 202 2180 ses.
254 2106 323 2174 Sed
340 2105 518 2175 conclusio
535 2103 734 2175 Aristotelis
750 2118 812 2188 est,
838 2103 1035 2196 Augustum
1050 2129 1124 2172 non
1175 2119 1312 2174 noceat.
1363 2106 1470 2197 Quod
1485 2109 1785 2184 veroAristotelcs
1799 2144 1894 2188 nunc
1909 2125 2085 2216 disputat,
2111 2157 2159 2202 an

132 2221 330 2302 propterea
358 2207 528 2278 miserum
560 2208 668 2290 ellici,
711 2208 849 2276 etiamsi
881 2222 1003 2299 postea
1027 2208 1123 2279 Nero
1175 2208 1357 2277 beatitudo
1373 2209 1418 2277 sit
1434 2235 1488 2280 res
1503 2213 1700 2301 laudanda,
1725 2218 1850 2290 alludit
1865 2226 1909 2292 ad
1925 2241 2080 2301 veterem
2095 2235 2159 2304 ali‘·

133 2316 342 2403 degenerat,
1177 2336 1285 2405 <partam
1306 2312 1593 2398 altercationem,
1637 2331 1670 2387 et
1694 2321 1861 2393 discernit
1882 2328 2081 2420 laudanda,
2124 2352 2159 2409 et

1176 2410 1314 2481 bonore
1345 2414 1546 2485 allicienda:
1589 2419 1721 2490 Virtuti
1747 2425 1872 2496 tribuit
1902 2432 2064 2522 laudem,
2098 2442 2159 2511 sed

1176 2516 1430 2585 beatitudinem
1447 2519 1596 2587 collocat
1611 2523 1704 2592 inter
1718 2551 1773 2596 res
1788 2524 1926 2603 bonore
1946 2539 2159 2628 alliciendas,

1177 2617 1283 2688 sentit
1298 2618 1405 2709 igitur
1421 2615 1594 2691 honorem
1617 2649 1709 2712 esse,
1736 2652 1809 2697 non
1833 2645 1972 2707 tantum
1995 2667 2159 2737 compro·

1177 2722 1356 2789 bationem
1379 2734 1473 2790 recte
1496 2727 1690 2813 laetorum,
1723 2735 1783 2803 sed
1807 2734 1913 2805 etiam
1935 2768 2042 2835 supra
2066 2743 2159 2818 hanc

514 2514 651 2626 Caput
666 2518 762 2605 XII.

243 2682 285 2754 ln
306 2681 470 2753 omnibus
492 2680 632 2773 scriptis
654 2681 840 2771 diligenter
865 2682 1125 2752 observandum

140 2805 203 2875 est,
223 2810 316 2884 quae
331 2785 402 2856 sint
418 2783 629 2875 praecipuae
645 2795 680 2852 et
694 2784 796 2853 utiles
810 2786 991 2855 materiae.
1025 2785 1126 2876 Quae

141 2895 226 2962 item
246 2890 416 2959 accedant
438 2887 573 2968 obiter,
606 2899 646 2955 ut
667 2911 806 2978 semper
830 2882 970 2956 scholae
995 2883 1128 2956 babent

82 3020 85 3025 ·
143 2996 260 3089 aliqua
279 2984 461 3086 πάρεργα.
499 2989 577 3056 Hoc
592 3000 698 3078 caput
715 2989 959 3082 quaestionem
977 2991 1125 3060 otiosam

145 3097 321 3167 continet:
347 3091 405 3160 Au
419 3091 601 3159 beatitudo
620 3090 665 3159 sit
681 3114 738 3160 res
752 3091 949 3176 laudanda,
975 3118 1021 3160 an
1042 3117 1127 3162 vero

145 3196 282 3270 bonore
298 3193 494 3264 afficienda.
545 3190 650 3262 Levis
670 3206 721 3261 est
743 3195 998 3264 vocabulorum
1023 3195 1128 3264 cavil-

146 3303 242 3372 latio.
271 3294 456 3367 ·Laudem
476 3295 600 3364 tribuit
615 3290 782 3365 humanis
805 3296 939 3367 viribus
963 3311 998 3367 et
1020 3298 1128 3366 actio-

148 3404 267 3487 nibus,
292 3413 328 3469 et
344 3401 441 3494 quod
456 3400 499 3466 ad
516 3397 671 3466 actiones
687 3397 833 3482 attinet,
859 3401 999 3468 definiri
1013 3412 1129 3492 potest

149 3503 212 3577 ltoc
226 3506 351 3575 modo.
403 3500 498 3569 Laus
518 3512 570 3570 est
595 3501 840 3591 comprobatio
864 3527 1007 3585 eorum,
1038 3528 1129 3597 quae

150 3612 233 3681 liunt
251 3618 355 3677 recto
379 3602 531 3685 iudicio,
574 3625 684 3694 eaque
712 3603 928 3694 praedicatio
953 3606 1129 3696 duplicem

151 3708 251 3783 habet
264 3711 395 3789 linem,
421 3718 461 3774 ut
477 3716 580 3773 ornet
594 3704 782 3789 iacientes,
810 3719 844 3774 et
860 3703 935 3802 sir)
960 3707 1031 3776 sint
1046 3732 1129 3776 vera

79 3802 82 3819 i
152 3814 273 3887 iudicia
289 3806 493 3890 hominum,
515 3819 667 3889 tueatur,
694 3820 728 3876 et
745 3808 871 3877 invitet
887 3810 975 3879 alios
990 3812 1035 3878 ad
1051 3811 1130 3879 imi-

155 3918 331 3987 tationem.
384 3908 469 3979 Ideo
488 3912 681 4000 expetenda
700 3924 751 3979 est
768 3913 812 3980 ab
828 3912 993 3982 omnibus
1015 3913 1131 3994 bonis,

156 4018 250 4113 quia,
284 4029 326 4087 ut
342 4014 472 4097 vitam,
503 4025 542 4081 ut
563 4013 697 4080 bonam
719 4013 960 4083 valetudinem
984 4016 1073 4084 velle
1099 4027 1132 4083 et

78 4090 90 4127 Ξ
158 4132 311 4215 expetere
342 4113 526 4197 convenit,
557 4114 605 4181 ita
630 4115 795 4182 convenit
820 4115 930 4199 velle,
960 4130 1001 4186 ut
1024 4119 1133 4188 simus

90 4291 93 4295 .
160 4222 364 4303 incolumes,
391 4231 426 4287 et
439 4220 557 4286 locum
574 4215 612 4283 in
628 4216 794 4286 societate
811 4217 905 4287 civili
920 4213 1153 4289 conveniens

162 4336 433 4395 temteneamus.
485 4318 624 4387 Deinde
645 4332 807 4389 nostrum
832 4323 1030 4414 exemplum
1055 4323 1134 4392 aliis

165 4430 320 4519 prodesse
336 4425 451 4493 debet.
492 4419 574 4490 ldeo
591 4434 684 4490 recte
701 4422 913 4507 dictumest,
940 4425 1034 4493 bona
1053 4451 1135 4495 con-

167 4530 295 4599 scientia
311 4526 417 4597 nohis
437 4549 525 4616 opus
539 4537 608 4607 est,
641 4525 737 4592 bona
759 4526 852 4594 farma
880 4526 1066 4619 proximo;
1102 4541 1137 4596 et

102 4674 110 4683 ·
170 4628 392 4723 irtragocdia
407 4626 560 4698 Senecae
572 4624 619 4719 ³⁷)
636 4625 781 4696 dicitur:

237 4750 324 4811 berit
346 4758 410 4823 est,
442 4760 498 4815 uec
518 4744 602 4802 illum
624 4745 754 4804 stimulat
776 4747 886 4824 gloriae
907 4748 995 4807 decus
1006 4745 1067 4831 ³⁸).

75 4910 105 4994 ’.
199 4932 241 5002 δ)
257 4935 337 4989 conr.
353 4942 443 4996 sopra
459 4944 485 4996 p.
501 4930 561 4984 aaa.
578 4933 645 4979 nota
662 4930 701 4979 ts.

74 5020 79 5029 ’
99 5030 117 5047 “
201 5020 243 5083 8)
255 5022 324 5075 tetis
340 5019 416 5085 ¹11⁸,
434 5029 518 5081 quum
531 5019 566 5069 ota
584 5018 669 5067 vitem
686 5017 859 5066 titidtuosrm
876 5022 955 5080 pater
973 5019 1055 5069 exttto
1072 5020 1144 5070 mut-

73 5300 120 5341 ni

83 5378 121 5411 t

205 5096 328 5238 *lebt'ill
346 5174 388 5224 stc
406 5175 481 5223 recte
498 5170 547 5221 ud
564 5172 656 5227 idda:
687 5172 733 5220 Ed.
751 5171 825 5221 4546.
845 5170 907 5222 etsi.

206 5258 246 5319 ll)
261 5266 384 5314 &nme
402 5258 535 5308 Hercules
555 5258 683 5309 oetaeis.
708 5261 767 5306 Aet.
783 5258 813 5306 n.
832 5271 859 5310 v.
873 5259 933 5309 416.

208 5342 247 5415 ὃ)
261 5346 385 5397 αῖιιιῖιῖ
408 5343 515 5405 gloriae
538 5341 644 5422 decus]
669 5341 906 5419 areunculam.
925 5344 953 5393 et
974 5342 1065 5409 mog
1096 5347 1148 5395 se.

233 5426 297 5467 m
312 5412 440 5477 uertunt:
467 5410 576 5475 glortse
592 5414 713 5459 rtrmutat
731 5410 822 5464 ἀοῖον.

190 5497 351 5566 lunsru.
373 5496 482 5561 orsu.
506 5494 591 5558 Vos.
613 5495 704 5557 xtt.

1179 2824 1506 2914 comprobationem
1525 2823 1671 2899 evehere
1694 2835 1803 2904 alium
1827 2863 1932 2932 supra
1959 2871 2043 2931 nos,
2070 2863 2105 2918 et
2127 2853 2160 2920 ei

1179 2940 1348 3019 tanquam
1374 2929 1550 3018 superiori
1575 2933 1688 3004 officia
1710 2936 1829 3032 aliqua
1854 2939 2029 3020 exhibere.
2088 2952 2161 3023 Eu-

1178 3028 1377 3124 stratiustt)
1396 3031 1553 3102 breviter
1568 3035 1751 3123 discernit:
1787 3042 2004 3134 Laudanda,
2030 3053 2159 3149 iuquit,

1180 3157 1253 3202 esse
1269 3128 1445 3217 bumana,
1473 3134 1593 3206 divina
1610 3148 1695 3209 verb
1716 3137 1861 3217 ¹bonore
1883 3153 2085 3242 allicienda,
2122 3171 2162 3229 ut

1179 3235 1367 3304 Trebatius
1375 3234 1422 3330 ⁴⁰)
1442 3238 1564 3309 laudat
1579 3240 1817 3338 eloquentiam
1835 3250 2027 3328 Ciceronis.
2094 3259 2163 3330 Sed

1180 3337 1329 3427 Augusti
1343 3362 1398 3408 res
1413 3344 1583 3410 secundas
1598 3349 1710 3436 magis
1722 3353 1886 3442 suspicit,
1912 3381 1953 3427 ae
1974 3359 2049 3450 regi
2073 3363 2163 3430 divi-

1180 3441 1276 3509 nitus
1289 3439 1433 3510 iudicat.
1482 3441 1638 3538 ldeoque
1654 3449 1852 3540 Augustum
1875 3452 2013 3530 honore
2034 3466 2162 3536 adficit.

1181 3542 1349 3611 Decernit
1366 3542 1474 3631 igitur
1487 3545 1693 3621 Aristoteles
1710 3554 1964 3630 beatitudinem
1982 3589 2054 3634 esse
2070 3566 2164 3637 iuter

1181 3670 1237 3714 res
1260 3640 1399 3712 bonore
1423 3648 1654 3735 adficiendas,
1689 3655 1724 3723 id
1750 3671 1818 3743 est,
1851 3666 2163 3756 magnifaciendas,

1183 3762 1352 3841 tauquam
1368 3772 1474 3838 supra
1493 3776 1718 3827 communem
1743 3755 1930 3834 hominum
1952 3782 2083 3841 sortem
2101 3799 2164 3864 po-

1182 3851 1277 3921 sitas.
1329 3850 1489 3920 sednon
1515 3858 1642 3926 addam
1665 3860 1863 3952 longiorem
1888 3874 2164 3960 enarrationem,

1184 3953 1266 4046 quia
1283 3949 1340 4021 hie
1355 3952 1452 4024 locus
1464 3956 1664 4030 Aristotelis
1688 3977 1826 4039 tantum
1847 3971 1997 4043 otiosam
2024 3977 2164 4045 cavilla-

1184 4057 1319 4124 tionem
1336 4059 1590 4132 vocabulorum
1605 4066 1773 4140 continet.

1219 4409 1269 4468 39)
1288 4411 1444 4464 Eustratius
1475 4421 1649 4481 metropottta
1671 4422 1807 4474 nicaenus
1836 4426 1907 4478 vixit
1935 4429 2046 4483 ineunte
2073 4436 2166 4488 uculo

1257 4479 1430 4548 duodennio,
1456 4485 1605 4546 insperante
1622 4491 1719 4540 Atexto
1737 4492 1891 4561 comneno,
1919 4500 1995 4548 cratus
2013 4502 2069 4553 atta
2087 4506 2166 4557 Anna

1257 4548 1397 4600 comnena
1417 4553 1441 4601 et
1461 4555 1511 4603 too
1528 4556 1623 4626 tribuit
1639 4560 1774 4622 elogium:
1800 4560 1871 4628 ἀνὴρ
1887 4562 1923 4615 ut
1940 4582 1968 4617 τε
1985 4570 2050 4619 θεῖα
2067 4571 2167 4658 copie,

1258 4614 1305 4667 καὶ
1323 4613 1356 4666 cci
1376 4614 1502 4684 θύραθεν
1525 4623 1618 4672 αὐτῶν
1640 4624 1687 4676 tat
1711 4631 1770 4687 ταῖς
1792 4629 1923 4692 dictitent
1947 4635 2071 4702 μᾶλλον,
2101 4660 2116 4704 η
2141 4643 2170 4694 οἱ

1259 4682 1324 4750 περὶ
1341 4682 1392 4747 τήν
1407 4683 1494 4738 πόαν
1511 4689 1558 4740 καὶ
1574 4686 1732 4762 clauduntur
1748 4697 1968 4768 ἐνδιατρίβοντες.
2013 4710 2129 4771 Scripsit
2146 4713 2170 4760 lr

1260 4754 1289 4802 tn
1305 4755 1497 4815 Aristotelem,
1524 4761 1600 4809 cutus
1616 4764 1702 4814 ltbros
1719 4768 1877 4821 dtatoctteos
1899 4777 1928 4824 et
1949 4778 2070 4827 morales
2093 4791 2170 4830 con·

1261 4824 1403 4872 urentartts
1432 4827 1605 4891 explanarit,
1640 4836 1668 4882 et
1697 4836 1831 4888 adversos
1859 4843 1991 4903 Latinos,
2027 4848 2172 4912 praecluus

1261 4890 1463 4953 Chrysoteuum
1486 4897 1724 4954 Mediolanensem.
1771 4908 1834 4960 vtd
1856 4910 1987 4961 Bructeri
2018 4914 2080 4964 atet.
2110 4918 2171 4969 crlt.

1262 4958 1360 5020 ptttos.
1378 4962 1407 5012 τ.
1421 4962 1466 5015 lll.
1492 4979 1519 5027 p.
1532 4968 1586 5020 644
1596 4982 1637 5034 sq·

1229 5095 1280 5153 to)
1298 5093 1328 5146 c.
1348 5097 1491 5150 Trebatius
1507 5104 1607 5163 Testa,
1624 5120 1708 5173 eqtter
1719 5111 1873 5171 Romanus,
1891 5116 2108 5183 iurisconsultus,
2125 5123 2175 5174 ct-

1266 5165 1390 5227 ceronts,
1409 5169 1454 5230 qut
1472 5173 1566 5234 ptures
1583 5177 1617 5225 ad
1638 5191 1698 5231 eum
1716 5182 1825 5244 scrtprtt
1843 5184 1988 5245 eptstotas,
2010 5190 2177 5241 Maecenatis

1266 5235 1295 5281 οῖ
1315 5234 1442 5313 ῖῖοῖαῖῖῖ,
1477 5241 1504 5290 iu
1527 5244 1604 5293 euius
1628 5252 1680 5301 rat.
1700 5250 1724 5300 l.
1752 5251 1816 5301 llbrl
1833 5250 1865 5303 ll.
1891 5266 1916 5303 r.
1934 5257 1959 5306 4.
1988 5251 2177 5322 compellatur,

1268 5313 1379 5354 amicus.

1542 5500 1592 5574 20
