4544 5766
116 222 219 299 1221·
321 214 428 292 xm
478 212 760 290 unaunauo
793 207 1052 287 omnonn
1083 206 1333 286 uernum
1362 212 1463 287 eno
1493 212 1623 290 nucu
1656 217 1919 301 uuorano,
2034 216 2132 306 ιω

124 485 127 489 ‚
217 390 251 484 ᾗ.
271 398 308 468 2.
341 392 489 483 Deinde]
527 389 606 461 Alia
633 413 758 473 causa,
791 412 902 484 quare
934 385 1098 456 turbetur
1149 397 1290 455 accusat
1309 384 1516 470 dominum,
1543 415 1649 484 qoem
1672 416 1747 465 non
1769 412 1889 489 posset
1912 424 2077 473 accusare
2092 404 2130 474 in

113 510 257 589 sumpta
279 521 301 566 a
328 497 501 566 relatione
532 493 755 564 meritorum.
859 490 1009 582 Oraure]
1033 486 1098 558 sci·
1138 487 1347 591 tormentis.
1448 488 1565 580 More]
1603 493 1698 565 Haec
1722 497 1826 585 dicit,
1860 516 1905 573 nt-
1931 530 1974 575 eo
2005 530 2129 597 perve-

111 600 199 669 licet
224 594 423 669 honestare.
472 595 616 667 Etenim
643 619 665 665 a
696 606 822 666 senatu
851 589 1002 663 minoris
1031 589 1099 658 Ar·
1149 588 1244 674 niat,
1278 614 1323 659 ne
1345 600 1581 683 torqueantur
1604 599 1716 684 servi,
1749 603 1851 696 qnasi
1873 607 1983 677 dicat:
2011 608 2129 680 Tanta

114 701 257 771 meniae
290 726 351 771 rex
378 700 577 793 appellatus
606 698 688 772 fuir.
737 694 829 764 Vide
846 691 1098 781 Caesaremin
1148 691 1217 762 fuit
1237 691 1437 762 reverentia
1461 693 1673 785 illiusinris,
1699 706 1795 797 quod
1811 719 1863 776 est
1878 708 1972 780 inter
1986 735 2129 783 servum

115 806 151 875 δ.
173 805 238 879 lib.
265 801 512 897 Commentss)
538 815 573 872 et
597 807 635 876 2.
659 801 721 872 lib.
743 799 857 869 Cicer.
890 800 934 868 de
960 795 1099 866 divina·
1150 808 1186 864 et
1207 795 1408 878 dominum,
1432 808 1474 865 ut
1495 798 1593 891 ipsae
1612 803 1705 894 leges
1730 805 1875 878 iubeant
1898 837 2030 897 servos,
2056 840 2129 909 quo

114 908 214 977 tione
229 907 283 1004 ἵ),
316 920 352 976 et
373 902 531 998 Philipp.
556 910 593 979 2.
611 903 656 998 ⁸).
757 902 935 994 Neutrum]
967 898 1100 970 scilicet
1150 910 1339 990 protegant
1359 898 1484 966 delicta
1506 904 1656 976 domini.
1706 905 1907 983 Voluerunt
1920 915 2129 1008 significare,

114 1011 334 1083 Romanam.
435 1005 708 1099 Atrurirrimum]
734 1003 772 1073 id
788 1016 861 1088 est,
886 1000 1100 1072 immanissi-
1149 1012 1190 1069 ut
1220 1024 1342 1070 servus
1369 1001 1488 1070 doleat
1519 1017 1554 1074 et
1587 1009 1739 1099 gaudeat
1771 1037 1850 1081 cum
1880 1043 1944 1087 suo
1967 1019 2128 1104 domino,

114 1139 237 1195 mum,
262 1111 563 1193 crudelissimum,
587 1106 843 1181 foedissimum.
945 1103 1098 1194 Accedit]
1150 1115 1270 1172 tamen
1293 1102 1346 1171 illi
1369 1102 1503 1196 ignosci
1526 1123 1663 1200 posset,
1689 1112 1718 1181 si
1735 1138 1801 1205 per
1816 1116 1975 1191 dolorem
1993 1122 2128 1216 aliquid

116 1219 250 1286 scilicet
276 1218 322 1285 ad
354 1213 555 1304 superiores
578 1235 712 1282 causas.
763 1209 917 1303 Querela
944 1205 1099 1296 indigni·
1150 1205 1294 1289 diceret,
1319 1207 1381 1274 sed
1402 1207 1473 1275 iam
1497 1209 1574 1280 sine
1596 1214 1671 1282 ullo
1694 1216 1817 1287 dolore
1837 1220 1934 1294 dicit.
2010 1226 2129 1315 Mure]

117 1322 201 1390 tatis
222 1344 242 1386 a
264 1317 492 1389 multitudine
510 1325 768 1384 accusatorum.
819 1310 1011 1381 Deiotarus
1031 1307 1102 1378 fuit
1150 1309 1283 1378 scilicet
1314 1311 1507 1379 secundum
1545 1314 1638 1406 loges
1670 1327 1705 1385 et
1731 1317 1905 1395 instituta.
2005 1329 2129 1415 Dolor]

115 1417 294 1490 tetrarcha
319 1419 503 1501 Galatiae,
529 1429 564 1487 et
576 1415 645 1486 fuit
668 1439 731 1485 rex
743 1414 947 1485 Armeniae.
1034 1411 1099 1481 At·
1151 1410 1187 1480 id
1203 1424 1273 1495 est,
1299 1411 1485 1484 cruciatus.
1587 1422 1735 1507 illicere]
1761 1423 1893 1494 scilicet
1907 1438 2128 1522 extorquere.

114 1526 241 1617 terius]
268 1522 400 1595 scilicet
414 1520 570 1592 Castoris
585 1519 737 1611 nepotis.
838 1515 1008 1606 Alterius]
1034 1510 1099 1582 sci·
1149 1517 1275 1601 Invito]
1315 1513 1447 1585 scilicet
1472 1518 1620 1589 domino
1651 1519 1836 1597 Deiotaro.
1944 1535 2129 1619 Ertertur]

116 1628 199 1695 licet
239 1625 453 1696 accusatoris
491 1621 597 1693 servi.
696 1620 920 1711 Indipaitate]
962 1616 999 1686 id
1035 1625 1099 1697 est,
1149 1617 1280 1685 scilicet
1293 1639 1359 1707 per
1372 1616 1568 1692 Castorem.
1669 1628 1804 1715 Eruleo]
1831 1628 1944 1714 idest,
1970 1643 2128 1701 tormen-

115 1726 318 1798 humilitate
338 1728 375 1796 iu
391 1724 459 1797 hac
476 1747 593 1797 rausa.
642 1721 769 1793 Castor
781 1721 848 1790 luit
864 1743 976 1812 nepos
991 1715 1099 1786 Deio·
1151 1719 1205 1789 tis.
1270 1717 1440 1790 Eculeum
1473 1735 1525 1793 est
1551 1719 1735 1811 machine,
1772 1731 1810 1799 in
1835 1757 1941 1826 quam
1972 1732 2130 1825 impositi

118 1832 188 1900 tari
215 1856 257 1901 ex
277 1831 362 1901 lilia.
463 1827 579 1923 Au⁰)]
604 1826 719 1906 idest,
746 1838 818 1894 tam
836 1823 1020 1914 improbus
1035 1831 1100 1900 est,
1148 1817 1312 1892 homines
1342 1835 1576 1918 torquentur,
1610 1827 1763 1902 Reisslin.
1826 1833 1915 1904 Vide
1945 1835 2128 1907 Valerium

117 1948 158 2005 ut
180 1934 354 2017 nesciam,
381 1955 452 2025 quo
475 1931 621 1998 nomine
641 1928 818 1998 extribus
842 1926 910 1995 illis
932 1948 1014 1995 eum
1037 1946 1100 1990 vo·
1151 1926 1194 1993 de
1223 1924 1292 1992 lide
1320 1949 1504 1996 sertorum
1533 1929 1571 1996 in
1594 1931 1760 2004 dominos
1774 1933 1832 2029 Β).
1933 1942 2130 2029 Appellare]

119 2061 208 2108 cem.
265 2037 357 2109 Nam
381 2033 545 2126 impietas
567 2043 619 2102 est
642 2054 806 2100 accusare
829 2053 936 2098 avtun
960 2026 1018 2094 vel
1038 2048 1100 2093 ne·
1151 2026 1282 2096 scilicet
1313 2051 1477 2099 accusare
1505 2030 1542 2098 in
1571 2044 1720 2106 tortura.
1855 2044 1957 2127 Eum]
1998 2042 2129 2112 scilicet

118 2155 254 2233 potem.
326 2136 414 2206 Item
450 2135 562 2207 scelus
598 2146 651 2203 est
680 2155 908 2223 corrumpere
946 2152 1100 2199 servum.
1151 2129 1374 2199 Deiotarum.
1475 2135 1630 2221 Solutus]
1656 2137 1787 2208 scilicet
1811 2164 1885 2208 non
1911 2144 2059 2214 vinctus.

119 2243 342 2333 Sceleratum]
383 2237 514 2309 scilicet
552 2235 679 2329 quiin
718 2260 801 2305 suos
828 2258 904 2302 non
934 2230 979 2301 sit
1008 2230 1100 2320 pius.
1255 2231 1341 2322 Cap.
1363 2228 1406 2302 ll.
1433 2230 1465 2322 ἓ.
1485 2233 1520 2305 4.
1546 2240 1746 2328 Perturbat]
1778 2239 1983 2335 Apersona
2003 2247 2130 2316 Caesa·

122 2344 386 2434 adolescentiae]
413 2338 652 2433 Amplilicatio
677 2340 722 2408 ab
744 2335 872 2406 officio.
976 2333 1100 2403 Adole—
1151 2334 1219 2415 ris,
1246 2333 1308 2426 qni
1330 2346 1382 2403 est
1404 2358 1487 2425 pars
1508 2349 1544 2406 et
1566 2338 1684 2412 iudex.
1785 2344 1863 2414 Hoc
1888 2371 2027 2418 necesse
2055 2362 2132 2417 erat

120 2448 342 2540 erectiorque]
387 2444 459 2513 Alii
500 2443 550 2513 sic
579 2442 719 2532 legunt:
760 2435 1100 2527 Adolescentiaeque
1152 2436 1233 2508 dici.
1337 2440 1477 2525 Caesar]
1504 2440 1635 2510 scilicet
1659 2455 1697 2512 tu
1720 2446 1873 2537 cogitas,
1907 2474 1986 2519 cum
2009 2451 2055 2521 sis
2078 2452 2130 2519 iu-

120 2576 203 2620 suae
224 2564 379 2619 terrores
402 2545 563 2616 intulerit
584 2544 639 2626 ei,
665 2543 763 2613 cuins
789 2554 855 2611 etc.
906 2537 982 2606 Hoc
1006 2556 1101 2606 sum·
1152 2542 1238 2624 dex,
1264 2552 1299 2607 te
1326 2539 1404 2618 lore
1425 2541 1532 2610 talem
1557 2543 1729 2629 iudicem,
1754 2573 1800 2618 ne
1830 2553 2036 2622 succumbas
2061 2550 2131 2622 tnis

119 2669 223 2746 ptum
240 2663 347 2721 estex
362 2650 478 2719 officio
492 2646 644 2740 pictatis.
747 2647 801 2717 At
819 2643 958 2733 scetere]
989 2640 1101 2708 Aldus
1153 2643 1346 2712 affectibus.
1449 2647 1556 2732 Illud]
1589 2647 1721 2719 scilicet
1744 2653 1841 2745 quod
1862 2656 1957 2744 apud
1982 2666 2016 2723 tc
2039 2636 2132 2722 iucli·

122 2755 276 2838 omittit,
311 2755 375 2824 sed
406 2749 497 2820 nihil
526 2750 645 2818 relect.
764 2745 935 2835 Durerit]
970 2742 1007 2810 id
1036 2752 1102 2823 est,
1153 2771 1229 2817 cem
1252 2747 1295 2815 de
1316 2757 1379 2815 tuo
1401 2747 1560 2837 periculo
1580 2749 1672 2821 dico.
1773 2757 1974 2846 Resupnum]
2005 2755 2131 2840 idest,
2256 2765 2257 2769 ’

120 2859 345 2950 auspicatur,
395 2855 480 2925 facit
523 2847 739 2943 auspicium,
799 2848 998 2937 auspicatus
1046 2843 1103 2913 sit.
1153 2848 1294 2942 penitus
1313 2847 1508 2919 aestimavi.
1613 2858 1686 2923 lbra
1706 2859 2131 2944 supranominatam

121 2970 175 3034 Ar
203 2966 262 3054 qui
276 2957 338 3053 l⁰)]
378 2957 489 3027 Aldus
524 2953 669 3024 omittit.
770 2949 929 3038 Seruum]
972 2945 1103 3018 scilicet
1154 2952 1294 3044 sapiens
1310 2975 1358 3031 es,
1373 2965 1411 3020 nt
1426 2977 1499 3020 non
1513 2951 1560 3022 sis
1575 2950 1795 3028 iudicaturus
1805 2961 2132 3031 00mmver1mem·

119 3066 299 3136 medicum
333 3059 492 3130 traxerit.
541 3055 658 3126 Locus
689 3052 887 3123 communis
918 3062 986 3119 est:
1017 3048 1104 3117 Per·
1154 3058 1419 3150 Aequissimum]
1453 3056 1584 3124 scilicet
1607 3061 1703 3150 quod
1726 3071 1765 3129 tu
1787 3060 1862 3153 ipse
1880 3063 1926 3131 de
1945 3076 2005 3133 tua
2027 3087 2131 3133 causa

121 3170 250 3239 turbor
271 3162 477 3236 crudelitate
502 3159 670 3230 Castoris.
771 3153 956 3244 Praemiis]
979 3152 1015 3220 id
1040 3163 1104 3232 est,
1156 3170 1358 3248 cognoscas.
1437 3162 1539 3245 Dum]
1565 3160 1696 3229 scilicet
1715 3161 1879 3235 iudicem.
1955 3169 2133 3252 Faciam]

120 3268 287 3365 pecunia·
369 3264 587 3356 Lesuram]
613 3258 837 3332 senonum
855 3256 982 3348 auibus
998 3250 1104 3321 Deio·
1155 3260 1288 3330 scilicet
1308 3259 1468 3328 alicuius.
1571 3265 2006 3351 accumularentur,
2032 3267 2132 3361 quaa

121 3390 223 3445 ¹³¹¹OE
246 3395 328 3440 eum
349 3368 504 3438 R⁰¹¹¹³m
528 3364 637 3435 misil-
1156 3363 1266 3432 dicat:
1297 3360 1381 3431 Non
1410 3361 1511 3430 facile
1545 3363 1763 3436 obtinebitur·
1791 3392 1896 3438 causa
1928 3371 2024 3462 apud
2053 3394 2134 3439 eum

226 3473 258 3566 ᾗ.
282 3473 318 3543 8.
344 3470 505 3562 fugitivi]
532 3465 664 3537 scilicet
688 3461 782 3534 serui
806 3460 944 3530 medici.
1032 3460 1105 3528 At·

121 3581 266 3665 reatem]
299 3575 392 3647 Nam
406 3585 483 3642 erat
499 3573 537 3639 in
554 3564 809 3657 Gallograecia.
913 3564 979 3647 Os]
1004 3559 1105 3653 quasi

122 3686 237 3754 dicat:
263 3674 534 3770 impudentiam.
636 3671 793 3761 Regiam]
820 3665 950 3735 scilicet
974 3674 1104 3731 statum

119 3786 281 3876 regium,
326 3781 396 3849 den
439 3775 627 3846 betriibten
664 3772 828 3841 zustantlt
861 3769 923 3836 cles
960 3763 1105 3854 Kiinigs.

123 3888 301 3972 Fomenta]
327 3881 458 3952 scilicet
482 3876 644 3946 omniurn
668 3874 919 3951 dominorum,
945 3892 990 3935 ue
1011 3866 1106 3936 scili-

124 4005 180 4061 cet
203 3986 309 4059 huius
326 3983 424 4056 servi
447 3980 608 4070 exemplo
631 3989 667 4045 et
688 3976 749 4046 alii
772 3969 1034 4045 snosdominos
1051 3992 1106 4037 ac-

120 4103 302 4164 cusarent.
400 4087 510 4169 Nam]
539 4081 719 4153 Nolebant
740 4075 897 4147 Romani
920 4075 968 4143 de
996 4069 1107 4142 seruis

122 4201 162 4266 in
188 4193 355 4266 dominos
377 4186 502 4281 quaeri
523 4183 644 4252 invitis
658 4180 705 4277 ¹¹)
738 4178 912 4260 dominis,
946 4172 1106 4256 horest,

122 4300 319 4374 noluerunt
340 4288 502 4383 torqueri
524 4309 664 4365 servos,
690 4295 731 4352 nt
747 4281 883 4375 aliquid
899 4280 1107 4347 confiteren-

124 4418 187 4474 tur
210 4401 249 4468 in
274 4393 453 4473 dominos,
472 4380 631 4460 srd'iam
653 4387 754 4457 adest
768 4408 902 4464 servus,
923 4381 984 4472 qni
997 4380 1108 4447 libere

122 4539 331 4563 Μ

153 4608 192 4666 Ε)
209 4606 238 4655 tu
256 4601 283 4653 θ.
299 4600 345 4649 lib.
359 4594 530 4651 comment]
549 4587 691 4649 Edlttsss.
705 4585 792 4635 mele:
811 4583 839 4632 in
857 4584 882 4632 t.
900 4581 945 4630 tn.
959 4580 1107 4632 comment.

193 4697 230 4711 -
251 4671 485 4722 commemoratur
513 4659 585 4710 enlm
611 4657 758 4706 Deiotarus
788 4652 951 4702 accesere
980 4650 1013 4697 ue
1038 4648 1108 4705 hetto

195 4739 273 4791 rtrlti
288 4736 394 4788 nunt.
409 4736 475 4783 ut.
490 4733 521 4780 et
538 4724 725 4778 abltirttedo
744 4721 814 4773 bello
831 4720 909 4770 Alex.
927 4730 951 4768 c.
968 4717 1015 4767 ³4.
1033 4716 1108 4766 θ·-

156 4807 321 4959 ὓγὲἱεῖῖο
337 4887 426 4941 lttvir.
445 4884 485 4949 tt,
497 4882 553 4960 η,
569 4881 611 4933 ⁷⁹.

157 4990 194 5045 8)
211 4980 269 5034 cte.
286 4976 357 5028 orat.
372 4970 489 5032 rtntpp.
506 4966 548 5029 11,
565 4965 619 5024 ῃ,
635 4963 680 5017 93·
696 4960 753 5014 Μ

155 5074 194 5132 9)
213 5066 272 5128 Aa]
296 5062 336 5111 etr
357 5057 409 5110 Et.
433 5050 508 5105 1568.
530 5062 601 5114 qnae
624 5049 749 5113 aeqnttnr
770 5045 930 5097 teutonem

197 5136 386 5189 caneremus
403 5127 515 5183 amour,
538 5135 580 5171 aa
603 5121 791 5180 sceleratum,
814 5128 865 5178 pro
882 5127 936 5178 quc
952 5114 1004 5166 ur.
1023 5112 1110 5164 orell.

196 5207 294 5256 hebet:
318 5197 469 5249 crudam
487 5189 653 5252 Castorem,
675 5201 712 5238 ue
734 5187 830 5237 utram
851 5185 1024 5255 sceleratum
1038 5179 1109 5243 (rtet.

198 5269 300 5328 orettil
316 5271 383 5317 nota
399 5263 461 5314 crit.
478 5260 514 5310 cd
531 5260 555 5307 u.
574 5258 617 5316 1.).

164 5363 213 5421 1⁰)
231 5358 274 5412 Ar
290 5352 356 5419 rut]
373 5352 416 5399 uc
432 5347 483 5398 no.
503 5344 594 5407 rocem
612 5341 662 5423 uu.
680 5340 767 5392 orat.
784 5339 846 5391 aur.

164 5449 213 5509 11)
229 5438 343 5501 tnrttts]
361 5436 410 5486 tut.
430 5432 505 5486 tm
522 5431 667 5492 comuste:
688 5424 804 5477 lartttts.

1157 3465 1329 3546 iudice-m,
1361 3476 1485 3532 contra
1517 3488 1622 3557 quem
1650 3481 1834 3557 peccatum
1865 3483 1928 3540 est.
2035 3475 2136 3542 Fari·

1157 3572 1268 3654 rearis]
1306 3566 1441 3635 scilicet
1470 3569 1676 3657 perpetrati.
1790 3573 1966 3665 Aupuarr]
2006 3572 2138 3642 scilicet

1157 3668 1340 3739 accuseris.
1416 3672 1483 3740 Sui
1503 3666 1665 3768 periculi]
1692 3671 1823 3743 scilicet
1838 3673 1876 3742 in
1892 3699 1928 3745 se
1945 3675 2136 3747 commissi.

1156 3768 1246 3869 Rea]
1279 3770 1317 3839 id
1350 3783 1422 3853 est,
1456 3784 1632 3843 accusato.
1681 3771 1751 3842 Ein
1781 3777 1880 3868 jeder
1910 3771 2056 3848 mensch
2091 3777 2137 3847 ist

1158 3872 1231 3943 ihm
1251 3873 1290 3941 in
1304 3873 1423 3947 seincr
1440 3873 1587 3964 eigenen
1601 3871 1705 3946 sache
1722 3879 1779 3946 ein
1794 3879 1964 3969 guediger
1978 3874 2136 3948 Richter.

1157 3973 1245 4073 Sed]
1272 3975 1374 4070 quasi
1388 3976 1502 4045 clicat:
1537 3976 1663 4049 Nullus
1682 4004 1841 4073 unquam
1856 3981 1924 4050 fuit
1938 3993 1972 4049 tc
1984 3981 2138 4049 clemen·

1158 4080 1242 4162 tior,
1267 4102 1332 4147 nec
1348 4079 1548 4170 benignior.
1649 4078 1867 4180 simularie]
1895 4081 2028 4152 scilicet
2045 4106 2136 4178 quae

1160 4182 1320 4251 omnium
1337 4194 1389 4252 est
1405 4181 1720 4275 praestantissima.
1806 4188 1885 4256 Nun
1898 4181 2010 4282 enim]
2037 4184 2138 4277 quasi

1158 4286 1270 4354 dicat:
1298 4284 1403 4354 Haud
1425 4284 1532 4353 dubie
1552 4285 1601 4352 ita
1623 4285 1844 4354 iudicaturus
1865 4311 1919 4370 cs,
1953 4299 1993 4355 ut
2013 4310 2138 4357 omnes

1160 4387 1359 4477 intelligant
1381 4400 1414 4455 te
1436 4388 1556 4455 lavere
1579 4386 1633 4469 ei,
1659 4399 1698 4455 ut
1726 4412 1848 4457 omnes
1872 4387 2028 4458 Romani
2055 4412 2139 4480 pro·

1158 4493 1245 4560 bent
1267 4502 1365 4558 tuam
1390 4489 1621 4572 sententiam,
1653 4491 1755 4584 quasi
1782 4490 1894 4559 dicat:
1937 4489 2052 4562 Causa
2078 4502 2140 4560 tua

1160 4594 1302 4689 quidem
1320 4593 1413 4659 bona
1430 4603 1493 4674 est,
1507 4591 1556 4659 ita
1571 4603 1613 4660 ut
1626 4593 1717 4660 sorte
1732 4592 1845 4684 possis
1861 4618 1941 4663 eum
1955 4596 2139 4676 damnare,

1160 4699 1315 4768 sednon
1337 4695 1463 4778 facies,
1497 4714 1542 4762 ne
1574 4696 1665 4763 male
1697 4695 1763 4764 tibi
1793 4696 1828 4763 id
1860 4695 2139 4788 interpretentur

1159 4796 1335 4868 homines.
1454 4801 1533 4866 Nou
1563 4792 1674 4893 euim]
1710 4797 1864 4891 Querela
1900 4789 2052 4869 oratoris
2092 4794 2139 4865 act

1158 4901 1307 4993 legenda
1324 4911 1483 4982 caetera,
1505 4922 1551 4967 ne
1572 4898 1735 4971 videatur
1756 4899 1794 4969 in
1816 4900 1894 4972 aliis
1914 4901 2037 4970 durius
2053 4896 2140 4968 Cae

959 5040 1111 5097 mam
1158 5028 1276 5078 sarem
1300 4999 1465 5091 tetigisse.
1567 5003 1675 5088 Quum
1695 4999 1864 5100 intelligo]
1896 5002 2025 5073 scilicet
2056 5001 2139 5095 quia

1160 5107 1213 5178 vis
1237 5120 1270 5175 te
1300 5104 1508 5174 clementem
1540 5098 1686 5192 haberi,
1720 5106 1832 5195 magis
1858 5101 1926 5172 hoc
1957 5102 2141 5195 spectabis,

1160 5257 1363 5280 &aa—¹·-

1198 5342 1245 5405 12)
1262 5341 1369 5395 veteru
1386 5339 1496 5393 urunt
1511 5334 1558 5393 tn.
1577 5340 1625 5394 Vl.
1643 5350 1702 5404 rep.
1714 5339 1739 5390 8.
1756 5334 1915 5398 tnrcrtptnm
1934 5333 1996 5398 „lte
2011 5332 2065 5385 nto
2080 5342 2143 5386 err·

1232 5424 1330 5465 eumn
1345 5422 1414 5476 erga
1431 5407 1582 5465 tomtnoa.”

1549 5476 1630 5550 77*
