4544 5766
137 134 237 249 Aa
487 174 577 249 xa:
627 171 912 250 somnino
942 170 1203 247 onartouls
1237 170 1485 249 ciceronis
1517 175 1616 247 rao
1650 180 1813 254 suun
2057 192 2154 269 aaa

135 346 281 439 coligit
293 346 598 420 dissimilitudines
620 347 789 421 Autronii
821 361 856 419 et
875 346 1010 441 Syllae,
1042 344 1114 415 An-
1271 346 1359 438 Cap.
1381 347 1441 419 Vl.
1482 346 1512 438 ξ.
1539 351 1597 421 17.
1640 357 1783 442 Propter
1811 355 1919 457 Mtte]
1961 361 2149 439 Conclusio

135 448 277 521 trouius
298 462 350 519 est
370 476 471 535 reus,
504 453 599 545 Sylla
621 478 698 524 nou
721 465 774 524 est
792 475 893 531 reus;
927 473 1012 541 ergo
1035 449 1116 519 licet
1165 442 1270 518 huius
1287 450 1353 517 loci
1370 475 1435 541 per
1450 448 1692 545 enthymema:
1721 458 1812 527 Sunt
1832 461 2035 536 dissimiles:
2062 494 2147 562 ergo

135 547 228 621 mihi
247 547 342 621 huuc
363 556 562 626 defendere.
611 555 659 626 Et
683 570 735 625 est
749 552 906 625 defensio
925 551 1033 622 officii
1047 550 1114 635 sui,
1165 576 1230 642 ego
1248 577 1304 620 me
1321 577 1463 647 quoque
1477 555 1682 625 dissimilem
1699 562 1847 649 praebui
1856 563 1913 659 Π).

133 678 248 747 quare
269 654 400 727 scilicet
421 658 516 726 dicat
536 682 676 729 causam
692 659 827 751 Syllae,
852 681 934 726 cum
955 678 1031 724 nou
1053 656 1113 723 de·
1266 651 1296 744 ὃ.
1315 656 1374 727 18.
1405 653 1582 753 Veniebat]
1608 659 1810 752 Amplificat
1832 690 1874 735 ex
1892 667 2061 739 Autronii
2084 697 2144 764 pe-

131 756 287 826 feuderit
309 758 409 828 alios.
459 760 567 830 Ratio
592 761 754 853 apposita
779 771 845 831 est:
873 757 967 851 Quia
982 757 1047 828 iste
1061 770 1113 827 est
1163 755 1287 827 titione
1297 755 1356 853 ⁷⁸).
1457 764 1586 830 Uxoris
1606 760 1716 860 aneae]
1743 765 1831 836 Vide
1847 770 2050 843 Sallustium
2061 774 2144 870 ⁷⁸⁸).

131 860 326 941 innocens,
352 862 460 952 igitur
480 867 581 932 decet
594 888 651 932 me
667 863 893 932 innocentem
910 862 1110 930 defendere.
1161 857 1417 944 Defendissem,
1435 860 1504 932 nisi
1520 862 1725 934 indicassem
1743 870 1915 941 nefarium
1934 899 2007 943 esse
2021 878 2142 949 defen-

131 961 427 1032 Coniurationcrn
449 978 622 1036 vocarunt
643 966 736 1035 inter
755 987 903 1055 magnos
920 962 1109 1054 principes,
1161 963 1243 1032 dere
1257 963 1473 1035 seditiosum.
1524 963 1635 1035 Valde
1651 968 1745 1037 enim
1762 994 1780 1039 a
1798 998 1854 1041 me
1873 980 2053 1048 contendit
2064 979 2138 1052 Au-

128 1064 341 1135 seditionem
370 1091 455 1137 vero
487 1068 580 1138 iuter
610 1069 753 1159 vulgus,
800 1068 861 1137 sed
900 1078 1021 1135 tamen
1053 1089 1109 1135 res
1161 1066 1312 1135 tronins.

129 1168 256 1236 eadem
278 1180 329 1236 est
343 1167 402 1263 ⁸⁷).
1262 1163 1292 1257 ὃ.
1311 1166 1369 1238 19.
1394 1173 1482 1253 Sed,
1506 1196 1607 1264 putam
1622 1173 1723 1262 mibi]
1746 1172 1811 1245 Est
1824 1171 2056 1273 hypotyposis
2076 1212 2136 1279 pa.

232 1265 263 1359 ξ.
296 1266 354 1341 15.
385 1268 561 1370 Ambitus]
593 1271 790 1342 Autronius
817 1270 883 1340 fuit
909 1268 1108 1348 seditiosus,
1158 1263 1299 1340 thetica.
1350 1270 1590 1364 Hypotyposis
1607 1285 1725 1342 cautem
1746 1290 1798 1347 est
1821 1280 1959 1369 pictura
1982 1285 2137 1377 illorum,

127 1369 225 1462 Sylla
241 1394 315 1439 nou
329 1385 397 1441 est:
415 1399 500 1466 ergo
513 1388 598 1445 suut
611 1375 808 1446 dissimiles.
859 1374 958 1463 Sylla
973 1376 1005 1440 ai
1020 1366 1106 1466 sibi]
1159 1394 1249 1463 quae
1272 1372 1372 1443 fiunt.
1431 1369 1499 1442 lsta
1523 1387 1641 1442 autem
1665 1377 1765 1467 fingit
1786 1379 1929 1468 Cicero,
1968 1400 2007 1457 ut
2029 1394 2138 1465 addat

128 1472 261 1555 idest,
302 1474 397 1568 Sylla
420 1502 535 1570 aequo
555 1478 676 1547 animo
699 1478 781 1549 tulit
803 1500 841 1545 se
863 1473 1106 1553 condemnari,
1158 1485 1295 1542 motum
1311 1487 1345 1544 et
1358 1474 1529 1565 impetum
1546 1476 1712 1547 orafioni.
1768 1480 1906 1554 Fuisset
1928 1490 2022 1559 euim
2038 1496 2136 1587 frigi-

127 1588 163 1645 et
185 1599 262 1643 lton
278 1577 391 1646 movit
413 1580 623 1649 seditionem
637 1577 697 1675 ⁸⁸).
796 1570 1009 1671 Damnatus]
1041 1574 1105 1644 sci·
1157 1577 1241 1659 dus,
1261 1576 1291 1645 si
1307 1588 1444 1647 tautum
1459 1577 1619 1660 dixisset,
1644 1582 1705 1649 sed
1721 1606 1800 1652 cum
1818 1588 2034 1664 coniurasset
2051 1622 2135 1669 cou-

126 1677 485 1778 licetAutrouiusoe).
568 1678 653 1779 Hie]
680 1679 812 1752 scilicet
833 1678 941 1771 Sylla.
1024 1681 1106 1747 Nisi
1156 1690 1211 1747 tra
1234 1678 1407 1770 patriam,
1441 1679 1672 1751 resistendum
1696 1696 1758 1755 est.
1821 1685 1876 1757 Ex
1898 1685 1953 1761 his
1974 1701 2135 1792 sequitur

125 1775 232 1876 quod]
259 1781 376 1865 idest,
401 1785 549 1856 retinuit
570 1798 689 1855 tamen
713 1782 906 1852 amicitiam
924 1782 1102 1849 bonorum
1155 1781 1288 1873 Syllam
1307 1804 1380 1853 esse
1397 1782 1634 1854 innocentem.

123 1896 273 1975 propter
297 1888 520 1958 modestiam.
1258 1880 1289 1973 ἓ.
1312 1887 1374 1958 20.
1411 1889 1521 1979 Atque
1550 1889 1638 1955 idem
1668 1891 1741 1982 epo]
1782 1885 1995 1979 ἅντίθεσιςτ
2034 1903 2132 1975 Sicut

158 2042 167 2053 .
228 1984 448 2087 §.16.un]
477 1992 608 2061 scilicet
630 1988 838 2059 Autronius.
941 1980 1005 2081 Et]
1039 1982 1104 2053 sci·
1154 2008 1239 2075 ergo
1252 1985 1300 2082 ⁷⁹)
1328 2010 1403 2056 uon
1426 2011 1570 2078 possum
1598 1988 1786 2062 defendere
1806 1993 2044 2086 Autronium,
2082 2008 2133 2079 sie

123 2089 405 2163 licetAutronio.
479 2089 574 2190 filis]
601 2094 635 2162 id
653 2106 715 2176 est,
730 2090 883 2161 Catilina
895 2084 1101 2156 etLentnlo.
1154 2112 1227 2156 uon
1249 2113 1394 2181 possum
1417 2114 1493 2158 uon
1516 2091 1701 2162 defendere
1722 2091 1867 2187 Syllam.
1926 2102 2006 2172 Scio
2037 2109 2132 2181 enim

228 2188 259 2281 §-
288 2194 346 2264 17.
368 2192 488 2292 liliam]
523 2196 654 2265 scilicet
676 2192 906 2263 Autronium.
1006 2190 1103 2258 Allo-
1154 2215 1234 2260 eum
1248 2191 1475 2263 innocentem
1488 2217 1573 2264 esse.
1622 2191 1675 2265 Ita
1690 2197 1734 2266 de
1749 2222 1813 2269 suo
1831 2202 1946 2274 officio
1963 2202 2132 2285 hacteuus

123 2289 260 2390 tenu]
286 2296 613 2394 sabaudienses⁷⁰),
627 2293 854 2389 Sophoier⁷¹)
868 2293 941 2361 iam
955 2301 1102 2367 vocant3
1153 2293 1242 2363 dixit
1249 2292 1309 2390 ⁸⁰).

125 2396 212 2489 quia
234 2398 433 2468 coniuratio
456 2400 630 2470 Catilinae
653 2402 825 2491 patefacta
850 2409 902 2465 est
923 2418 987 2484 per
1009 2394 1102 2483 lega·
1255 2396 1341 2486 Cap.
1357 2391 1432 2466 Vll.
1460 2391 1491 2486 ἓ
1506 2399 1568 2470 21.
1602 2403 1669 2470 llic
1690 2406 1741 2471 nit
1762 2429 1798 2473 ee
1819 2407 1889 2499 ille]
1926 2408 2130 2502 Respondet

125 2514 180 2568 tos
203 2500 448 2592 Allobrogum.
499 2503 589 2572 Vide
620 2494 825 2572 Sallustium
853 2499 889 2567 iu
922 2495 1025 2565 initio
1042 2492 1101 2588 ⁷⁴³).
1153 2520 1217 2588 per
1238 2496 1495 2568 inversionem:
1526 2498 1603 2593 Ego
1630 2503 1751 2573 consul
1776 2530 1852 2576 uon
1872 2518 2037 2603 regnavi,
2070 2526 2130 2589 sed

121 2598 205 2699 lile]
231 2604 363 2673 scilicet
382 2605 580 2675 Autronius
602 2605 697 2675 intus
717 2603 878 2694 capiebat
900 2600 1025 2669 urbem
1048 2596 1102 2664 iu·
1152 2594 1323 2691 prohibui
1344 2626 1493 2691 reguum
1501 2599 1560 2697 81).
1609 2601 1666 2671 Ad
1687 2604 1784 2676 aliud
1808 2627 2056 2700 argumentum
2077 2645 2131 2692 re.

123 2709 285 2777 ceudere.
386 2713 594 2798 Expectotus
618 2702 723 2804 soris]
765 2705 897 2776 scilicet
911 2701 958 2798 ⁷³)
994 2713 1033 2771 ut
1064 2723 1100 2769 sc
1152 2703 1358 2797 spondeam)
1378 2727 1443 2795 per
1474 2704 1859 2799 communicationem,
1890 2740 1960 2809 qua
1988 2721 2129 2814 culpam

122 2832 206 2877 curu
246 2809 400 2879 exercitu
436 2812 644 2902 adiungeret
677 2808 881 2879 coniuratis.
958 2801 1101 2893 Colligit
1152 2830 1231 2874 cum
1241 2805 1428 2901 Torquato
1444 2807 1702 2893 communicat,
1724 2811 1786 2903 qui
1801 2812 1874 2904 ipse
1890 2843 2033 2917 quoque
2047 2850 2130 2896 uar-

121 2912 224 3001 sigua
246 2911 403 3004 ἄτεχνα,
429 2938 472 2983 ex
490 2915 617 3008 quibus
631 2914 762 3005 probat
778 2906 1099 2981 dissimilitudinem
1151 2907 1283 2977 rationi
1300 2909 1455 2979 iudicum
1474 2909 1653 2995 interfuit,
1679 2923 1714 2980 et
1731 2927 1853 3002 postea
1876 2921 1919 2990 de
1942 2922 2011 2995 illis
2033 2929 2130 3000 testis

121 3014 241 3105 Syllae
277 3028 312 3083 et
352 3015 522 3085 Autronii
536 3015 595 3111 ῃ).
706 3012 925 3103 Exponam]
969 3009 1102 3078 scilicet
1150 3010 1227 3080 fuit·
1296 3009 1424 3092 ἄλλως.
1465 3012 1589 3082 Cicero
1614 3026 1775 3085 versatur
1796 3016 1834 3086 iu
1857 3037 2012 3115 quatuor
2031 3031 2129 3104 locis.

119 3116 262 3209 perdita
298 3118 464 3213 urben).
555 3119 761 3208 Sanitatem]
799 3116 836 3184 id
871 3126 940 3193 est,
980 3125 1099 3181 narnien
1151 3110 1177 3183 l.
1194 3113 1354 3183 Defendo
1370 3114 1522 3207 Syllam,
1548 3128 1588 3185 ut
1602 3142 1658 3185 rue
1673 3117 1821 3189 liberem
1838 3128 2037 3216 suspicione
2052 3158 2130 3205 cru.

119 3244 198 3291 nou
218 3220 347 3291 desiuit
368 3246 472 3314 opem
493 3222 584 3289 ferre
601 3220 786 3289 Catilinae.
861 3211 943 3312 llic]
971 3214 1100 3285 scilicet
1151 3216 1314 3287 delitatis.
1362 3212 1404 3285 lt
1419 3216 1619 3289 Excusatio.
1667 3216 1726 3290 111.
1743 3221 1949 3318 Occupatio.
1999 3231 2058 3307 lv.
2075 3235 2131 3306 ln-

120 3325 230 3417 Sylla.
309 3329 374 3399 nai
388 3349 491 3417 ireque
507 3324 670 3415 domities]
698 3323 733 3390 id
751 3333 820 3402 cst,
846 3317 997 3410 Neapoli
1011 3315 1100 3385 nulli
1153 3319 1375 3401 sensim-cur
1392 3321 1557 3390 defendat
1572 3345 1665 3391 nuuc
1682 3323 1834 3417 Syllam,
1869 3344 1903 3398 et
1927 3349 2029 3405 antea
2053 3364 2129 3409 uon

118 3438 206 3503 suut
231 3431 426 3500 turbulenti
456 3440 518 3495 aut
547 3425 705 3497 seditiosi
731 3424 835 3492 circs.
908 3417 969 3487 llla
1005 3419 1098 3488 enim
1151 3420 1349 3489 defenderit
1388 3422 1487 3491 alios.
1562 3422 1701 3493 Deinde
1740 3429 1900 3519 seqnitur
1939 3439 2130 3513 conclusio.

121 3544 296 3627 perpetuo
321 3534 358 3601 in
381 3534 448 3600 fule
472 3528 603 3596 sanauit
619 3528 878 3597 llonranorum.
929 3518 1100 3591 llicuihil
1151 3524 1279 3593 Postea
1298 3523 1432 3591 accedit
1447 3526 1492 3592 ad
1504 3549 1663 3609 causam,
1698 3527 2130 3632 etiustituitpropositio·

122 3636 221 3716 dicit,
245 3634 441 3726 nisisigna,
467 3658 509 3699 ex
531 3631 658 3725 quihus
681 3640 828 3721 apparet
850 3624 1099 3696 dissimilitudo
1151 3651 1233 3695 nem
1256 3650 1320 3718 per
1340 3626 1601 3698 infitiationem.
1661 3627 1715 3698 De
1737 3632 1859 3722 priore
1884 3641 2129 3717 coniuratione

120 3737 292 3809 Autronii
312 3751 346 3807 et
365 3737 503 3829 Syllae,
528 3748 562 3803 et
584 3729 672 3801 haec
694 3742 901 3823 argumenta
929 3740 1101 3796 uocantur
1151 3753 1224 3797 nou
1248 3731 1464 3818 respondem
1498 3731 1541 3797 de
1564 3732 1854 3820 posteriori-sum
1877 3763 2128 3834 responsurus:

121 3844 272 3933 ἄτεχνα,
285 3840 368 3935 quia
384 3850 466 3911 suut
483 3837 588 3905 allecta
605 3862 624 3905 a
641 3860 745 3907 causa
760 3837 806 3902 ad
821 3846 1013 3911 oratorem,
1026 3854 1100 3897 uon
1150 3833 1250 3921 Aega
1264 3831 1398 3923 Syllani
1414 3832 1518 3901 fuisse
1531 3832 1665 3904 socium
1685 3839 1892 3927 posterioris
1914 3849 2129 3921 coniuratio-

122 3950 168 4015 ah
193 3945 271 4036 ipso
295 3957 437 4013 oratore
460 3940 667 4031 excogitata,
703 3950 760 4007 ut:
794 3934 989 4025 Dissipavit
1009 3931 1099 4003 iudi·
1151 3935 1217 4003 nis.
1269 3933 1370 4002 lianc
1386 3935 1666 4024 propositionem
1686 3943 1846 4011 nondum
1871 3948 2017 4036 prohat;
2044 3952 2128 4045 quia

121 4050 231 4133 cium,
246 4047 343 4117 misit
358 4043 653 4125 armaCatiliuae,
667 4037 758 4109 nihil
771 4040 840 4108 tale
855 4034 1099 4129 secitsyllaw).
1152 4061 1207 4106 res
1220 4035 1347 4105 nititur
1362 4037 1518 4106 maximo
1534 4039 1758 4124 testimonio,
1790 4043 1870 4113 ideo
1893 4049 1990 4119 aliud
2011 4052 2129 4125 immi·

1151 4152 1222 4209 scet
1249 4142 1378 4209 desua
1403 4140 1535 4210 officio:
1569 4140 1628 4211 Tu
1649 4167 1790 4213 accusas
1811 4171 1887 4231 me,
1913 4176 1976 4221 cur
1993 4154 2126 4248 Syllam

154 4288 205 4348 67)
221 4280 317 4342 ἄλλως.
351 4283 434 4335 lteoit
451 4282 486 4333 ad
503 4276 704 4329 exeusationem
723 4299 757 4310 -
774 4285 821 4322 res
840 4272 933 4321 eaden
952 4272 1009 4331 est]
1034 4270 1101 4319 asse
1152 4242 1321 4324 defendo,
1347 4255 1381 4311 et
1397 4241 1610 4311 Autronium
1637 4267 1710 4314 nou
1737 4247 1885 4320 defendi.
1938 4254 2045 4326 llatio
2064 4274 2128 4343 est,

191 4359 278 4407 verus
295 4357 324 4408 et
341 4357 407 4404 nou
424 4361 542 4415 aequem
558 4348 585 4397 ¹'¹¹
603 4346 664 4395 ³⁰¹²
682 4344 730 4394 Ed·
751 4342 826 4391 ¹⁶⁶⁸·
843 4342 980 4404 leguntur.
1151 4346 1346 4414 Autronius
1375 4358 1409 4414 et
1438 4345 1532 4436 Sylla
1561 4359 1642 4413 sunt
1668 4347 1863 4420 dissimiles.
1934 4355 2128 4433 Autronius

154 4442 257 4561 winih
272 4434 430 4558 ippvpovn
446 4431 631 4488 mmm]
650 4427 691 4478 ⁸¹⁰
708 4427 756 4476 m
776 4424 868 4487 mm
885 4428 949 4474 Μ’
965 4424 984 4474 ⁸
1000 4423 1100 4473 mit*
1151 4471 1290 4539 semper
1316 4448 1380 4514 fuit
1404 4447 1612 4517 coniunctus
1633 4472 1712 4519 cum
1729 4450 1900 4538 Catilina,
1926 4461 2020 4553 Sylla
2045 4491 2127 4535 con,

154 4600 205 4658 69)
223 4600 300 4649 lituo
316 4596 408 4644 notam
426 4593 454 4640 et
469 4589 488 4638 8
505 4586 651 4650 sequentes
670 4581 732 4633 solo
749 4580 799 4631 Ed.
819 4579 892 4629 toto.
912 4578 1025 4627 exbibet.
1155 4604 1241 4611 ---
1258 4603 1275 4608 --
1347 4600 1354 4605 .

157 4689 206 4743 7⁰)
226 4680 427 4734 subaudienses
444 4675 476 4734 (i.
496 4686 521 4736 q.
539 4668 688 4726 Subando]
712 4665 762 4715 ud.
780 4662 859 4714 taos.
875 4663 1021 4724 corrupte:
1046 4662 1100 4711 Su·
1184 4698 1233 4755 ⁷7)
1251 4692 1582 4755 conclusio-mem
1606 4694 1647 4745 m
1671 4696 1720 4747 m·
1740 4698 1830 4762 HQ
1854 4703 1953 4787 cem
1970 4706 2055 4760 mm.
2076 4711 2128 4760 M-

154 4752 369 4900 vtffibhhlii]
386 4832 428 4881 sio
444 4829 493 4880 ud.
513 4825 587 4877 1568.
605 4833 656 4887 pro
674 4824 817 4883 sevos-er,
835 4818 1027 4880 savoyardeu.
1221 4760 1470 4893 Ζεῗὴῃῧὲἑιξιὲἷὲἳ)
1482 4761 1546 4889 (εἴ)
1558 4764 2024 4899 hffiisgidhfflihfflfflmf'
2057 4780 2127 4829 Sunt

154 4929 206 4987 n)
223 4924 337 4977 Saltum.
355 4917 437 4970 catu.
454 4929 479 4966 n
498 4910 621 4964 to—aa.
1184 4902 1484 5034 sslyfliffiufffflyii
1499 4900 1569 5019 (lipsa
1587 4914 1662 4965 seqq.
1682 4907 1744 4955 sote
1761 4906 1812 4955 ud.
1831 4910 1906 4959 tate.
1925 4912 2011 4961 hebet.

152 5014 204 5073 7³)
222 5008 344 5067 sufficet]
362 5004 403 5054 sio
421 5002 470 5051 Ed.
490 4998 583 5059 ¹³68&
599 4994 628 5044 ln
646 4997 711 5044 cett.
727 4991 746 5042 8
762 4992 845 5041 notat.
864 4990 950 5040 deest.
1185 5042 1234 5093 m
1252 5051 1282 5087 er
1301 5040 1334 5097 ⁰]
1353 5037 1394 5085 sic
1412 5037 1487 5086 Hm
1515 5038 1582 5087 w
1628 5040 1693 5091 lm
1740 5044 1806 5093 w
1824 5060 1832 5074 .
1852 5046 1890 5094 Ed
1921 5048 1987 5097 m

154 5100 206 5158 74)
223 5088 416 5150 Autronium
428 5085 513 5141 nasce
527 5083 610 5131 asae..
627 5079 711 5133 iasa..
727 5077 817 5139 iasa.;
836 5076 885 5127 ua.
897 5072 969 5124 taso.
982 5072 1101 5122 antona.
1185 5112 1233 5167 ω)
1252 5054 1313 5157 seio
1336 5106 1407 5155 ensa·
1423 5068 1458 5141 2-
1474 5070 1607 5157 imag
1628 5074 1720 5171 mi
1745 5082 1813 5161 hm.
1825 5080 1919 5164 M
1934 5075 1970 5167 'tu
1987 5062 2127 5175 ..πη

154 5188 204 5239 75)
223 5184 296 5232 llaec
319 5177 409 5227 alters
433 5173 498 5221 trata
520 5168 580 5216 voci
611 5166 790 5227 Expectatas
820 5159 957 5221 aadsestpta
980 5163 1009 5209 ot
1032 5158 1102 5208 duae
1227 5178 1300 5227 1568.
1319 5174 1501 5227 ymnum„

191 5267 268 5316 seqq.
284 5245 396 5299 nonnisi
411 5243 441 5292 iu
461 5240 511 5291 Εὖ·
532 5237 607 5286 ¹5⁶³·
626 5233 807 5297 10101111111·
1183 5249 1232 5302 81)
1252 5246 1379 5309 reguum]
1396 5244 1438 5295 sto
1455 5246 1529 5295 recte
1545 5244 1629 5295 Edttt.
1648 5247 1739 5314 tm,
1760 5248 1851 5305 1661..
1871 5252 1962 5316 taaa.;
1990 5256 2040 5308 m,
2056 5260 2130 5313 ιω,

157 5342 277 5461 ⁷⁶32:ss
295 5323 709 5459 ἓὲῧῃᾚοῗιᾶὃῖῃρξαῗῐιοῑ
733 5318 789 5370 me
811 5318 878 5368 m
901 5316 1007 5379 sm]
1034 5316 1101 5366 m
1184 5326 1414 5445 &leilelessbaden
1432 5381 1473 5433 elo
1488 5382 1537 5433 lit.
1553 5380 1644 5443 1168.)
1668 5388 1731 5435 cett.
1749 5384 1767 5433 ³
1783 5384 1884 5436 Edita:
1908 5394 2056 5452 respondit.

1539 5451 1622 5522 73*
