4544 5766
122 177 215 250 tert

120 340 306 420 latrocinia
336 337 374 406 in
405 333 511 410 urbe,
545 327 603 394 illa
627 320 824 415 respublica
846 316 1005 389 funditus
1024 338 1104 408 per-

126 455 134 471 ’
179 463 203 519 1.

124 478 176 522 πθ
225 546 256 640 ξ.
274 541 333 616 16.
360 539 453 626 Quod
470 539 503 607 ci
521 521 681 623 probare]
716 523 848 595 Omnia
869 522 929 592 illa
949 520 1105 591 reddunt

122 663 361 730 accusatorem
380 639 553 717 invisum,
579 633 659 701 ideo
675 628 796 698 valent
816 627 854 696 in
875 649 991 696 causa.
1041 621 1105 692 Est

124 773 243 832 autem
266 738 495 841 reprehensio
517 733 657 806 consilii
672 728 893 812 Tuberonis,
925 740 961 797 et
985 725 1104 796 obiur-

124 859 220 956 gatio
235 852 403 924 hactenus
417 843 503 925 luit,
527 838 629 933 quasi
649 835 759 905 dicat:
792 830 916 902 Voluit
938 828 1026 899 alios
1048 852 1104 897 ex·

125 965 265 1036 cludere
297 980 317 1023 a
345 941 609 1024 misericordia,
648 939 743 1032 quod
776 947 829 1006 est
854 929 1105 1003 inhumanissi-

122 1090 235 1140 mum.
285 1056 362 1127 lam
376 1048 470 1121 redit
481 1047 527 1116 ad
542 1066 695 1114 causam.
771 1040 909 1111 (laesuri
921 1034 1105 1125 poscemus]

123 1161 353 1243 Confutatio,
390 1165 426 1223 et
452 1149 588 1243 primus
616 1146 714 1213 locus
741 1152 794 1211 est
823 1136 981 1208 definitio
1002 1134 1105 1216 lacti3

124 1272 270 1346 Tubero
292 1254 434 1332 vocavit
456 1252 587 1331 scelus,
613 1247 738 1317 Cicero
760 1254 866 1334 negat
887 1264 960 1310 esse
982 1238 1105 1309 scelus.

123 1378 289 1449 11111111
303 1376 355 1435 est
369 1355 538 1438 artifieio,
563 1350 708 1422 Tubero
726 1343 868 1416 vocavit
882 1344 1012 1426 scelus,
1031 1365 1106 1410 non

123 1479 224 1575 quod
239 1467 367 1542 faverit
388 1459 548 1553 partibus
562 1450 744 1543 Pompeii,
776 1447 835 1518 scd
863 1446 958 1539 quod
981 1443 1028 1514 sit
1049 1467 1107 1513 ex·

124 1586 241 1654 clusus
257 1575 301 1642 ab
317 1567 449 1638 Africa.
500 1560 623 1631 Cicero
648 1558 693 1624 ad
714 1565 829 1622 totum
844 1548 1106 1638 Pompeianum

124 1680 306 1776 negotium
327 1666 513 1747 transfert,
547 1652 718 1755 quiahoc
740 1654 887 1748 prodest
907 1648 951 1721 ei.
1034 1651 1108 1736 Qua

126 1792 184 1886 qul
200 1783 287 1873 cpccd
301 1771 351 1874 te]
376 1766 558 1840 Transitio
575 1765 618 1832 ad
634 1755 926 1830 confutationem.

229 1882 315 1972 Cap.
330 1871 390 1945 Vl.
425 1867 457 1962 ᾗ.
473 1868 532 1939 17.
566 1868 766 1939 Admiratus
782 1857 848 1948 stc]
874 1851 1007 1926 scilicet
1022 1847 1108 1922 Cae-

127 2017 196 2064 sar.
261 1976 457 2073 Quicquam]
474 1972 603 2041 scilicet
618 1964 760 2035 dixisset
773 1957 861 2041 hoc,
882 1957 992 2029 scelus
1007 1953 1108 2024 illum

125 2086 344 2165 commisisse
372 2079 410 2146 in
437 2072 504 2143 hac
533 2094 650 2141 causa.
760 2057 894 2150 Scelus]
926 2056 1108 2138 lnbtiatio,

128 2211 248 2268 utrum
274 2194 431 2257 secutum
455 2199 527 2247 esse
549 2184 668 2265 partes
689 2163 871 2256 Pompeii,
911 2162 957 2232 sit
985 2158 1109 2243 scelus,

129 2326 174 2370 11
196 2293 242 2365 111
263 2309 375 2360 11111.
431 2276 549 2349 Scelus
569 2273 719 2353 dicitur,
751 2268 847 2361 quod
868 2265 907 2332 fit
928 2263 1053 2333 fraude
1075 2272 1110 2329 et

128 2400 232 2478 dolo,
257 2396 321 2463 das
337 2390 381 2456 da
397 2376 574 2474 geschicht
588 2402 651 2446 111
667 2371 747 2441 11111
763 2366 975 2439 mutwillen.
1021 2466 1030 2482 ι
1057 2368 1111 2480 ate

128 2506 213 2576 milri
236 2484 386 2592 quidem]
412 2487 445 2554 A
468 2509 531 2556 suo
554 2474 799 2573 pronuntiato.
851 2467 1055 2538 Translatro
1071 2489 1110 2534 11

128 2612 261 2682 latum,
292 2586 630 2690 quia'hocnecesse
652 2580 720 2649 luit
742 2575 774 2645 ei
796 2574 1005 2653 dicendum,
1028 2592 1109 2639 curn

127 2700 524 2781 mmmmmm

232 2804 263 2897 ξ.
282 2801 341 2872 18.
366 2800 485 2868 Liceat
500 2772 742 2879 escemicerus]
760 2775 962 2851 Correctio:
988 2771 1111 2843 Liceat

130 2913 278 2984 miseros
310 2926 402 2983 csse,
447 2897 508 2968 sed
543 2889 757 2982 exprobrare
784 2881 888 2950 alteri
917 2875 1111 2959 miseriam,

129 3013 366 3086 inhumanum
388 3012 451 3070 est.
501 2989 638 3073 πάθοςι
672 2986 766 3081 Quia
791 3006 897 3053 nemo
922 2979 1110 3098 crudeliter

128 3109 337 3189 demortuis
352 3103 529 3197 loquitur,
555 3094 617 3190 qui
639 3092 748 3160 modo
769 3109 875 3158 sanae
897 3095 1027 3153 mentis
1048 3093 1110 3153 est.

130 3216 280 3291 Athenis
295 3210 362 3280 luit
373 3209 430 3275 lex
444 3204 535 3284 lata,
560 3220 605 3267 ne
623 3194 701 3290 quis
719 3193 924 3284 loqueretur
947 3185 990 3254 de
1014 3208 1111 3253 mor-

130 3339 214 3403 tuo,
239 3314 354 3388 etluit
371 3301 623 3378 humanissima
647 3299 721 3378 lex,
753 3305 789 3362 et
811 3291 967 3383 prosecta
994 3312 1036 3357 ex
1057 3287 1111 3355 in-

132 3430 218 3497 tima
237 3418 389 3515 quadam
405 3406 588 3502 sapientia.
638 3400 843 3469 Humanum
868 3395 963 3461 enim
987 3404 1038 3461 est
1061 3392 1111 3460 le-

130 3552 215 3598 vare
231 3518 422 3599 miseriam,
447 3535 521 3581 non
538 3528 678 3598 augere.
718 3499 765 3569 Et
779 3497 910 3567 Caesar
926 3519 1111 3588 nunquam

132 3632 201 3701 nisi
215 3622 409 3697 honorilice
424 3618 561 3685 locutus
586 3621 637 3678 est
659 3607 704 3675 de
719 3599 913 3692 Pompeio,
945 3621 1036 3692 quae
1061 3609 1113 3666 est

133 3732 274 3804 heroica
298 3724 421 3792 virtus.
496 3720 614 3787 Liceat
634 3701 767 3803 multia]
793 3701 997 3773 ACacsaris
1022 3699 1112 3767 iudi·

133 3839 200 3906 cio.
287 3815 487 3917 Voluerunt]
519 3815 711 3892 Rationes,
743 3829 853 3901 quare
876 3828 950 3873 non
975 3802 1021 3872 sit
1042 3827 1111 3871 sce-

134 3944 203 4012 1111
232 3932 325 4025 Quia
341 3939 381 3995 tu
396 3949 471 3994 non
486 3917 642 3990 indixisti
653 3910 756 3981 nobis
768 3909 914 3989 bellum,
941 3919 1112 3998 tanquam

132 4032 321 4115 sceleratis.
395 4012 626 4118 Dignitatem]
654 4015 784 4086 Caesar
799 4008 915 4080 noluit
939 4008 1044 4080 istum
1071 4008 1114 4076 ti.

132 4147 247 4217 tulum
276 4139 388 4214 terre,
433 4142 603 4220 tanquam
636 4117 796 4212 gessisset
823 4112 955 4182 bellum
990 4124 1113 4191 contra

132 4240 388 4337 rempublicam
422 4245 484 4302 aut
511 4252 577 4321 pro
608 4219 808 4314 republica,
856 4216 915 4284 sed
945 4227 984 4282 ut
1014 4238 1113 4282 suam

133 4348 344 4440 dignitatern
366 4336 590 4411 defenderet,
627 4345 799 4416 suumque
824 4321 877 4388 ius
901 4317 1114 4408 promissum

133 4461 305 4522 tueretur.
370 4439 464 4508 Vere
494 4435 590 4505 enim
614 4431 668 4499 ius
692 4423 816 4497 habuit
840 4421 987 4500 Caesar,
1019 4419 1115 4487 Aber

133 4558 197 4624 (las
220 4573 277 4620 ers
298 4544 367 4615 mit
386 4544 450 4612 der
472 4534 619 4610 scherffe
643 4523 787 4622 gesucht
808 4521 889 4606 hat,
921 4525 984 4592 das
1006 4522 1051 4593 ist
1073 4547 1116 4592 zu

134 4658 203 4727 viel
218 4660 363 4746 gewest.
969 4725 976 4740 ι
1020 4724 1028 4739 ι

237 4752 269 4846 §.
288 4749 347 4821 19.
373 4749 465 4818 Mitt
488 4767 583 4824 caro,
609 4729 752 4829 Graecae]
784 4732 815 4800 A
837 4728 996 4798 Caesaris
1020 4748 1115 4795 1111

135 4855 326 4934 beneticiis.
403 4842 515 4941 Mill]
542 4844 573 4912 Τ
577 4839 727 4910 11111111
747 4836 782 4903 in
799 4857 900 4904 suam
914 4852 1115 4921 personam.

136 4955 306 5056 Secessio]
331 4955 404 5024 Pro
423 4948 567 5017 nomine
581 4940 720 5014 sceleris
741 4933 921 5009 substituit
934 4931 1039 5000 aliam
1058 4933 1117 4998 de-

135 5067 355 5142 linitionem,
398 5067 451 5124 cst
472 5049 640 5128 secessio,
679 5067 753 5111 non
783 5050 835 5109 cst
860 5036 990 5117 scelus,
1030 5034 1118 5145 sient

138 5163 343 5241 Caesariani
358 5143 814 5248 etPapistaeLutheranam
831 5139 1028 5210 doctrinam
1045 5160 1117 5205 111

138 5281 268 5341 rorant
281 5262 465 5344 haeresin,
481 5259 547 5331 sed
568 5248 740 5330 schisma,
765 5244 898 5316 scilicet
915 5239 1117 5312 sectionem.

139 5372 298 5446 Schisma
323 5367 418 5437 enim
443 5377 493 5435 est
516 5359 638 5433 mitius
657 5374 804 5423 nomen.
885 5336 1118 5438 cupientibus]

697 147 820 223 PlllL.
852 141 967 218 MEL.
999 140 1201 219 SCRIPTA
1232 150 1567 228 PHILOLOGICA.

2039 157 2137 229 tete

1153 321 1278 410 idest,
1303 338 1518 419 putaverunt
1533 352 1570 399 se
1586 326 1677 399 tueri
1699 327 1976 420 rempublicam,
2004 338 2044 398 et
2064 350 2137 397 noa

1153 428 1397 530 defenderunt.
1497 434 1630 503 Studiis
1686 432 1817 515 idest,
1850 431 2057 513 affectibus,
2086 432 2134 501 la·

1153 554 1252 602 vore.
1328 537 1521 607 Guucutum
1539 425 1662 630 cuttu]
1686 530 1925 626 Enthymema
1948 559 1993 604 ex
2015 557 2134 604 conse·

1155 632 1363 727 quentibus,
1396 637 1495 728 quod
1515 631 1624 704 habet
1646 636 1948 726 propositionem,
1986 635 2131 705 coniun-

1155 749 1318 832 ctamque
1347 736 1511 830 protinus
1539 737 1808 829 probationem,
1848 738 2002 833 Quintil.
2026 734 2064 811 5.
2079 736 2131 833 77).

1154 845 1256 911 Nunc
1271 835 1410 937 melier]
1437 837 1655 933 1111111177)
1672 839 1804 935 inquit:

1238 959 1351 1018 lhctrix
1371 976 1456 1018 musa
1476 959 1540 1018 Diis
1560 959 1685 1038 placuit,
1704 960 1759 1020 sed
1779 960 1856 1020 ricta
1875 960 1990 1021 Catoni.

1157 1056 1316 1157 cognitu]
1351 1059 1495 1132 Omittit
1522 1056 1611 1144 hoc,
1653 1074 1689 1130 et
1711 1062 1805 1132 redit
1826 1064 1872 1132 ad
1900 1062 2132 1146 clementiam,

1157 1163 1257 1256 quasi
1271 1166 1381 1232 dicat:
1406 1163 1599 1255 Pompeius
1613 1188 1688 1235 non
1704 1178 1794 1236 esset
1808 1177 1880 1234 tam
1899 1166 2067 1237 clemens.

1259 1266 1346 1357 Cap.
1362 1262 1437 1336 Vll.
1478 1262 1508 1357 ὃ.
1524 1268 1585 1340 20.
1614 1271 1702 1351 Sed,
1734 1279 1771 1339 ut
1791 1264 1962 1366 omittam]
1990 1267 2132 1338 Transi·

1156 1366 1220 1439 tio.
1325 1365 1465 1467 Utrum]
1496 1368 1658 1439 Absolvit
1680 1370 1799 1440 locum
1829 1370 2069 1455 delinitionis,
2103 1382 2135 1440 et

1157 1470 1380 1564 persequitur
1404 1471 1680 1542 confutationem
1697 1471 1759 1568 ⁷⁸).
1863 1479 1983 1544 Utrum
2004 1477 2134 1546 tandem

1157 1575 1352 1665 existimas]
1378 1574 1616 1665 Amplilicatio
1639 1599 1660 1642 a
1683 1573 1950 1666 comparatione
1970 1600 2037 1647 seu
2056 1598 2133 1645 con·

1158 1676 1315 1745 tentione
1329 1678 1411 1746 facti
1426 1675 1561 1769 Ligarii
1576 1689 1611 1746 et
1625 1676 1869 1747 Tuberonum.
1917 1676 2048 1760 cillere.
2097 1675 2132 1746 ln

1158 1780 1365 1849 narratione
1390 1779 1516 1849 recitat
1539 1803 1660 1851 causas
1673 1778 1809 1871 Ligarii
1831 1779 1936 1848 fuisse
1960 1777 2133 1861 honestas,

1159 1883 1256 1975 quod
1277 1882 1324 1952 sit
1344 1884 1522 1973 proiectus
1545 1883 1583 1950 in
1605 1881 1780 1966 Africam,
1816 1894 1851 1951 et
1877 1881 1928 1950 ibi
1957 1883 2133 1953 manserit.

1158 1983 1254 2053 Haec
1277 1985 1381 2067 dicit,
1405 1998 1445 2054 ut
1461 1985 1633 2075 significet
1652 2010 1733 2055 eum
1756 1983 1831 2055 sine
1852 1984 1925 2053 ulla
1947 1985 2134 2077 cupiditate

1158 2087 1242 2156 belli
1256 2088 1401 2178 gerendi
1416 2092 1582 2159 adversus
1598 2087 1784 2158 Caesarem
1801 2088 1997 2178 profectum
2022 2088 2133 2158 fuisse.

1160 2189 1253 2261 Nam
1270 2190 1414 2260 Tubero
1430 2192 1511 2260 ideo
1527 2203 1674 2260 venerat
1693 2190 1732 2259 in
1746 2189 1921 2272 Africam,
1946 2203 1988 2261 ut
2007 2191 2132 2260 bellum

1160 2305 1298 2383 gereret
1326 2294 1494 2366 adversus
1514 2293 1713 2363 Caesarem.
1779 2292 1942 2362 Secundo
1973 2295 2132 2383 obiurgat

1161 2420 1261 2479 cum,
1302 2398 1398 2490 quod
1429 2397 1616 2466 crudelitas
1643 2395 1706 2478 sit,
1746 2395 1920 2486 cumipse
1951 2395 1990 2464 in
2017 2398 2132 2464 eadem

1161 2522 1265 2568 causa
1281 2512 1485 2571 consecutus
1500 2500 1546 2569 sit
1561 2497 1721 2580 veniam,
1747 2508 1783 2566 et
1799 2508 1927 2567 tamen
1937 2498 2024 2567 velit
2037 2496 2134 2587 Liga-

1159 2600 1254 2670 rium
1276 2603 1460 2671 excludere
1481 2627 1500 2671 a
1519 2599 1626 2672 simili
1641 2599 1811 2669 beneficio
1828 2599 2001 2671 Caesaris.
2053 2600 2134 2668 Ter·

1162 2703 1211 2771 tio
1226 2702 1294 2773 tuit
1308 2705 1521 2789 confutatio,
1548 2716 1582 2774 et
1599 2703 1735 2794 primus
1751 2703 1849 2772 locus
1873 2727 1914 2773 ex
1935 2702 2135 2773 delinitione

1160 2818 1320 2898 sumptus
1336 2820 1405 2893 est,
1430 2807 1592 2877 videlicet
1616 2805 1702 2899 quid
1729 2805 1776 2875 sit
1799 2805 1888 2876 illud
1917 2818 2035 2876 totum
2057 2828 2136 2875 con·

1161 2909 1280 2979 silium
1309 2910 1393 2978 belli
1420 2910 1565 3001 gerendi
1596 2910 1763 2979 adversus
1786 2906 1994 2993 Caesarem,
2026 2932 2074 2978 an
2094 2907 2136 2978 sit

1161 3012 1292 3096 scelus,
1316 3036 1382 3083 nec
1403 3037 1460 3086 ne.
1511 3012 1634 3084 Cicero
1656 3011 1822 3081 transfert
1838 3013 1883 3083 ad
1901 3023 2017 3082 totum
2035 3034 2138 3102 nego·

1161 3114 1271 3199 tium,
1296 3117 1394 3209 quod
1407 3119 1451 3185 de
1464 3140 1536 3186 una
1553 3127 1690 3184 tantum
1704 3127 1806 3207 parte
1833 3114 1969 3184 dixerat
1985 3113 2138 3187 Tubero.

1162 3217 1306 3287 Tubero
1324 3219 1418 3288 enim
1434 3243 1509 3288 non
1523 3218 1673 3287 vocabat
1687 3213 1755 3286 hoc
1769 3219 1898 3300 scelus,
1923 3219 2021 3311 quod
2037 3215 2137 3308 Liga-

1162 3320 1236 3392 rius
1252 3332 1376 3391 contra
1392 3321 1579 3393 Caesarem
1597 3321 1764 3401 stetisset,
1797 3323 1857 3390 sed
1879 3322 1976 3414 quod
2001 3318 2137 3411 aLiga·

1162 3423 1217 3492 rio
1235 3426 1278 3493 ab
1294 3424 1411 3494 Africa
1428 3425 1585 3495 exclusus
1601 3435 1701 3494 esset.
1751 3422 1853 3493 Nunc
1876 3423 2039 3517 sequitur
2059 3446 2138 3515 pur·

1162 3526 1279 3617 gatio,
1319 3552 1410 3622 quae
1430 3523 1537 3597 habet
1559 3525 1842 3596 extenuationem
1865 3548 2010 3609 eorum,
2051 3548 2139 3619 quae

1162 3629 1244 3698 fecit
1265 3628 1446 3721 Ligarius,
1485 3643 1520 3700 et
1540 3629 1682 3699 additur
1702 3628 1964 3711 recriminatio,
2005 3626 2044 3695 in
2072 3651 2139 3722 qua

1164 3732 1397 3824 amplificatur
1411 3732 1584 3825 cupiditas
1597 3756 1659 3802 seu
1672 3731 1828 3802 studium
1842 3731 1926 3799 belli
1944 3731 2091 3822 gerendi
2105 3729 2139 3798 in

1163 3834 1354 3904 Tuberone
1379 3838 1544 3906 adversus
1567 3835 1764 3904 Caesarem.
1830 3833 1954 3904 Cicero
1978 3829 2048 3903 hoc
2070 3833 2141 3903 vult

1165 3940 1318 4018 efficere,
1352 3941 1448 4032 quod
1471 3962 1575 4007 causa
1599 3934 1734 4028 Ligarii
1756 3937 1873 4007 minus
1894 3935 1981 4004 mali
2004 3933 2141 4015 habeat,

1166 4066 1272 4134 quam
1294 4039 1506 4110 Tuberonis.
1612 4043 1730 4111 Utrum
1747 4035 1898 4137 taudem]
1931 4035 2001 4108 lsta
2024 4038 2141 4108 omnia

1165 4155 1355 4212 extenuant
1369 4144 1533 4213 delictum
1545 4140 1691 4234 Ligarii.
1767 4144 1893 4233 Erice]
1917 4142 2020 4234 quasi
2035 4143 2140 4210 dicat:

1165 4246 1272 4317 Nullo
1290 4249 1396 4315 modo
1416 4245 1533 4337 potuit
1555 4248 1715 4315 deserere
1739 4244 1972 4335 provinciam.
2047 4248 2141 4313 Pote-

1166 4351 1339 4441 rumuene]
1374 4349 1506 4419 scilicet
1533 4372 1607 4416 non
1641 4347 1761 4416 venire
1783 4347 1819 4413 in
1841 4347 2010 4415 Africam.
2070 4345 2142 4413 lloc

1166 4450 1270 4533 dicit,
1295 4465 1335 4522 ut
1351 4454 1511 4521 ostendat
1526 4475 1679 4534 causam,
1706 4453 1801 4544 quod
1812 4450 1956 4519 Tubero
1970 4450 2144 4539 profectus

1167 4554 1212 4624 sit
1233 4577 1312 4623 cum
1337 4555 1528 4645 cupiditate
1550 4553 1634 4621 belli
1659 4552 1803 4644 gerendi
1832 4554 2000 4621 aduersus
2022 4551 2144 4620 Caesa·

1167 4680 1254 4725 rem.
1369 4661 1412 4728 st
1443 4681 1494 4728 mc
1519 4652 1680 4753 concedis]
1711 4655 1826 4723 Verba
1851 4667 1935 4725 sunt
1956 4654 2146 4723 Ciceronis.

1167 4759 1306 4849 Paruit]
1332 4759 1462 4828 scilicet
1483 4773 1564 4828 ante
1585 4760 1716 4829 bellum
1740 4757 1852 4827 civile.
1928 4758 2087 4848 necem]
2112 4756 2146 4822 id

1169 4873 1238 4943 est,
1279 4884 1344 4931 nos
1376 4861 1542 4932 debuistis
1574 4862 1710 4931 senatui
1740 4862 1999 4950 obtemperare.
2072 4857 2145 4950 lpsa

1167 4964 1312 5034 libertas
1328 4965 1426 5034 decet
1441 4966 1479 5034 in
1493 4960 1559 5033 hac
1575 4988 1689 5034 causa.
1740 4962 1838 5031 Facit
1857 4973 1974 5031 autem
1992 4962 2145 5031 collatio

1169 5123 1372 5135 -0-——0

1205 5201 1254 5257 76)
1274 5199 1385 5262 Quintil.
1405 5198 1490 5248 lnsttt.
1508 5199 1579 5248 orat.
1598 5194 1635 5260 V,
1654 5196 1696 5258 tt,
1716 5196 1740 5246 t.

1205 5284 1254 5351 77)
1273 5288 1373 5337 Lucan.
1394 5284 1517 5339 Pharsat.
1537 5284 1561 5350 1,
1580 5284 1637 5335 tea.

1204 5372 1251 5437 78)
1270 5372 1495 5432 contutatloucn]
1511 5373 1561 5424 111.
1576 5373 1650 5424 tosa.
1670 5383 1765 5422 errore
1779 5375 1905 5445 typogr:
1924 5371 2142 5451 recausationem
