4544 5766
123 199 196 276 aas
697 166 819 265 rau..
847 184 960 266 sisi.
992 188 1612 269 sentimurnuumctcuu
1726 230 1752 260 .-
2051 188 2129 266 ass

122 387 284 446 utuntur.
310 366 313 371 ’
336 371 454 463 Quare
479 390 554 436 non
577 365 692 435 oberit
720 366 832 437 multa
860 357 1099 459 exempla'co·
1149 379 1287 439 tantum
1309 367 1516 449 antecedens
1534 374 1665 459 ponat,
1690 364 1798 460 idque
1814 361 1981 457 exemplis
1997 362 2129 455 ampli·

125 477 307 570 gnovisse,
344 469 554 564 praesertim
588 493 668 539 cum
699 468 737 538 in
773 470 946 540 similibus
973 470 1100 553 causis,
1149 474 1245 556 iicet,
1270 484 1392 563 postea
1409 470 1589 563 relinquat
1604 483 1851 561 argumentum
1866 469 2033 538 mutilum
2049 465 2129 535 sine

125 581 318 671 iisdemque
334 574 438 657 locis,
462 586 582 641 tamen
608 573 705 641 aliud
727 572 804 642 aliis
820 573 858 641 in
871 584 1027 641 mentem
1041 598 1100 641 ve·
1151 574 1387 657 conclusione,
1402 569 1470 642 hoc
1482 575 1608 643 modo:
1624 574 1742 666 Quam
1749 573 1796 670 ⁸¹)
1805 573 1997 663 plurimum
2005 570 2128 653 refert,

126 684 220 764 niat,
246 679 342 773 quod
361 675 474 766 magis
500 678 546 744 ad
566 699 642 743 rem
662 675 826 766 pertinet.
876 674 999 768 Neque
1015 699 1100 745 vero
1152 679 1321 749 sortiatur
1346 676 1474 769 aliquis
1499 676 1662 759 iudicem,
1688 698 1735 743 an
1756 677 1878 765 eligat,
1903 674 2127 766 multumque

126 796 264 854 tantum
286 780 479 851 similitudo
505 779 679 871 quaedam
701 790 752 847 est
778 778 950 847 artificum
980 778 1018 846 in
1048 779 1103 846 in·
1153 780 1343 872 adparatus
1362 780 1512 848 interest·
1538 780 1632 870 apud
1660 778 1849 848 invitatum
1880 773 2058 868 hospitem
2093 787 2127 843 et

127 885 304 955 veniendo
322 907 362 953 ac
376 881 615 973 disponendo,
641 881 823 949 sedetiam
840 881 1014 974 quaedam
1032 880 1103 950 clo·
1154 884 1323 952 oblatum.
1376 880 1465 950 Cum
1490 883 1584 973 apud
1599 881 1770 951 Catonem
1795 882 1895 949 illum
1909 876 2127 977 ”tambitus

128 987 280 1058 cutionis
316 986 509 1056 similitudo
534 996 596 1053 est.
671 983 803 1052 Omnes
838 982 933 1052 enim
974 982 1105 1053 alicubi
1153 983 1291 1056 hostem
1320 995 1356 1051 et
1380 984 1531 1075 repulsis
1561 996 1732 1078 tanquam
1765 979 1962 1052 honoribus
2000 979 2127 1072 ineptis

128 1103 277 1162 utuntur
301 1086 632 1180 amplificationibus
660 1098 694 1154 ei
714 1085 859 1180 reliquis
887 1086 1104 1156 ornamentis
1154 1090 1384 1180 gaudentem,
1408 1087 1640 1176 flagrantibus
1655 1085 1805 1163 comitiis
1815 1086 2002 1177 pecuniam
2021 1085 2128 1174 depo-

131 1191 314 1263 orationis.
361 1191 568 1273 Postremo,
600 1188 758 1278 specialis
789 1190 963 1282 quaedam
989 1188 1105 1257 imita·
1154 1203 1280 1260 nerent
1301 1188 1500 1273 candidati,
1526 1184 1595 1258 hoc
1624 1214 1660 1259 se
1689 1190 1804 1257 iacere
1826 1213 1891 1280 pro
1913 1184 2128 1269 innocentia,

132 1296 239 1365 tionis
260 1293 353 1362 ratio
377 1304 428 1363 est
447 1292 561 1384 posita
588 1291 626 1359 in
650 1291 882 1360 collocatione
904 1293 1105 1374 verborum,
1157 1294 1253 1387 quod
1272 1293 1311 1360 in
1335 1294 1439 1361 rebus
1460 1287 1625 1361 humanis
1648 1317 1826 1373 summum
1847 1303 1955 1373 esset,
1986 1288 2129 1381 prolite-

131 1400 170 1466 in
186 1396 408 1466 absolvendis
419 1394 634 1485 argumentis
644 1394 723 1462 etin
732 1395 856 1462 ordine
865 1385 1106 1485 periodorum.
1156 1399 1297 1465 bantur.
1349 1392 1433 1463 lndc
1448 1392 1509 1462 illa
1524 1394 1656 1463 nobilis
1666 1394 1716 1466 M.
1727 1394 1905 1464 Ciceronis
1920 1391 2127 1484 suspiratio:

132 1501 260 1593 Neque
289 1510 341 1568 est
369 1494 474 1580 haec,
507 1510 548 1566 ut
578 1496 688 1590 aliqui
718 1497 939 1581 existimant,
962 1497 1107 1566 inutilis
1158 1500 1248 1569 Ote
1271 1490 1430 1567 luelicem
1454 1496 1504 1566 Μ.
1519 1496 1643 1581 Porci,
1671 1521 1690 1565 a
1722 1522 1793 1590 quo
1822 1521 1897 1565 rem
1927 1493 2128 1586 improbant

134 1601 333 1693 diligentia;
360 1600 476 1669 reddit
506 1597 601 1667 enim
629 1598 800 1669 illustrem
832 1612 866 1668 et
886 1600 1107 1693 perspicuam
1157 1615 1277 1694 petere
1304 1624 1409 1669 nemo
1440 1599 1561 1669 audet!
1634 1599 1725 1668 Cum
1750 1597 2132 1689 tribunos-adpellant

135 1705 346 1775 orationem.
395 1702 459 1772 Est
475 1715 592 1772 autem
611 1726 716 1771 omne
731 1702 769 1770 in
788 1702 936 1772 dicendo
953 1703 1107 1773 studium
1158 1704 1199 1774 L.
1224 1696 1355 1794 Scipio
1374 1701 1567 1786 Asiaticus,
1592 1702 1686 1770 inter
1718 1727 1806 1795 quos
1832 1714 1909 1770 erat
1940 1695 2131 1784 Gracchus,

134 1833 176 1878 eo
205 1806 448 1888 referendum,
478 1817 520 1875 ut
547 1804 661 1901 oratio
693 1829 800 1898 quam
829 1806 981 1874 maxime
1013 1806 1109 1874 clara
1159 1804 1227 1877 hoc
1257 1807 1496 1875 adtestabatur
1511 1805 1580 1902 ⁸⁸),
1619 1805 1677 1873 vel
1708 1804 1853 1873 inimico
1889 1803 1999 1874 iudici
2009 1802 2059 1900 ⁸¹)
2095 1825 2130 1872 se

133 1910 389 2004 perspicuaque
418 1907 598 1978 efficiatur.
672 1905 719 1975 Et
750 1907 833 2001 quia
864 1900 1043 1978 Ciceronis
1071 1907 1109 1975 in
1159 1909 1306 2003 probari
1320 1931 1421 2000 posse
1434 1906 1493 2004 ⁸³).
1544 1904 1652 1978 Vides
1669 1909 1786 1977 deesse
1801 1905 2064 1976 conclusionem
2079 1899 2131 1975 his

135 2011 390 2103 compositione
413 2008 594 2100 diligentia
619 2034 756 2078 summa
781 2011 865 2093 fuit,
889 2006 984 2079 hunc
1007 2010 1110 2080 nobis
1161 2012 1346 2103 exemplis,
1371 2023 1553 2103 praeterea
1585 2011 1692 2079 etiam
1722 2011 1895 2104 quaedam
1918 2033 1991 2079 esse
2016 2019 2130 2078 assuta

133 2114 361 2206 magistrum,
386 2107 455 2180 hoc
477 2113 673 2202 exemplum
690 2112 894 2210 maximati)
909 2137 1110 2205 proponere
1159 2127 1400 2208 praeterrem.
1448 2112 1565 2207 Atque
1582 2113 1620 2181 in
1635 2109 1838 2183 huiusmodi
1853 2111 2021 2204 exemplis
2034 2111 2132 2180 facile

135 2220 322 2299 debemus,
355 2214 394 2281 in
418 2210 513 2283 hunc
544 2227 620 2283 toto
651 2215 792 2298 animo,
817 2227 962 2311 totaque
992 2228 1111 2285 mente
1161 2229 1214 2288 est
1235 2218 1357 2286 videre
1381 2215 1555 2285 rationem
1578 2217 1844 2307 componendae
1870 2216 2130 2308 servandaeque

136 2320 284 2389 intueri:
311 2313 406 2386 hunc
434 2317 483 2386 ita
514 2341 653 2401 amare,
679 2330 720 2387 ut
746 2343 826 2387 cum
854 2320 899 2387 ad
923 2318 1010 2388 alios
1034 2330 1112 2386 tan·
1163 2318 1353 2404 orationis,
1378 2343 1452 2387 non
1475 2320 1583 2388 modo
1599 2319 1790 2411 voluptatis
1806 2342 1929 2401 causa,
1954 2318 2134 2388 utmodu·

139 2446 247 2518 quarn
264 2423 310 2490 ad
323 2417 491 2512 hospites,
516 2419 709 2515 aliquando
731 2419 899 2512 expatiati
920 2420 1041 2505 simus,
1066 2422 1116 2489 ad'
1161 2423 1270 2492 latior
1294 2422 1338 2490 ad
1353 2445 1455 2492 aures
1470 2420 1643 2491 accideret
1658 2421 1793 2505 oratio,
1819 2422 1880 2492 sed
1894 2422 2009 2491 multo
2024 2418 2137 2510 magis

136 2521 233 2596 hunc
265 2523 382 2594 statim
414 2525 617 2607 redeamus,
653 2525 748 2615 apud
778 2520 872 2593 hunc
901 2517 1112 2607 habitemus,
1161 2524 1324 2596 utilitatis
1350 2548 1454 2595 causa
1476 2514 1720 2615 'excogitatum
1753 2548 1845 2609 esse,
1876 2523 1959 2618 quia
1988 2547 2030 2592 re
2058 2521 2133 2614 ipsa

138 2624 233 2698 hunc
247 2625 561 2695 familiarissimum
575 2624 879 2711 nobisiaciamus,
905 2639 946 2695 ut
961 2622 1113 2697 scriben-
1163 2627 1384 2721 experimur,
1431 2650 1632 2697 sermonem
1650 2700 1653 2705 Α
1670 2640 1801 2696 temere
1840 2627 1990 2697 effusum
2032 2646 2135 2716 saepe

138 2744 190 2800 tes
212 2729 402 2819 imaginem
427 2727 598 2799 orationis
623 2730 697 2798 eius
712 2728 933 2811 intueamur,
949 2731 1113 2799 adeam·
1165 2733 1353 2801 obscurum
1375 2753 1460 2801 esse.
1510 2729 1722 2823 Nequenos
1746 2726 1916 2799 hocloco
1949 2752 2014 2813 ea,
2047 2751 2135 2823 quae

139 2856 206 2928 que
222 2832 451 2923 cogitationes
467 2855 507 2899 ac
519 2833 649 2924 stylum
663 2831 865 2922 dirigamus.
915 2831 983 2901 Sed
999 2831 1114 2924 prius·
1164 2836 1212 2902 de'
1228 2832 1389 2903 numeris·
1409 2857 1429 2900 a
1452 2833 1627 2903 veteribus
1643 2833 1773 2903 tradita
1787 2845 1887 2918 sunt,
1913 2831 2136 2923 attingemus.

141 2960 249 3031 quam
278 2927 465 3026 praecepta
493 2927 598 3003 huius
630 2931 681 3002 rei
712 2935 914 3017 tradamus,
954 2932 1113 3026 exempla
1164 2939 1276 3029 Quae,
1292 2935 2135 3029 posteaquamususLatinaelinguaevernaculus

140 3040 315 3133 quaedam
337 3037 580 3118 ostendemus,
604 3049 645 3105 ut
670 3034 819 3126 intelligi
848 3036 976 3128 possit,
1003 3058 1114 3132 quan·
1164 3064 1236 3109 csse
1259 3038 1380 3122 desiit,
1406 3036 1554 3130 intelligi
1574 3062 1702 3130 magna
1719 3062 1760 3112 ex
1774 3051 1874 3130 parte
1888 3063 1964 3109 non
1978 3050 2136 3130 possunt,

142 3155 220 3212 tum
235 3150 388 3233 praestet
402 3136 606 3206 Ciceronem
623 3137 742 3228 potius
765 3163 873 3230 quam
894 3138 982 3209 alios
1003 3138 1113 3233 sequi.
1164 3143 1224 3213 sed
1245 3141 1314 3208 alia
1341 3141 1514 3235 quaedam
1541 3154 1727 3233 praecepta
1756 3141 1892 3211 leviora
1922 3141 2136 3232 colligemus,

139 3244 305 3313 Pliniana
331 3239 445 3309 oratio
467 3262 570 3331 saepe
585 3239 743 3310 numeris
757 3239 916 3312 Platonis
931 3242 1114 3312 obscurior
1165 3270 1254 3340 qnae
1276 3256 1395 3313 tamen
1408 3243 1464 3312 vel
1479 3244 1524 3312 ad
1538 3243 1783 3335 intelligendos
1799 3270 1879 3328 eos,
1904 3244 1968 3338 qui
1983 3247 2027 3313 de
2041 3267 2136 3312 com·

141 3360 213 3431 est,
245 3342 337 3415 hanc
366 3344 412 3411 ob
442 3366 603 3428 causam,
636 3341 719 3436 quia
742 3344 952 3435 compositio
975 3345 1114 3415 Cicero·
1163 3346 1339 3440 positione
1352 3345 1523 3416 orationis
1535 3347 1767 3439 scripserunt,
1792 3349 1850 3416 vel
1866 3349 1911 3415 ad
1926 3370 2137 3438 eognoscen-

139 3452 268 3519 nianae
300 3445 476 3516 dissimilis
499 3438 562 3516 e'st.
613 3443 666 3516 lta
697 3447 841 3531 accidit,
873 3460 914 3518 ut
942 3472 1045 3541 saepe
1076 3447 1114 3515 in
1164 3454 1246 3520 dam
1296 3447 1459 3518 imitandi
1504 3449 1681 3520 rationem
1718 3446 1885 3519 nonnihil
1925 3451 2134 3520 conducent.

140 3575 250 3621 unam
273 3548 460 3642 periodum
488 3548 721 3621 infarciantur
751 3552 881 3635 multa,
915 3576 1003 3646 quae
1034 3573 1123 3645 syn··
1165 3555 1269 3647 Quid·
1293 3551 1387 3622 enim
1412 3552 1585 3645 profuerit
1616 3552 1661 3622 de
1695 3551 1894 3622 imitatione
1922 3553 2137 3645 praecipere,

141 3653 239 3721 tanin
265 3652 484 3743 perturbant.
536 3652 647 3744 Saepe
671 3677 745 3720 non
763 3654 947 3744 explentur
969 3649 1114 3723 inchoa-
1163 3657 1233 3727 nisi
1255 3669 1357 3725 antea
1382 3657 1678 3737 demonstremus,
1705 3679 1795 3748 quae
1817 3656 1965 3727 virtutes
1984 3656 2138 3725 maxime

142 3768 198 3824 tae
227 3753 438 3836 sententiae,
479 3767 736 3824 connectuntur
763 3756 892 3825 alicubi
922 3757 1113 3826 sententiae
1165 3760 1355 3830 intuendae
1381 3759 1622 3851 petendaeque
1652 3756 1747 3828 sint?
1798 3757 1862 3829 Est
1889 3770 2007 3829 autem
2035 3758 2136 3828 initio

140 3852 232 3928 nihil
245 3852 489 3938 cohaerentes,
516 3855 645 3924 alicubi
661 3858 786 3926 desunt
801 3859 1016 3947 argumentis
1032 3882 1115 3927 con·
1166 3887 1265 3932 error
1290 3884 1413 3930 eorum
1435 3855 1766 3952 reprehendendus,
1798 3861 1861 3956 qui
1884 3873 1959 3932 tum
1980 3887 2019 3932 se
2041 3863 2137 3932 effin-

141 3961 314 4033 clusioncs
337 3971 372 4027 et
394 3952 678 4050 epiphonemata.
729 3957 942 4029 Huiusmodi
962 3960 1046 4029 vitia
1062 3985 1115 4031 se·
1165 3990 1245 4057 gere
1261 3963 1413 4057 aliquem
1429 3962 1635 4055 scriptorem
1650 3963 1825 4050 iudicant,
1851 3989 1932 4034 cum
1947 3966 2135 4037 multosah

143 4078 301 4160 qnuntur
313 4059 562 4153 negligentiam
578 4061 616 4129 in
630 4063 888 4152 componendo.
939 4063 995 4133 Sic
1012 4088 1115 4155 argn—
1164 4068 1225 4137 illo
1241 4090 1361 4136 versus
1376 4090 1418 4134 ex
1431 4064 1538 4135 variis
1554 4066 1717 4136 collectos
1725 4067 1824 4152 locis,
1837 4068 1900 4137 ubi
1908 4070 2136 4139 commodum

141 4180 321 4238 mentatur
328 4163 464 4235 Plinius
479 4164 518 4232 in
532 4162 812 4260 praelationem),
825 4189 1113 4260 unumquemque
1165 4182 1227 4254 est,
1245 4181 1434 4248 consuunt;
1456 4192 1527 4262 quo
1543 4193 1670 4260 genere
1687 4169 1826 4240 dicendi
1839 4167 1929 4240 nihil
1943 4170 2138 4242 deformius

141 4272 174 4341 ei
197 4270 351 4341 maxime
367 4267 483 4338 'iudici
504 4268 631 4336 debere
658 4266 874 4357 satisfacere,
907 4293 1013 4362 quem
1039 4269 1113 4362 ipse
1165 4285 1226 4343 aut
1248 4270 1481 4342 monstrosius
1498 4271 1644 4362 cogitari
1660 4284 1786 4364 potest.
1836 4272 1886 4342 Ut
1902 4273 1997 4344 cuim
2014 4272 2044 4346 si
2060 4274 2138 4368 quis

140 4372 208 4443 sibi
231 4373 392 4465 elegerit,
417 4395 491 4439 non
516 4395 621 4465 quem
644 4394 720 4439 sors
742 4369 894 4450 dederit;
920 4395 996 4442 sors
1019 4373 1113 4440 enim
1164 4374 1352 4446 statuarius
1378 4375 1568 4444 transferat
1583 4399 1604 4443 a
1620 4370 1769 4445 Phidiae
1784 4375 2138 4476 Minerva⁸⁸)caput,

140 4499 244 4568 saepe
267 4478 329 4546 dat
349 4473 510 4568 iniquos,
546 4475 607 4543 dat
638 4471 820 4564 imperitos
847 4472 995 4545 iudices:
1033 4500 1113 4545 cum

142 4591 261 4647 autem
278 4579 352 4697 5¹³⁵?
369 4576 414 4694 ³5¹
427 4576 482 4646 ⁸¹¹5
496 4575 612 4694 ⁰Perl⁸
626 4574 863 4694 ⁰⁰i¹¹i⁸i⁰¹¹⁹¹¹¹
872 4575 1112 4674 ⁰³⁰³³¹⁸m³⁰l
1198 4643 1247 4704 u)
1266 4643 1364 4705 ouen]
1384 4642 1424 4694 ste
1441 4643 1505 4694 ruse
1516 4643 1618 4695 rorte·
1634 4654 1653 4693 ι
1670 4642 1786 4698 nertin
1802 4643 1824 4694 t.
1840 4643 1861 4699 t
1880 4641 1935 4711 (sc
1948 4644 1979 4697 nt
1998 4649 2055 4702 me
2074 4649 2097 4701 r
2116 4650 2128 4702 1

139 4695 311 4775 tanquam
332 4682 483 4750 iudicem
507 4674 724 4762 adhibuent,
749 4703 785 4748 se
812 4703 954 4774 quoque
973 4675 1114 4749 hocde-
1231 4726 1257 4775 p,
1276 4709 1316 4777 s.)
1334 4713 1451 4777 reguum
1471 4678 1619 4776 quonism’
1652 4657 1670 4707 Ρ
1979 4660 1997 4710 ⁹
2097 4686 2136 4703 '⁰

138 4785 255 4855 buissc
283 4796 482 4876 praestare,
511 4793 552 4850 ut
577 4781 732 4873 placeret
758 4783 928 4873 scriptum
959 4782 1113 4854 Caesari.
1197 4796 1433 4857 autemeam
1456 4797 1526 4849 ceto
1548 4795 1703 4861 uticensis,
1733 4797 1779 4861 qut
1801 4808 1828 4849 e.
1844 4811 1871 4849 n.
1888 4811 1912 4853 c.
1929 4800 1990 4854 sss.
2013 4800 2137 4858 nimau

138 4889 204 4959 Hic
218 4888 316 4957 locus
329 4885 436 4978 paulo
451 4885 634 4954 obscurior
651 4895 703 4954 est
716 4885 812 4975 apud
829 4897 1010 4972 autorem,
1032 4912 1113 4957 cum
1141 4932 1146 4942 ·
1230 4866 1318 4930 Μὴ
1335 4869 1477 4917 mmm
1494 4867 1631 4918 ‘mm'
1647 4866 1764 4917 ”mm
1780 4869 1929 4921 ‘mm'

1163 4551 1368 4565 ,μαι-.-

1197 4951 1247 5011 33)
1264 4952 1467 5014 adtestabatur]
1485 4952 1535 5007 ito.
1553 4952 1630 5004 im.
1646 4953 1757 5016 typum.
1775 4964 1885 5005 errem
1901 4954 2073 5012 eumue.

1197 5037 1246 5095 aa)
1263 5036 1359 5098 iudici]
1377 5037 1418 5088 sio
1434 5037 1504 5088 run.
1522 5037 1543 5088 l.
1561 5037 1596 5100 i.;
1613 5036 1680 5087 iliae
1696 5036 1797 5090 ariete
1813 5038 1908 5091 iudice.

303 5185 310 5200 ⁹
531 5182 534 5187 ι
1196 5123 1245 5181 85)
1264 5125 1349 5184 Quam
1372 5126 1452 5186 (prot
1480 5122 1621 5187 quonism)
1650 5122 1874 5186 plurimun-se
1896 5127 2007 5189 proteri
2032 5134 2138 5194 possa]

173 5189 222 5248 28)
239 5186 367 5247 mxime]
384 5182 413 5233 ln
429 5180 479 5233 Ed.
499 5178 574 5233 1641.
590 5177 622 5230 F·
641 5177 728 5230 ⁶00⁸&
1229 5193 1298 5242 iaec
1321 5194 1407 5242 verbs
1433 5195 1498 5243 sunt
1522 5190 1604 5243 Plinii
1627 5192 1740 5244 sewardi
1759 5195 1824 5247 hist
1848 5197 1905 5246 tritt.
1922 5197 1941 5247 i.
1958 5197 1979 5247 i.
2002 5197 2064 5257 init
2080 5204 2136 5263 (ed.

173 5280 222 5335 29)
241 5275 345 5326 Plinius
363 5269 500 5322 secundus
518 5265 546 5316 iu
562 5262 734 5329 praefatione
750 5260 884 5314 historiae
901 5262 1036 5315 rameniis
1053 5265 1072 5317 i.
1090 5262 1112 5320 i.
1230 5261 1337 5324 sipont.
1355 5262 1384 5313 τ.
1402 5260 1423 5310 l.
1440 5274 1466 5323 p·
1483 5259 1533 5319 δι).

205 5347 263 5397 init.
1195 5345 1245 5406 Β)
1262 5346 1387 5410 nitrias,
1412 5344 1662 5397 chunimundus
1678 5345 1870 5416 Atheniensis,
1892 5351 1995 5401 artifex
2012 5355 2138 5406 celeber·

91 5462 99 5474 ι
167 5436 221 5492 ω)
234 5430 343 5484 scilieet
359 5425 561 5491 Vespasianus
575 5419 776 5486 inperatorem.
992 5424 995 5429 ·
1228 5413 1332 5481 rim,
1348 5417 1410 5467 tre·
1424 5414 1566 5467 lienem
1582 5416 1690 5467 mun
1705 5414 1785 5484 tecit,
1800 5430 1895 5501 rupe
1911 5421 2028 5482 prins·
2043 5424 2137 5477 nette·
