4544 5766
1177 1481 1254 1567 vl.

333 1715 442 1807 PH.
485 1714 664 1801 atuh.
708 1708 1263 1802 ulssunraulo
1309 1711 1404 1796 DE
1454 1710 2097 1807 coNunac'rlutJS.

1146 1902 1284 1914 ⁸-—

297 2035 379 2094 Haee
399 2029 563 2090 dissertatio
584 2029 626 2087 bis
646 2046 663 2086 a
684 2029 875 2088 Melanthone
897 2029 976 2089 edita
998 2039 1060 2106 est,
1082 2031 1208 2107 primum
1230 2033 1309 2091 enim
1328 2033 1365 2089 ab
1387 2049 1423 2089 eo
1444 2031 1580 2090 adiuncto
1601 2041 1646 2089 est
1667 2031 1755 2091 libro:

337 2114 523 2177 Enarrotio
545 2111 673 2192 aliquot
692 2109 854 2175 librorum
875 2109 1069 2174 Etlsicorum
1089 2111 1288 2176 Aristotelis
1335 2118 1430 2192 rimi,
1459 2113 1612 2187 secundi,
1639 2119 1736 2176 tertii
1755 2127 1787 2176 et
1809 2118 1937 2196 quinti,
1971 2115 2017 2177 od
2037 2116 2233 2200 intelligen-

375 2200 454 2261 dum
472 2197 692 2262 Aristotelem
713 2199 827 2274 utilis,
850 2208 968 2259 sutore
987 2195 1147 2281 Philippo
1168 2137 1396 2263 Melanionis.
1443 2194 1762 2279 Vitebergee15l5.
1804 2202 1836 2265 8.

209 2288 266 2349 vid
289 2289 426 2367 Prolegg.
455 2307 486 2365 p.
500 2282 645 2363 5-1⁰.,
680 2285 790 2346 deinde
818 2287 939 2346 editioni
965 2285 1116 2364 Epitomes
1142 2287 1344 2367 philosophiae
1373 2287 1508 2364 morulis,
1541 2303 1618 2365 quae
1646 2289 1832 2367 Argentorati
1853 2285 1948 2352 1546.
1976 2289 2084 2367 prodiit
2112 2291 2155 2350 sic
2184 2294 2236 2352 io·

210 2375 266 2434 sori
288 2385 334 2434 ta:

266 2394 286 2454 P
335 2453 490 2536 Philippi
508 2450 736 2517 Melanthonis
755 2449 990 2536 philosophiae
1011 2453 1149 2516 moralis
1170 2452 1342 2536 Epitomes
1362 2450 1466 2517 Libri
1486 2454 1550 2516 duo
1573 2455 1742 2517 emendati
1769 2468 1802 2517 et
1830 2461 1933 2520 aucti.
1981 2453 2080 2520 Item.
2115 2457 2237 2523 Euar-

376 2543 468 2601 restio
489 2539 615 2620 aliquot
636 2536 798 2601 librorum
819 2537 1013 2601 Ethicorum
1034 2538 1249 2614 Aristotelis,
1271 2538 1409 2614 Primi,
1421 2537 1585 2614 Secundi,
1617 2538 1730 2622 Tertij
1748 2551 1781 2603 et
1802 2538 1941 2621 Quinti,
1969 2542 2016 2603 ad
2035 2543 2238 2626 intelligen-

378 2627 457 2689 dum
476 2623 694 2688 Aristotelem
715 2625 821 2689 utilis.
869 2624 994 2687 Eodem
1015 2624 1143 2708 Philip.
1164 2623 1306 2691 Meton.
1327 2637 1456 2690 autore.
1506 2625 1738 2706 Argentorate·
1764 2629 1858 2710 apud
1881 2626 2055 2691 Graiam
2073 2626 2235 2716 Mylissss.

376 2710 478 2775 Anno
500 2709 548 2773 M.
561 2708 608 2772 D.
625 2708 763 2776 XLVI.
803 2711 834 2775 8.

208 2801 267 2862 vid.
290 2801 428 2879 Prolegg.
459 2818 491 2877 p.
507 2793 656 2860 13-14.

869 3183 951 3247 DE
994 3181 1584 3251 commaneamus,

209 3369 266 3482 In
282 3406 407 3503 quinto
422 3406 514 3477 libro
529 3402 740 3477 Ethicorum
760 3404 1038 3476 eruditissimum
1061 3405 1193 3476 dictum
1245 3409 1336 3480 sicut
1354 3409 1457 3478 docet
1471 3407 1604 3479 Paulus
1621 3406 1745 3501 (Rom.
1763 3411 1822 3491 10,
1841 3408 1933 3505 12.):
1966 3407 2065 3479 Idem
2082 3412 2179 3484 Deus
2194 3415 2226 3482 in

213 3525 281 3594 est,
322 3511 361 3579 in
387 3536 507 3582 rerum
534 3508 855 3580 communicatione
881 3509 1102 3580 efficiendam
1123 3533 1195 3578 esse
1246 3537 1370 3583 omnes
1387 3512 1449 3605 qui
1465 3511 1634 3581 invocant
1654 3536 1747 3581 eum.
1805 3509 1893 3580 Item
1908 3513 2037 3583 Petrus
2060 3513 2156 3608 (Act.
2175 3520 2230 3600 10,

213 3614 463 3707 aequalitatem
481 3609 702 3682 arithmetica
718 3612 973 3704 proportione,
1005 3636 1090 3682 nam
1108 3612 1195 3679 alio·
1246 3614 1342 3710 34.):
1368 3611 1411 3682 ln
1428 3614 1577 3683 veritate
1597 3614 1768 3703 cognovi,
1795 3617 1893 3708 quod
1907 3617 2005 3686 Deus
2018 3641 2093 3686 non
2108 3633 2162 3689 est
2176 3644 2228 3688 ac·

213 3717 275 3815 qui
290 3740 365 3785 non
380 3730 498 3808 posset
512 3728 685 3807 perpetuo
701 3715 830 3783 durare
851 3739 971 3785 rerum
998 3712 1196 3784 communi·
1248 3730 1408 3809 captator
1422 3740 1669 3808 personarum.

212 3820 327 3903 catio,
367 3819 451 3912 quia
477 3819 538 3889 ubi
562 3843 637 3887 non
661 3829 823 3887 servatur
849 3817 1063 3911 aequalitas,
1095 3829 1136 3886 ut
1158 3817 1197 3883 in
1350 3818 1520 3888 Amemus
1537 3842 1621 3909 ergo
1636 3813 1728 3886 hanc
1755 3817 1793 3885 in
1818 3823 2057 3893 contractibus
2075 3824 2233 3894 divinam

212 3922 351 4005 usuris,
377 3934 411 3990 et
434 3921 511 3991 aliis
535 3919 808 4012 expilationibus
830 3919 1094 4002 immoderatis,
1124 3943 1195 3989 una
1248 3922 1532 4003 ordinationem,
1573 3933 1608 3988 et
1635 3921 1787 3990 sciamus
1816 3921 1854 3989 in
1882 3924 1932 3994 eis
1952 3927 2137 4017 proposita
2161 3952 2232 3999 esse

211 4053 295 4122 pars
311 4021 537 4110 exhauritur,
564 4025 658 4093 etad
673 4024 803 4091 famem
819 4023 1002 4114 redigitur.
1061 4021 1145 4092 Ideo
1164 4035 1197 4090 et
1249 4026 1430 4116 exempla,
1463 4022 1818 4093 commonefacientia
1840 4048 1906 4095 nos
1931 4029 1973 4096 de
1988 4027 2078 4100 Deo.
2139 4029 2233 4100 Haec

213 4135 256 4202 de
280 4126 348 4198 hae
377 4128 589 4223 aequalitate
620 4125 794 4218 praecipit
814 4125 931 4210 Deus,
969 4151 1048 4196 cum
1080 4125 1198 4219 inquit
1248 4152 1389 4218 semper
1414 4126 1601 4216 cogitanda
1624 4139 1726 4209 sunt,
1761 4129 1900 4220 quotics
1923 4130 1967 4198 de
1989 4131 2123 4201 iustitia
2150 4134 2234 4203 dici-

214 4231 345 4328 (Exod.
378 4234 447 4314 20,
485 4228 579 4326 15.):
631 4228 715 4300 Non
748 4229 882 4298 lurtum
914 4228 1032 4300 iacies.
1108 4225 1197 4296 Item
1248 4256 1327 4300 mus
1344 4231 1382 4298 in
1396 4225 1451 4299 his
1467 4229 1718 4299 contractibus.
1768 4229 1931 4300 Primum
1949 4247 2069 4305 autem
2092 4237 2137 4306 de
2159 4262 2234 4307 mu-

217 4325 251 4407 1.
268 4331 427 4404 Thessal.
443 4332 479 4417 4,
496 4332 583 4429 (6.):
615 4331 700 4404 Non
716 4331 935 4423 transgredi,
959 4356 1025 4401 nec
1041 4332 1120 4423 plus
1136 4355 1198 4400 au·
1248 4333 1410 4403 tuatione
1425 4332 1594 4404 dicemus.

214 4441 306 4508 serre
323 4436 362 4505 in
376 4436 540 4526 negotio,
565 4437 602 4504 id
618 4448 689 4520 cst,
714 4458 789 4504 non
812 4436 976 4505 recedere
1001 4435 1039 4502 in
1057 4447 1198 4503 contra·
1350 4435 1529 4506 Mutnatio
1545 4447 1597 4504 est
1611 4446 1823 4518 contractus,
1848 4434 1886 4504 in
1902 4462 1973 4530 quo
1989 4439 2156 4530 pecunia,
2182 4443 2236 4509 vel

215 4541 328 4610 stibus
344 4562 362 4606 a
380 4539 536 4628 legitima
554 4537 779 4631 aequalitate.
1183 4617 1184 4621 Ἰ
1250 4539 1319 4607 alia
1336 4544 1412 4621 res,
1438 4561 1530 4632 quae
1544 4561 1611 4607 usu
1625 4536 1863 4622 consumitur,
1888 4541 1997 4629 gratis
2013 4544 2236 4626 transfertur,

315 4639 478 4710 Primum
493 4641 601 4732 igitur
615 4640 785 4725 sciamus,
808 4665 884 4711 non
898 4652 1037 4709 tantum
1052 4650 1199 4730 propter
1250 4667 1325 4711 non
1338 4642 1447 4711 modo
1466 4642 1585 4733 quoad
1607 4665 1730 4722 usum,
1760 4642 1821 4708 sed
1845 4641 1953 4711 etiam
1977 4647 2097 4739 quoad
2121 4647 2237 4716 domi·

215 4757 376 4837 nostram
419 4743 710 4837 tranquillitatem
751 4745 962 4815 servandam
1001 4767 1074 4813 esse
1106 4737 1199 4809 hanc
1250 4747 1369 4827 nium,
1395 4745 1456 4812 illo
1475 4756 1594 4811 tamen
1609 4742 1821 4834 accipiente,
1848 4744 2005 4835 obligato
2021 4751 2065 4817 ad
2087 4752 2237 4818 redden-

214 4847 486 4943 aequalitatem‚
527 4847 587 4915 sed
615 4846 728 4915 multo
760 4848 872 4937 magis
903 4859 1051 4939 propter
1071 4843 1199 4915 Deum.
1252 4849 1337 4917 dum
1354 4847 1449 4915 idern
1464 4846 1503 4914 in
1518 4869 1666 4936 genere,
1691 4869 1753 4914 sen
1770 4846 2010 4938 aequivalens.

213 4950 298 5022 Ideo
313 4951 391 5020 vult
406 4975 471 5020 nos
491 4972 612 5018 amare
630 4948 819 5032 iustitiam,
845 4962 886 5019 ut
913 4953 956 5018 de
982 4974 1043 5019 sua
1067 4947 1199 5019 iustitia
1826 5021 1834 5039 ,
2098 5025 2106 5042 ι

213 5080 280 5126 nos
298 5055 501 5124 admoneat.
534 5050 647 5121 Docet
661 5050 1098 5146 institiamaequalitatem
1116 5073 1201 5133 esse,
1252 5022 1325 5093 ‘3¹⁴¹‘
1348 5041 1501 5093 ”⁶⁰⁶⁸‘50
1524 5025 1585 5090 999
1606 5026 1917 5112 medimnum
1935 5020 2241 5098 99999999999999

214 5173 256 5231 ut
270 5183 306 5229 se
322 5181 464 5251 quoqne
480 5156 631 5227 sciamus
655 5154 839 5249 aequalem
864 5179 956 5238 esse,
972 5179 1057 5223 -uon
1080 5167 1201 5247 tyran·
1356 5155 1586 5247 Quia,1cum
1612 5149 1658 5220 sit
1683 5149 1755 5233 rei,
1798 5177 1888 5244 quae
1920 5179 1987 5224 usu
2018 5160 2241 5230 consumitur

214 5287 322 5344 num,
342 5284 418 5329 non
432 5273 689 5352 acceptatorem
710 5282 956 5350 personarum.
1014 5258 1122 5350 Qtrod
1145 5280 1202 5325 co·
1253 5258 1463 5339 translatio,
1508 5278 1584 5323 non
1611 5253 1742 5324 estrei
1770 5254 2014 5331 fructificantis
2044 5263 2243 5352 translatio.

193 5365 336 5446 gitare,
374 5363 545 5452 proiecto
572 5386 703 5456 magna
725 5363 840 5456 pietas
862 5375 896 5434 et
919 5359 1116 5432 consolatio
1140 5372 1203 5444 est,
1252 5360 1338 5433 Plus
1362 5374 1481 5432 autem
1505 5358 1671 5427 redderet
1696 5355 1872 5447 accipiens
1898 5373 2045 5444 mutuo,
2091 5363 2121 5432 si
2142 5391 2184 5434 ex
2206 5390 2244 5434 re
