4566 5760
126 200 177 274 00
407 252 411 259 .
477 200 583 261 ιἰἐ
681 190 1102 271 trrmnsomssat
1125 183 1738 271 awm1s=a1>1aottss·''5··s
1797 226 1800 231 ·
2104 198 2156 273 00

126 373 178 443 ris
193 384 228 441 et
241 369 418 490 familiae,
442 382 483 440 ut
499 382 598 440 curet
613 394 674 440 eos
687 382 781 439 recte
797 367 953 455 institui,
981 383 1016 439 et
1029 393 1114 463 pro·
1165 380 1237 454 est,
1262 381 1304 439 ut
1324 392 1389 438 nec
1411 369 1518 459 longa
1540 364 1780 440 declaratione
1804 394 1894 464 opus
1909 359 2057 454 habeat,
2083 394 2148 440 nec

126 472 272 545 hibeat
261 474 393 566 impios
409 473 534 544 cultus.
585 471 683 565 Ergo
700 474 795 542 idem
810 472 1113 564 debotmagistra·
1165 464 1244 542 aliis
1259 470 1610 554 confirmationibus,
1631 494 1698 541 nec
1712 473 1919 545 labefactari
1942 474 2017 543 ullo
2037 477 2148 543 modo

127 590 196 649 tus.
247 577 427 646 Minorem
443 578 630 645 confirmat
644 577 796 660 Paulus,
820 572 951 667 Ephes.
967 575 1004 658 6,
1021 573 1111 671 (lm)
1164 585 1291 666 potest.
1350 573 1484 669 Neque
1499 573 1596 643 enim
1617 575 1766 646 dubium
1788 590 1842 648 est
1861 576 2075 660 Ecclesiam,
2114 590 2149 645 et

124 681 272 763 Patres,
298 681 443 749 educate
465 679 579 749 lilios
569 702 608 748 ιιι
623 678 827 770 disciplina,
854 690 890 747 et
912 677 1112 747 eruditione
1164 702 1243 761 eos,
1254 677 1333 794 qui
1356 691 1440 747 sunt
1460 676 1651 769 praecipua
1674 680 1854 764 membra,
1878 679 2007 750 debere
2029 680 2148 748 deien-

127 781 289 853 Domini.
355 781 455 852 Duas
482 806 540 851 res
572 781 837 873 complectitur,
873 780 1112 851 eruditionem
1164 805 1261 850 sores
1283 779 1478 871 impiorum
1503 779 1661 850 cultuum
1685 805 1870 851 removere
1890 783 1935 851 ab
1950 781 2076 851 officiis
2093 806 2148 850 ec·

127 884 296 968 Domini,
321 885 444 967 idest,
471 885 620 954 verbum
640 884 725 967 Dei,
751 884 835 977 qnia
854 883 1046 975 praecipit,
1071 895 1114 952 ut
1163 881 1383 966 clesiasticis,
1408 875 1499 952 sicut
1510 906 1616 974 saepe
1638 885 1845 954 mandatum
1867 883 1972 954 estin
1985 884 2098 952 veteri
2113 897 2148 951 et

124 999 293 1079 parentes
332 989 477 1056 tradant
516 986 637 1055 liberis
672 986 873 1055 doctrinam
911 984 1111 1077 Evangelii,
1163 1008 1260 1054 novo
1274 984 1516 1055 Testamento.
1554 985 1613 1055 Sic
1628 981 1832 1078 Prophetae
1847 987 2068 1057 abducebant
2084 1010 2147 1077 po·

126 1090 256 1160 deinde
270 1089 369 1159 addit
392 1092 436 1159 de
456 1088 663 1180 disciplina,
689 1112 779 1183 quae
802 1088 975 1180 significat
995 1112 1112 1158 assue-
1162 1088 1288 1181 pulum
1303 1088 1349 1156 ab
1362 1087 1555 1157 ordinariis
1567 1087 1812 1180 pontificibus,
1839 1082 1869 1160 si
1886 1089 2031 1183 quando
2047 1110 2147 1179 reges

126 1193 331 1278 factionem,
347 1215 416 1287 qua
434 1204 634 1261 arcentura
650 1190 801 1284 peccatis
817 1215 883 1283 per
897 1193 1111 1274 doctrinam,
1163 1214 1238 1260 non
1258 1191 1492 1261 removebant
1512 1191 1714 1283 pontifices:
1742 1192 1937 1286 aliquando
1959 1191 2055 1259 nacti
2067 1191 2146 1283 pios

127 1296 265 1377 minas,
290 1294 539 1385 castigationes
550 1291 610 1388 81).
1162 1317 1275 1383 reges,
1293 1292 1527 1361 removebant
1540 1293 1724 1385 pontifices
1741 1307 1776 1363 et
1791 1295 1920 1387 impios
1936 1293 2148 1376 sacerdotes,

229 1397 366 1490 Quinta
398 1397 491 1466 ratio
522 1398 566 1466 ab
596 1394 711 1465 officio
741 1395 924 1466 communi
948 1392 1111 1464 omnium
1163 1409 1199 1465 et
1212 1410 1252 1465 ut
1269 1408 1350 1463 ante
1368 1394 1453 1478 dixi,
1469 1393 1624 1465 Ecclesia
1634 1393 1857 1467 Antiochena
1871 1397 2028 1467 removit
2044 1420 2146 1469 suum

127 1501 374 1569 membrorum
394 1499 431 1566 in
444 1496 599 1569 Ecclesia
610 1497 670 1593 δῦ).
1163 1497 1368 1591 episcopum
1382 1497 1535 1568 Paulum
1549 1499 1833 1570 samosatenum.

231 1601 455 1672 Cessantibus
484 1600 677 1694 episcopis,
708 1612 770 1669 aut
791 1599 822 1670 si
853 1599 922 1692 ipsi
955 1598 1112 1691 episcopi
1264 1599 1380 1684 Sexta,
1393 1623 1413 1667 a
1428 1599 1574 1670 vitanda
1588 1601 1755 1672 societate
1772 1601 2038 1694 persecutionis.
2064 1600 2146 1672 Non

125 1704 216 1774 falsa
234 1707 395 1787 doceant,
415 1705 551 1798 reliqua
569 1700 728 1772 Ecclesia
745 1703 977 1773 debetmalos
992 1715 1111 1794 pasto·
1160 1702 1245 1771 licet
1258 1726 1334 1773 esse
1347 1702 1508 1772 medium
1519 1701 1584 1799 ⁸⁸),
1609 1703 1701 1773 sicut
1723 1704 1869 1799 quidam
1890 1704 2148 1796 imaginantur,

126 1831 185 1876 res
200 1808 245 1875 ab
262 1807 375 1876 officio
391 1831 589 1891 removere,
606 1818 641 1875 et
656 1807 695 1875 in
718 1806 877 1899 quolibet
890 1818 994 1874 coetu
1008 1826 1111 1897 prae·
1162 1806 1223 1874 sed
1238 1829 1377 1876 necesse
1394 1818 1465 1889 est,
1492 1818 1555 1876 aut
1576 1805 1806 1877 coniunctum
1830 1831 1903 1878 esse
1925 1831 2004 1876 cum
2028 1828 2146 1898 perse·

126 1910 233 2000 cipua
258 1911 417 1978 membra
436 1910 583 1979 caeteris
597 1909 738 2000 praeire
754 1909 907 1992 debent,
934 1921 970 1977 ct
987 1907 1110 1977 iuvare
1162 1908 1363 1992 cutoribus,
1384 1920 1447 1978 aut
1470 1931 1550 1978 cum
1574 1932 1659 1978 vera
1671 1908 1848 1994 Ecclesia,
1875 1932 1916 1977 ac
1937 1907 2145 2002 pracsertim

126 2010 230 2094 alios,
245 2024 285 2081 nt
301 2013 509 2082 emendetur
523 2011 691 2082 Ecclesia.
729 2011 914 2102 Principes
930 2024 966 2080 ct
982 2010 1112 2079 caeteri
1161 2011 1381 2103 principibus
1396 2023 1432 2079 et
1448 2011 1711 2102 magistratibus
1726 2007 1794 2081 hoc
1809 2011 1950 2095 accidit,
1975 2025 2017 2082 ιιι
2029 2032 2148 2079 neces·

126 2115 355 2204 magistratus
369 2116 501 2184 debent
515 2138 588 2185 esse
609 2113 799 2207 praecipua
816 2115 977 2183 membra
991 2111 1111 2181 Eccle-
1161 2114 1256 2184 sario
1273 2114 1557 2206 persecutoribus
1572 2114 1714 2206 regibus
1729 2128 1791 2185 aut
1806 2115 2064 2206 obtemperent,
2086 2124 2149 2181 aut

126 2216 216 2286 siae:
252 2240 335 2308 ergo
359 2242 502 2287 neccsse
521 2230 574 2288 cst
600 2217 680 2287 illos
702 2211 795 2285 hanc
824 2216 1111 2286 emendationem
1162 2218 1405 2287 adversentur.
1446 2213 1544 2286 Inter
1558 2212 1647 2286 haec
1661 2239 1738 2286 non
1753 2229 1805 2288 est
1820 2216 1992 2289 medium.
2036 2212 2147 2306 Ergo,

126 2314 297 2389 inchoare
313 2333 349 2389 et
363 2321 543 2391 adiuvare.
584 2319 703 2388 Maior
718 2332 771 2389 est
782 2319 980 2390 manifesta.
1016 2318 1110 2389 Nam
1162 2320 1315 2413 quinon
1330 2319 1456 2389 volunt
1469 2343 1505 2389 se
1520 2321 1681 2412 polluere
1696 2321 1862 2391 societate
1877 2317 2147 2413 persecutionis,

124 2417 415 2514 haecpraecepta
438 2423 619 2514 pertinent
641 2424 688 2492 ad
709 2434 821 2491 totam
837 2421 1049 2503 Ecclesiam,
1076 2432 1112 2489 et
1161 2434 1283 2514 aperte
1305 2447 1341 2492 se
1362 2422 1583 2513 coniungant
1612 2447 1692 2491 cum
1714 2442 1800 2492 vera
1823 2421 1992 2495 Ecclesia.
2069 2419 2148 2490 lluc

125 2526 263 2614 singula
279 2527 440 2593 membra
456 2520 602 2620 (Matth.
618 2525 653 2607 7,
672 2520 748 2619 15.)
758 2550 765 2592 ε
776 2522 908 2593 Cavete
924 2548 943 2590 a
958 2522 1110 2614 pseudo·
1160 2525 1341 2614 pertinent
1356 2524 1551 2593 sententiae
1568 2524 1745 2617 plurimae
1765 2526 1804 2593 in
1827 2525 2029 2617 scripturis,
2056 2546 2147 2618 quae

125 2622 323 2718 prophetis.
378 2630 411 2698 1.
428 2621 590 2696 Corinth.
605 2621 648 2707 5,
667 2624 779 2720 (13.):
806 2625 951 2695 Auferte
974 2624 1109 2692 malum
1161 2622 1352 2716 prohibent
1375 2625 1579 2694 societatem
1604 2621 1762 2695 hostium
1784 2627 1955 2697 veritatis.
2014 2624 2147 2696 Psalm.

126 2752 171 2797 ex
186 2726 400 2819 vobisipsis.
459 2727 596 2811 Gal.1,
613 2726 767 2821 (8.);’81
784 2728 864 2823 quis
881 2727 978 2797 aliud
991 2724 1110 2794 Evan-
1160 2727 1211 2800 26
1222 2727 1289 2821 ⁸⁹),
1306 2724 1359 2820 (5.
1374 2726 1441 2822 6.):
1476 2727 1550 2797 Odi
1571 2725 1765 2796 Ecclesiam
1784 2727 2078 2820 malignantium,
2111 2739 2148 2795 et

122 2830 259 2922 gelium
276 2829 450 2914 docuerit,
476 2825 665 2898 anathema
681 2830 737 2911 sit,
763 2830 938 2948 praecipit
952 2827 1110 2919 singulis,
1161 2855 1240 2900 cum
1258 2830 1377 2922 impiis
1398 2853 1474 2898 non
1496 2830 1641 2901 sedebo:
1668 2827 1814 2899 Lavabo
1835 2854 1963 2900 mantas
1980 2851 2078 2899 meas
2094 2828 2147 2897 in·

122 2944 167 3003 ut
181 2930 408 3003 defensores
397 2933 592 3025 impiorum
607 2932 767 3003 cultuum
782 2946 817 3002 et
833 2932 964 3025 impiae
980 2929 1110 3001 doctri·
1160 2946 1216 3002 ter
1224 2931 1442 3016 innocentes
1457 2944 1492 3001 et
1504 2932 1733 3002 circumdabo
1749 2934 1859 3002 altare
1869 2944 1970 3004 tuum
1978 2931 2147 3001 Domine.

124 3059 194 3104 nae
208 3058 422 3119 execramur,
438 3049 609 3154 tanquam
626 3035 949 3106 excommunicatos
957 3033 1110 3103 etmale
1160 3035 1292 3105 Psalm.
1310 3034 1382 3106 109
1391 3033 1458 3130 ⁴⁰)
1471 3034 1583 3131 (aaz)
1610 3035 1773 3105 Perfecto
1791 3023 1876 3104 odio
1892 3036 2042 3105 oderam
2055 3035 2146 3104 illos.

123 3138 250 3209 dictos.
302 3137 380 3207 lloc
401 3162 481 3207 cum
504 3138 550 3208 sit
570 3136 813 3223 verissimum,
846 3136 1023 3220 Ecclesia,
1054 3144 1110 3204 re'·
1160 3143 1197 3212 2.
1219 3136 1376 3230 Paralip.
1405 3136 1536 3221 19,2
1495 3139 1536 3232 (2
1539 3137 1582 3233 .;)
1631 3134 1747 3232 lmpio
1779 3139 1928 3230 praebes
1963 3137 2148 3219 auxilinm,

125 3241 234 3311 motis
249 3240 324 3311 istis
340 3238 445 3309 debet
460 3238 619 3311 eruditos
635 3251 671 3308 et
686 3240 765 3331 pios
785 3254 947 3334 pastores
970 3239 1110 3331 eligere,
1160 3240 1347 3310 ideoiram
1362 3238 1558 3310 merebaris
1569 3239 1617 3336 ⁴¹)
1633 3253 1697 3311 etc.
1749 3242 1921 3312 Proverb.
1936 3239 2006 3326 21,
2031 3238 2146 3335 (11.):

121 3343 217 3415 sicut
235 3339 446 3413 Antiochiae
466 3343 624 3413 Ecclesia
649 3342 855 3434 episcopum
878 3343 1030 3413 Paulum
1047 3342 1110 3410 Sa·
1160 3341 1257 3414 Erue
1271 3366 1351 3427 eos,
1379 3343 1441 3438 qui
1461 3343 1642 3413 ducuntur
1664 3345 1709 3411 ad
1731 3356 1884 3413 mortem
1901 3356 1966 3414 etc.
2018 3338 2146 3411 Matth.

123 3459 352 3516 mosatenum
374 3460 523 3539 propter
543 3445 694 3536 impium
719 3447 848 3536 dogma
871 3441 1111 3516 excommuni-
1164 3449 1232 3530 12,
1250 3444 1363 3542 (00.);
1399 3445 1473 3537 Qui
1496 3468 1571 3514 non
1591 3458 1645 3514 est
1664 3468 1828 3530 mecum,
1855 3456 1980 3515 contra
2002 3468 2061 3513 me
2082 3457 2147 3525 est,

126 3549 300 3645 0111100),
341 3549 508 3644 quicum
544 3549 656 3618 nollet
679 3547 858 3618 discedere
886 3546 1112 3639 exepiscopi
1162 3560 1197 3618 et
1213 3549 1252 3616 in
1272 3547 1454 3638 1.Regum
1464 3546 1512 3642 ⁴²)
1529 3546 1615 3644 (18,
1630 3547 1709 3643 21.)
1726 3549 1776 3617 ait
1790 3547 1907 3618 Elias:
1935 3548 2058 3641 Usque
2075 3568 2146 3640 quo

124 3652 256 3734 domo,
283 3665 319 3720 et
334 3652 505 3720 retineret
522 3649 678 3743 episcopi
692 3652 877 3721 facarltates
893 3647 1111 3742 haberetque
1162 3650 1367 3720 claudicatis
1388 3662 1541 3744 utroque
1560 3645 1739 3720 humero?
1773 3653 1805 3722 1.
1829 3649 1929 3722 loan.
1960 3651 2003 3734 3,
2029 3649 2145 3745 (16.);
2251 3716 2256 3725 .

124 3779 228 3825 suam
252 3754 462 3838 factionem,
484 3778 575 3848 quae
597 3778 678 3823 eum
703 3751 948 3850 tuebaturffl),
989 3751 1112 3823 sanior
1161 3752 1203 3824 ln
1216 3749 1285 3822 hoc
1300 3753 1532 3844 cognovimus
1548 3753 1787 3837 dilectionem,
1813 3755 1897 3848 qnia
1912 3754 1972 3823 ille
1987 3753 2145 3821 animam

123 3879 213 3949 pars
233 3855 408 3927 Ecclesiae
431 3855 637 3948 impetravit
662 3856 706 3924 ab
730 3850 873 3925 ethnico
894 3855 1111 3948 imperatore
1160 3878 1262 3927 suam
1276 3878 1344 3948 pro
1358 3856 1463 3926 nobis
1485 3855 1626 3947 posuit,
1652 3863 1688 3925 et
1708 3876 1776 3926 nos
1797 3858 1965 3927 debemus
1987 3878 2054 3947 pro
2076 3857 2147 3924 ira-

124 3958 343 4041 Aureliano,
373 3971 415 4029 ιιι
443 3960 716 4051 magistratuum
744 3959 897 4079 imperio
924 3971 1112 4050 cogeretur
1161 3960 1275 4029 tribus
1292 3958 1430 4028 animas
1452 3980 1599 4050 ponere.
1650 3957 1747 4051 Ergo
1773 3983 1898 4029 omnes
1920 3971 2041 4051 aperte
2062 3981 2145 4051 pro·

121 4062 381 4132 samosatenus
397 4061 598 4157 relinquere
612 4061 770 4155 episcopi
791 4065 938 4133 domum
956 4075 991 4130 et
1001 4060 1112 4130 facul·
1160 4061 1255 4130 fiteri
1269 4083 1408 4130 necesse
1422 4073 1493 4145 est,
1519 4074 1554 4130 et
1570 4080 1693 4132 omnes
1705 4084 1810 4130 verae
1823 4061 2001 4131 Ecclesiae
2016 4059 2148 4127 debent

126 4177 228 4234 tates.
277 4160 331 4232 lta
346 4164 630 4282 quandocunque
653 4178 793 4235 constat
811 4166 1011 4234 doctrinam
1038 4182 1111 4233 esse
1162 4164 1416 4234 defensionem.
1468 4116 1583 4234 lllulta
1596 4177 1680 4233 sunt
1694 4164 1815 4255 gravia
1832 4176 1973 4255 peccata
1989 4160 2147 4244 illorum,

122 4266 297 4358 impiam,
321 4234 416 4334 nihil
432 4266 580 4337 dulsium
596 4279 665 4351 est,
691 4267 781 4361 quin
804 4267 926 4337 sanior
949 4270 1032 4361 pars
1045 4265 1112 4334 Ec
1162 4264 1225 4362 qui
1247 4286 1328 4337 curn
1343 4279 1440 4336 recte
1463 4266 1636 4350 sentiant,
1655 4279 1777 4335 tamen
1799 4265 2023 4334 dissimulant
2046 4287 2148 4334 suam

120 4368 254 4439 clasiae
269 4369 396 4438 debeat
408 4370 523 4439 malos
536 4383 696 4461 pastores
711 4394 908 4455 removere,
922 4383 958 4440 et
970 4370 1111 4440 abolere
1162 4368 1395 4453 seutentiam,
1421 4381 1457 4439 et
1470 4392 1547 4438 non
1560 4370 1692 4438 tollunt
1705 4391 1774 4460 pro
1792 4390 1857 4437 suo
1873 4368 1990 4436 officio
2008 4367 2149 4437 abusus.

125 4472 260 4563 impios
274 4473 398 4542 cultus.
449 4471 497 4541 Et
511 4467 603 4541 hanc
620 4474 905 4544 emendationem
920 4473 1112 4566 praecipue
1162 4472 1326 4543 Primum
1340 4470 1439 4542 enim
1458 4471 1620 4563 exemplo
1636 4493 1701 4538 suo
1717 4470 1929 4540 stabiliant'
1917 4469 2149 4562 impietatem,

127 4575 298 4645 adiuvare
331 4575 460 4644 debent
490 4575 734 4666 magistratus,
774 4590 946 4672 tanquam
968 4576 1111 4668 potiora
1162 4576 1345 4645 deterrent
1358 4576 1531 4656 infirmos,
1549 4570 1611 4667 qui
1625 4573 1783 4664 pendent
1798 4597 1839 4642 cx
1854 4596 1980 4643 eorum
1997 4570 2150 4654 iudiciis,

125 4678 289 4748 membra
312 4675 500 4750 Ecclesiae.
575 4677 672 4746 Haec
693 4679 788 4749 ratio
812 4682 902 4750 adeo
926 4678 1111 4775 perspicua
1163 4680 1377 4749 confirmant
1392 4680 1549 4748 furorem
1566 4674 1866 4748 adversariorum.
1892 4675 1989 4746 Haec
2006 4687 2149 4768 peccata

1165 4856 1373 4870 -..—-—

160 4959 441 5023 ancudgotloues]
461 4957 571 5009 110111.
592 4958 686 5021 lma
709 4958 1001 5015 0110101111110
1025 4965 1112 5026 pecu!
1197 4946 1247 5003 08)
1265 4942 1522 5004 medicinalem
1543 4943 1611 4994 1010
1634 4944 1662 4994 οι
1685 4943 1770 4998 aaut.
1795 4945 1882 5008 pecul.
1907 4942 1975 4995 1000
2007 4945 2036 4994 et
2060 4945 2152 5006 1010.;

175 5031 273 5081 1000.
292 5031 320 5078 et
338 5028 431 5078 1010..
450 5026 668 5090 castigationem.
903 5069 905 5073 .
1231 5015 1282 5065 Ed.
1303 5013 1395 5063 10101
1412 5013 1521 5063 malum.
2108 5064 2110 5068 Ι

160 5115 288 5172 0011111.
306 5116 423 5174 sumta
1197 5098 1546 5158 attaminatum.
1562 5098 1651 5148 tatso:
1669 5098 1831 5152 01111100.

160 5199 212 5260 Ι)
229 5199 260 5249 11
276 5197 384 5261 syuodo
405 5195 574 5246 Antiocheno
590 5206 616 5247 1
634 5145 876 5253 araucensi.
894 5196 966 5251 0110
974 5200 1042 5255 eccl.
1050 5198 1112 5263 vn,
1197 5185 1249 5242 40)
1266 5181 1452 5242 ”llll-¹³⁹]
1469 5180 1726 5248 0011010001000ΙΙ
1734 5181 1822 5232 ΒΧΧ·
1837 5180 2153 5248 “Vulssdl’sslfflffi

196 5267 273 5320 07-
279 5266 342 5330 01),
359 5265 521 5316 rameru.
536 5266 613 5315 0111.
630 5265 702 5319 teob.
719 5268 759 5331 u,
780 5267 807 5319 0.
831 5266 963 5330 upum.
980 5270 1054 5321 beer.
1070 5272 1112 5322 00.
1197 5271 1246 5328 ll)
1266 5268 1430 5328 mereberis]
1448 5268 1489 5318 sio
1507 5269 1592 5318 111111.
1609 5267 1696 5330 pecul.
1715 5266 1791 5316 1000.
1815 5269 1843 5318 ot
1862 5268 1937 5320 1010.
1962 5268 2154 5320 1111000101

160 5353 212 5412 a)
228 5299 356 5415 ιιμιιιῖι
374 5350 496 5400 zomon
513 5350 662 5413 aarum·
678 5353 776 5415 regan·
793 5364 856 5408 οιι
873 5356 1011 5423 muter,
1028 5356 1114 5409 donee
1231 5339 1305 5401 0ιο
1325 5338 1416 5400 two
1434 5337 1487 5389 12⁸¹·
1507 5337 1598 5387 tw
1616 5335 1777 5387 nentem.

196 5423 231 5474 10
246 5420 396 5473 aaronem
411 5419 579 5484 inperatore
593 5418 655 5474 010.
672 5421 747 5475 victa
762 5424 816 5478 eet
871 5450 875 5459 ·
921 5454 926 5460 -
1197 5425 1247 5488 tt)
1266 5426 1289 5478 1.
1307 5425 1428 5491 Regum]
1445 5423 1530 5476 Edttt.
1548 5422 1637 5474 tabo:
1654 5424 1672 5472 1
1688 5414 1803 5486 began.
