4544 5766
2 156 6 175 '
130 196 228 276 0000

233 363 267 465 ξ.
286 375 343 446 16.
371 380 444 446 lum
463 374 562 464 illud]
590 372 763 463 Querela,
798 394 867 464 qua
888 371 1036 461 figurate
1062 394 1119 438 re-

133 473 366 571 prehenditur
392 474 682 570 Pompeius'⁸⁸),
722 476 818 570 quod
848 496 983 541 novum
1006 485 1040 542 et
1065 472 1120 540 in-

134 581 304 650 usitatum
329 579 499 649 iudicium
524 577 764 660 constituerit,
807 576 910 671 quale
931 599 1118 669 nunquam

135 682 174 751 in
195 683 272 752 aliis
298 682 520 772 gravioribus
536 681 648 751 causis
667 679 896 766 constitutum
912 677 969 748 sit.
1043 681 1119 748 1000

133 787 233 877 illud]
253 783 379 854 Elevat
392 783 632 875 Pompeianae
645 784 731 875 legis
747 781 993 864 autoritatem,
1020 781 1118 873 quod

135 887 300 956 videlicet
321 912 395 957 non
417 886 601 956 atrocitate
624 887 791 956 facinoris
807 897 947 954 coactus
967 883 1016 953 'sit
1038 907 1117 973 gra-

134 988 213 1059 vius
230 990 447 1060 inMilonem
460 1001 632 1072 statuere,
658 991 719 1059 sed
735 986 961 1079 improbitate
977 986 1119 1055 Clodia-

135 1114 278 1163 norum.
361 1094 451 1186 lpse]
476 1092 606 1160 scilicet
621 1091 824 1183 Pompeius.
903 1087 1026 1180 Clodio]
1052 1087 1118 1157 sci·

135 1194 218 1263 licet
248 1194 549 1282 tumultuantibus
578 1194 769 1264 Clodianis.
869 1200 926 1268 Aa
956 1185 1117 1287 tempori]

139 1296 240 1390 quasi
270 1300 380 1366 dicat:
422 1297 457 1366 si
479 1296 671 1387 Pompeius
702 1322 776 1365 non
804 1295 925 1368 fuisset
945 1292 1118 1384 gratifica-

636 182 640 191 ’
700 196 821 271 run.
854 198 978 271 uen-
1006 194 1208 269 scarum
1224 172 1572 278 tutuonoc'tci.=
1692 196 1696 229 ³
1760 182 1794 239 >²-

2035 178 2147 282 ‘roto

1169 370 1263 462 peio.
1337 377 1511 469 Tempore]
1537 375 1668 447 scilicet
1687 345 1789 472 pulso
1805 347 1987 452 Cicerbne.
2065 384 2148 455 Per·

1169 476 1263 568 iude]
1289 472 1502 568 Occupatio:
1529 480 1756 575 Quamquam
1777 508 1853 554 non
1874 483 2068 570 interfecit,
2093 487 2149 555 sed

1170 589 1291 645 tamen
1321 578 1509 650 eonsilium
1541 578 1665 653 habuit
1691 584 1934 659 interficiendi.
2004 584 2048 658 In
2077 588 2150 658 iure

1170 703 1255 851 3000
1273 694 1421 753 conatus
1431 683 1592 774 punitur,
1606 687 1745 760 etiamsi
1761 702 1907 761 eventus
1922 713 2150 783 nonrespon·

1195 782 1272 853 erit.

1272 880 1302 974 ἓ.
1317 885 1378 957 20.
1406 889 1565 970 Quotiens
1579 893 1687 980 ipsum
1695 888 1764 986 ³⁰)]
1789 891 1897 965 Aliud
1912 895 2126 990 exemplum.

1272 986 1357 1078 Cap.
1373 985 1463 1062 thl.
1491 987 1521 1081 ἓ.
1537 993 1599 1064 20.
1624 997 1695 1065 Sed
1706 996 1816 1087 010110]
1841 988 1996 1084 ironiae,
2023 999 2151 1095 quibus

1168 1087 1247 1157 linit
1261 1085 1353 1158 hanc
1367 1090 1572 1166 clausulam.
1628 1099 1751 1190 Luget]
1765 1095 1989 1173 Distributio.
2049 1103 2151 1195 Agra]

1170 1190 1301 1261 seilicet
1320 1194 1454 1265 rustici.

1270 1290 1300 1385 ᾗ.
1310 1295 1371 1367 21.
1387 1299 1481 1390 Nou]
1496 1296 1694 1388 Responsio
1710 1303 1755 1369 ad
1771 1301 1848 1372 illas
1861 1301 2007 1376 ironias.
2058 1305 2151 1400 ficit]

137 1411 193 1468 tus
212 1402 420 1493 quibusdam
444 1399 677 1490 importunis,
709 1423 892 1493 nunquam
909 1394 978 1468 hoc
999 1396 1117 1464 decre·
1169 1395 1300 1466 scilicet
1314 1400 1409 1491 quod
1426 1400 1517 1468 tanti
1529 1402 1658 1470 faceret
1672 1403 1879 1493 dignitatem
1890 1405 2018 1478 Clodii.
2066 1406 2149 1502 Cur]

136 1501 252 1572 visset.
315 1503 481 1593 Figurate
498 1498 725 1594 reprehendit
741 1501 903 1594 Pompeii
919 1498 1117 1582 consilium,
1169 1492 1360 1568 Rhetorica
1390 1501 1566 1572 excusatio
1595 1503 1759 1596 Pompeii
1790 1508 1946 1595 consilii,
1982 1533 2029 1578 ne
2058 1511 2148 1601 plus,

135 1605 231 1697 quod
253 1629 383 1674 novam
408 1605 650 1699 quaestionem
674 1605 912 1690 constituerit,
939 1603 1035 1697 quod
1057 1603 1117 1670 de·
1170 1625 1276 1692 quam
1303 1595 1462 1693 oporiet,
1494 1604 1658 1675 defendat
1674 1609 1898 1701 Pompeium.
1949 1610 2148 1704 Quadrien-

134 1705 244 1777 1ecgus
261 1705 436 1778 habuerit,
1169 1702 1230 1772 nio
1246 1717 1306 1773 aut
1321 1705 1566 1799 quinquennio
1586 1720 1666 1778 ante
1682 1710 1812 1780 bellum
1831 1711 1931 1793 civile
1949 1710 2074 1784 habita
2100 1727 2148 1786 est

237 1810 324 1903 Cap.
341 1808 416 1880 VlL
446 1806 477 1901 ὃ.
497 1809 555 1880 16.
586 1814 689 1880 Domi
709 1813 805 1902 suue]
839 1806 981 1898 Colligit
1001 1828 1117 1874 exem·
1168 1799 1256 1874 haec
1286 1807 1402 1876 oratio
1418 1806 1476 1903 ³¹).
1572 1814 1833 1907 Reconciliotoe]
1869 1812 1937 1885 Ista
1970 1840 2047 1887 non
2080 1816 2145 1887 fuit

134 1911 202 2003 plis
226 1936 301 1982 non
325 1937 398 1983 esse
420 1908 578 1980 habitam
598 1911 778 2001 dignitatis
793 1911 985 1980 Clodianae
1006 1906 1116 1975 ratio·
1169 1931 1291 1990 causa,
1318 1911 1379 1978 sed
1396 1913 1492 2004 quod
1506 1913 1627 1981 omnia
1645 1914 1797 1985 aliorum
1813 1917 1960 1987 arbitrio
1984 1917 2145 1991 faciebat.

134 2039 229 2086 nem.
309 2015 384 2107 Vir]
410 2013 541 2083 scilicet
554 2013 702 2084 Drusus.
777 2015 904 2106 Huius]
927 2008 1115 2082 scilicetM.
1167 2013 1282 2080 Multo
1297 2013 1417 2104 etium]
1442 2011 1612 2086 Inversio.
1661 2020 1832 2089 lodicibus
1853 2022 2001 2111 legendis
2022 2028 2145 2094 amicos

134 2116 255 2187 Drusi.
358 2115 549 2206 Consultus]
589 2115 719 2185 scilicet
753 2139 773 2183 a
807 2114 958 2185 tribunis
991 2112 1114 2204 plebis,
1166 2112 1267 2204 meos]
1301 2114 1432 2184 scilicet
1452 2128 1493 2186 ut
1518 2117 1649 2207 legeret
1677 2120 1809 2191 amicos
1832 2147 1952 2208 meos,
1988 2121 2059 2194 hoc
2085 2136 2146 2208 est,

136 2219 238 2312 quasi
259 2218 368 2287 dicat:
394 2219 553 2310 Populus
576 2230 627 2288 est
648 2218 853 2288 concitatus.
934 2217 1115 2308 Africano]
1166 2213 1376 2301 familiares,
1412 2214 1558 2287 etmihi
1579 2220 1747 2311 privatim
1769 2224 1987 2297 coniunctos.
2052 2225 2145 2297 Pau-

134 2321 265 2391 scilicet
293 2321 473 2404 inferiori,
515 2345 577 2390 seu
599 2320 798 2390 Aemiliano
808 2319 867 2414 17).
950 2324 1113 2389 Necesse·
1166 2315 1297 2384 cissimi
1311 2319 1405 2388 enim
1421 2334 1514 2406 sunt,
1539 2323 1745 2412 praesertim
1764 2328 2051 2421 exprincipibus,
2070 2328 2144 2424 qui-

133 2427 239 2517 riom]
264 2424 395 2494 scilicet
407 2424 618 2494 naturalem.
669 2421 905 2514 Amplificatio
922 2420 1113 2511 indignita'-
1164 2419 1230 2488 bus
1248 2444 1328 2489 cum
1351 2423 1397 2491 sit
1417 2420 1507 2492 mihi
1528 2424 1589 2493 issa
1610 2426 1844 2499 familiaritas.
1925 2435 2141 2523 Varisiegeu·

134 2526 191 2598 tis.
266 2528 437 2618 Quaestio]
462 2526 592 2595 scilicet
608 2550 715 2596 nova.
1163 2523 1234 2613 dis]
1260 2522 1392 2593 scilicet
1404 2537 1444 2594 ut
1458 2526 1529 2596 mei
1547 2528 1664 2598 studio
1680 2529 1842 2622 improbe
1857 2533 1998 2604 faceret.
2051 2534 2141 2613 Nam

238 2625 270 2720 ὃ.
289 2629 346 2699 17.
374 2632 463 2713 Quid
479 2624 570 2730 itai]
595 2628 721 2713 Ratio,
755 2651 824 2721 qua
849 2628 1037 2697 confirmat
1059 2625 1112 2695 iu·
1164 2623 1216 2690 illi
1232 2637 1374 2698 eatenus
1391 2639 1474 2697 sunt
1489 2630 1612 2714 amici,
1637 2646 1810 2726 quatenus
1830 2634 1915 2704 sinit
1935 2636 2142 2728 respublica.

133 2731 277 2802 stitiam.
360 2733 550 2823 Necoutur]
583 2733 684 2825 quasi
714 2731 862 2801 diceret:
910 2729 1016 2800 Nulla
1045 2752 1112 2796 un·
1162 2731 1306 2821 Assequi
1329 2733 1505 2823 potuisset]
1530 2732 1661 2803 scilicet
1682 2735 1719 2803 in
1744 2736 1848 2807 bonis
1870 2738 1955 2808 viris
1974 2739 2143 2830 legendis,

133 2859 241 2928 quam
256 2837 347 2903 facta
364 2846 415 2903 cst
430 2833 589 2927 quaestio
605 2830 709 2904 huius
724 2833 857 2914 caedis,
881 2834 941 2901 sed
962 2835 1110 2900 fortasse
1164 2830 1264 2921 quasi
1288 2830 1399 2901 dicat:
1433 2832 1515 2903 Non
1539 2837 1655 2926 potuit
1676 2837 1822 2929 eligere,
1856 2840 1926 2910 nisi
1947 2842 2054 2926 tales,
2081 2843 2142 2935 qui

133 2937 204 3006 iarn
220 2940 311 3007 facta
328 2949 379 3006 est
391 2936 561 3026 temporis
580 2960 695 3007 causa.
782 2939 905 3006 lisdem
916 2933 1110 3028 poeuis”)]
1161 2930 1374 3021 reipublicae
1401 2958 1503 3006 causa
1524 2933 1616 3006 mihi
1634 2941 1867 3026 benevolunt,
1897 2967 1971 3012 non
1993 2956 2141 3038 propter

131 3041 260 3110 scilicet
277 3039 349 3109 sive
367 3051 512 3129 potens,
537 3038 609 3107 sive
624 3039 765 3108 intimus
778 3037 1022 3120 interficiatur,
1048 3060 1110 3127 pa·
1160 3033 1641 3123 privatamfamiliaritatem·
1691 3042 1897 3114 Amicorum
1920 3047 2069 3116 nomine
2091 3049 2140 3115 fa-

131 3143 218 3212 riter
230 3142 288 3211 illa
303 3140 424 3232 puniri
440 3141 580 3210 debent.
1160 3135 1315 3208 miliares
1331 3138 1476 3211 Milonis
1492 3140 1673 3233 intelligit,
1701 3159 1735 3214 et
1752 3171 1826 3215 non
1841 3147 1939 3216 illam
1956 3150 2137 3242 vulgarem

234 3240 265 3336 ξ.
285 3244 343 3313 18.
370 3247 487 3336 ltaque
500 3241 678 3334 incudem]
705 3238 881 3310 invidiosa
904 3252 986 3309 sunt
1008 3233 1108 3325 haec,
1161 3239 1459 3327 coniunctionem,
1486 3245 1588 3338 quasi
1601 3246 1746 3318 diceret:
1770 3248 1843 3319 Eos
1857 3251 1952 3341 legit,
1975 3253 2038 3346 qui
2051 3248 2140 3322 mihi

130 3344 258 3441 quibus
290 3344 417 3415 sternit
445 3344 513 3414 sibi
544 3344 640 3412 viam
668 3346 714 3414 ad
736 3345 805 3413 alia
827 3343 944 3413 Clodii
963 3342 1107 3434 flagitia.
1159 3365 1233 3410 non
1255 3358 1402 3437 propter
1420 3346 1716 3433 familiaritatem,
1748 3354 1808 3421 sed
1828 3366 1976 3445 propter
1997 3378 2140 3448 rempu-

131 3449 325 3541 occidisset]
359 3447 492 3518 scilicet
514 3446 670 3517 Clodius.
763 3448 992 3539 Punieadum]
1025 3459 1108 3517 sunt
1158 3445 1285 3513 blicam
1302 3448 1529 3520 benevolunt.
1607 3454 1784 3546 cupiisset]
1809 3455 1993 3525 scilicetut
2007 3460 2137 3527 multos

127 3550 276 3620 ironiae.
351 3549 595 3642 Monumeatis]
621 3549 741 3633 idest,
772 3550 811 3618 in
832 3549 1008 3620 maiorum
1025 3573 1107 3619 suo·
1158 3573 1256 3617 meos
1279 3549 1470 3621 familiares
1493 3553 1633 3642 legeret.
1713 3560 1791 3626 Nou
1811 3564 1901 3628 enim
1922 3562 2012 3653 mea]
2038 3559 2139 3656 quasi

127 3676 207 3723 rum
231 3653 407 3744 operibus.
506 3654 724 3745 Tragoedias]
755 3652 924 3743 Amplum
950 3664 1003 3722 est
1026 3648 1105 3722 hoc.
1158 3650 1268 3720 dicas:
1316 3650 1388 3736 llli,
1437 3655 1497 3747 qui
1533 3651 1622 3723 mihi
1648 3659 1884 3743 benevolunt,
1921 3661 2138 3753 reipublicae

125 3756 341 3846 Parricidae]
367 3755 498 3825 scilicet
511 3754 639 3826 Clodii.
714 3758 784 3826 Sed
796 3755 892 3849 quid]
907 3754 1016 3824 Addit
1030 3778 1105 3823 am·
1157 3776 1260 3823 causa
1273 3756 1502 3842 benevolunt,
1518 3781 1592 3824 non
1606 3772 1753 3852 propter
1765 3761 1941 3853 privatam
1954 3764 2140 3836 familiari·¹

125 3857 378 3952 plilieatiouem
406 3858 597 3940 scelerum,
634 3869 675 3926 ut
705 3870 889 3948 exaggeret
915 3857 1104 3947 indignita-
1156 3867 1276 3929 tatem.
1342 3860 1568 3953 Maagrotio]
1583 3862 1824 3958 scilicetquod
1840 3867 2136 3962 suminqnadam

124 3973 209 4034 tem.
284 3964 327 4030 la
349 3961 482 4052 templo]
510 3958 598 4029 Aliis
620 3959 786 4050 exemplis
807 3973 993 4051 exaggerat
1014 3960 1104 4029 invi-

125 4064 233 4135 diam.
319 4065 518 4155 Coilocaroi]
543 4060 620 4131 Hoc
642 4061 749 4131 etiam
774 4075 825 4131 cst
846 4064 940 4154 apud
964 4063 1104 4133 Plutar-

123 4164 229 4238 chum
238 4164 298 4262 19).
338 4192 341 4198 ’
374 4165 539 4256 Morta]
564 4163 694 4236 scilicet
715 4167 811 4258 quod
834 4165 880 4235 sit
901 4165 1102 4257 dispositus.

122 4272 221 4365 Sicu]
246 4267 377 4339 scilicet
402 4267 551 4358 gladius.

225 4368 332 4461 §.19.
359 4369 465 4461 Num]
498 4368 594 4440 Dicit
614 4363 703 4439 haec
724 4370 769 4438 ad
792 4367 1040 4437 concitandum
1068 4381 1104 4438 et

120 4473 413 4542 inflammandum
447 4472 661 4565 Pompeium
699 4474 867 4541 adversus
899 4471 1101 4542 Clodianos.

119 4575 323 4666 Insidiator]
357 4573 582 4665 Repetitum,
623 4587 729 4670 atque
752 4577 840 4644 adeo
866 4574 1100 4665 exaggeratio.
1136 4571 1138 4576 ’

126 4676 308 4769 Vestibula]
333 4676 517 4746 scilicetin
536 4677 646 4750 curia.
727 4679 823 4770 1000]
848 4676 979 4747 seilicet
993 4676 1101 4747 Pom-

127 4842 200 4855 -n
204 4837 327 4849 --

153 4917 221 4986 001)
240 4915 400 4982 Pompeius]
418 4915 664 4972 001000101000
687 4914 810 4970 0101100.

154 5022 205 5082 η)
222 5023 252 5076 P.
270 5019 416 5074 cornelios
434 5018 523 5082 Scipio
546 5021 731 5085 asntttsnus,
759 5018 906 5069 atticenus
932 5017 1037 5078 minor,
1068 5019 1099 5069 1..

190 5092 280 5144 Paulli
301 5089 411 5141 Asnitit
433 5088 506 5139 11100
535 5091 681 5155 adoptatus
709 5100 727 5140 0
750 5087 781 5142 Ρ.
809 5086 939 5139 cornelio
963 5087 1099 5152 scipione,

189 5160 311 5215 Atrtcent
325 5158 438 5210 maioris
455 5157 521 5208 1110.

153 5264 332 5388 ”ismaeli
341 5263 457 5327 poenis]
474 5260 514 5311 sic
530 5261 581 5314 Ed.
598 5259 672 5312 1008.
697 5260 726 5309 01
742 5259 797 5328 ab]
825 5258 1099 5312 raufetidedum

232 5346 304 5400 posu
334 5369 341 5382 .

151 5436 201 5499 2⁹)
220 5436 299 5489 cont.
316 5435 388 5489 Ptut.
406 5433 465 5486 vtts
480 5432 602 5502 Pompeii
619 5444 643 5484 c.
657 5431 701 5489 10.

1156 3960 1267 4049 gratia
1297 3960 1516 4051 principum,
1557 3986 1630 4034 non
1654 3990 1696 4034 eo
1717 3981 1800 4036 sunt
1819 3964 1908 4037 mihi
1931 3971 2136 4057 familiares,

1155 4064 1216 4130 sed
1254 4061 1312 4130 illa
1350 4064 1461 4152 gratia
1494 4077 1567 4133 tota
1602 4069 1648 4134 ad
1679 4071 1933 4161 rempublicam
1969 4077 2135 4167 pertinet.

1154 4163 1295 4334 Aslnicos
1313 4176 1418 4233 vocat
1429 4167 1621 4239 familiares
1636 4165 1817 4257 homines,
1837 4174 1920 4268 quia
1934 4179 2043 4270 pauci
2055 4191 2136 4252 sunt

1154 4279 1187 4334 la
1204 4291 1251 4336 es.

1256 4365 1286 4461 §.
1301 4374 1362 4444 22.
1390 4374 1482 4455 Quod
1503 4376 1594 4465 cero]
1624 4373 1752 4466 Captet
1772 4377 1897 4448 iudicis
1919 4382 2132 4454 benevolen-

1153 4470 1252 4540 tiam.
1332 4475 1393 4566 Te]
1416 4474 1544 4544 scilicet
1560 4489 1729 4571 tanquam
1744 4493 1965 4572 praetorem,
1992 4487 2056 4580 qui
2071 4483 2133 4557 ha-

1153 4575 1213 4643 bet
1227 4574 1281 4644 ius
1297 4574 1568 4667 interrogandae
1583 4581 1796 4667 sententiae,
1822 4585 1886 4653 der
1903 4587 1959 4655 die
1975 4590 2132 4660 umbfra-

1153 4701 1193 4768 ge
1210 4672 1290 4760 hat,
1316 4679 1352 4747 id
1372 4682 1468 4772 quod
1492 4679 1529 4747 in
1551 4675 1645 4752 hunc
1661 4708 1773 4778 usque
1792 4686 1886 4755 diem
1903 4707 2134 4764 conservatur

1152 4780 1191 4847 in
1214 4779 1363 4852 iudiciis.
1441 4784 1652 4880 Quaestione]
1677 4788 1808 4859 scilicet
1824 4792 1966 4883 publico
1987 4793 2129 4868 iudicio.

1151 4924 1354 4937 ιι...-

1184 4998 1389 5134 00319011ου
1404 4998 1512 5065 ipsum]
1530 4999 1570 5052 010
1587 5000 1637 5057 lid.
1655 5001 1747 5070 10000
1768 5005 1820 5056 lii.
1839 5007 1926 5062 orell.
1942 5011 2064 5075 0001100
2080 5024 2129 5081 eoo

1186 5154 1235 5216 01)
1254 5155 1320 5205 01110
1337 5153 1507 5206 0101001000
1521 5164 1547 5205 0.
1559 5168 1585 5205 0.
1599 5169 1622 5208 c.
1634 5156 1693 5211 ⁷⁰2
1713 5158 1769 5224 (52
1783 5172 1808 5212 0.
1818 5164 1898 5224 chr.)
1921 5165 2037 5220 10100.
2055 5168 2128 5218 0001-

1219 5238 1295 5288 sum,
1319 5226 1344 5275 4.
1356 5224 1443 5287 Apelt.
1462 5224 1582 5275 eiusdem
1599 5227 1664 5276 enni
1682 5233 1829 5281 0000001010
1848 5236 1910 5284 010
1927 5233 2060 5288 cicerone
2079 5239 2127 5287 de-

1216 5293 1311 5344 100000
1328 5295 1389 5357 cst,
1408 5303 1487 5356 quen
1504 5294 1654 5346 0101100000
1666 5301 1764 5359 postea
1776 5301 1904 5365 secudu
1922 5305 2041 5357 triennio
2054 5310 2126 5370 poss,

1217 5373 1244 5414 0.
1256 5375 1284 5413 o.
1296 5375 1321 5416 c.
1332 5361 1392 5413 100.
1409 5361 1465 5422 (41.
1477 5371 1505 5415 0.
1517 5361 1597 5428 chr.)
1608 5365 1714 5422 000101
1724 5367 1889 5422 Rubiconem
1907 5373 2049 5427 00001000
2066 5377 2124 5431 001-

1217 5430 1275 5484 ton
1290 5428 1371 5485 010110
1387 5430 1540 5485 removit·
