4544 5766
123 201 200 293 Μ
364 201 451 279 Νι»
476 200 820 278 coartamur
851 196 1559 279 sst·1.tnauattt.roL1rtcottUM
1589 197 1914 289 taurorum.
2073 210 2151 291 404

123 375 234 447 ribus.
258 399 263 410 '
286 373 393 449 Nulla
408 377 522 448 virtus
538 377 653 469 magis
669 390 775 449 omat
790 373 923 451 Christi
941 377 1114 469 cognitio-
1167 373 1246 469 quis
1266 399 1399 444 novam
1423 375 1535 465 legem
1554 374 1693 445 laturus
1719 391 1826 461 essct,
1859 396 2052 470 exponeret
2071 407 2150 453 eam

122 502 206 549 nem
224 502 335 573 quam
350 480 515 571 religiose
531 483 647 550 colere
667 481 832 573 politicas
857 483 1113 564 ordinationes,
1166 478 1264 568 prius
1283 478 1417 570 populo
1440 476 1574 547 inserto
1596 479 1686 546 eollo
1712 480 1751 547 in
1774 480 1961 574 laqueum,
2002 486 2083 578 qui,
2120 488 2151 559 si

122 594 159 650 et
180 581 423 671 magistratus.
475 583 596 676 Quare
618 586 745 675 procul
767 584 812 653 ab
834 583 1030 674 Evangelio
1053 585 1113 653 de·
1164 582 1221 651 lex
1242 580 1494 671 displicuisset,
1528 580 1644 649 statim
1666 583 1874 672 constrictus
1898 599 2059 657 autorem
2085 615 2150 658 no·

121 684 208 752 bent
229 684 352 756 abesse
374 710 477 755 voces
501 686 601 770 illae,
643 712 734 780 quae
764 687 923 756 officiunt
951 686 1112 778 publicae

122 787 386 881 tranquillitati.
453 787 490 857 si
515 790 593 883 quis
616 790 868 860 vociferabitur
891 790 978 860 iuris
1000 789 1113 858 divini

124 912 197 959 esse
221 914 344 960 rerum
369 892 750 976 communicationem,
793 916 937 984 oppone
964 894 1112 961 manda—

124 1004 218 1062 tum:
246 992 329 1063 Non
342 994 528 1064 furaberis.
569 995 663 1066 Nam
683 996 721 1065 in
737 991 806 1065 boc
821 997 993 1065 mandato
1011 1018 1112 1087 prae-

124 1093 273 1185 cipitur,
299 1109 341 1164 ut
354 1121 456 1166 suum
475 1096 624 1190 quisque
639 1109 769 1169 teneat.
818 1098 856 1167 Si
873 1099 952 1191 quis
966 1110 1111 1168 conten-

123 1198 182 1266 det
195 1199 394 1288 evangelici
410 1199 498 1269 iuris
513 1225 586 1270 esse
601 1225 721 1270 rerum
739 1201 1111 1283 communicationem,

124 1324 268 1391 oppone
293 1302 506 1370 sententiam
523 1303 648 1386 Pauli,
682 1302 743 1397 qui
767 1304 943 1393 legitimas
969 1304 1113 1372 ordina·

122 1409 238 1473 tiones
267 1405 613 1496 rerumpublicarum
643 1417 747 1474 vocat
775 1407 1018 1476 ordinationes
1045 1405 1113 1473 Dei

119 1504 227 1576 Rom.
248 1506 308 1589 13,
326 1505 408 1602 (1..)
440 1507 479 1576 si
495 1508 573 1600 quis
593 1507 789 1600 disputabit
808 1533 882 1578 esse
905 1509 992 1578 iuris
1010 1521 1112 1577 natu-

120 1607 205 1678 ralis
235 1632 357 1678 rerum
384 1611 765 1693 communicationem,
800 1635 943 1703 oppone
963 1611 1113 1680 rationis

120 1710 307 1794 iudicium,
333 1714 432 1804 quod
448 1713 664 1804 impossibile
681 1714 727 1784 sit
742 1739 800 1783 res
815 1738 888 1784 esse
906 1738 1112 1783 communes

119 1812 158 1882 in
175 1809 232 1884 bis
247 1809 436 1884 hominum
453 1816 560 1886 vitiis.
612 1817 704 1887 Nam
721 1816 841 1906 ignavi
856 1816 972 1885 alieno
988 1817 1112 1885 labore

120 1916 255 1984 vellent
279 1917 344 2000 ali,
379 1930 503 1986 contra
530 1919 584 1988 ius
609 1932 779 2001 naturae,
819 1920 916 2011 quod
937 1919 1112 1988 sancitum

121 2015 173 2088 est
197 2015 254 2089 bis
276 2019 392 2090 verbis
418 2020 727 2116 (Genes.3,19.):
768 2017 810 2088 ln
840 2023 970 2091 sudore
995 2023 1112 2092 vultus

120 2121 173 2191 tui
193 2126 356 2192 comedes
373 2148 503 2213 panem
519 2136 634 2194 tuum.

569 2291 667 2389 ne)

224 2429 433 2500 Aristoteles
455 2429 572 2520 pergit
595 2428 743 2498 recitare
768 2427 1003 2518 plurimarum
1028 2420 1113 2491 civi-

120 2545 240 2603 tatum
256 2534 368 2624 leges,
393 2557 484 2625 quae
499 2533 630 2625 passim
647 2530 843 2622 legentibus
865 2525 1032 2599 historias
1050 2526 1112 2594 ob·

120 2635 202 2705 viae
217 2649 312 2707 sunt.
362 2631 404 2703 ln
425 2637 495 2704 line
515 2636 674 2726 disputat
696 2636 739 2704 de
761 2634 879 2723 legum
902 2628 1112 2711 mutatione,

116 2742 222 2834 quod
239 2738 436 2831 periculosa
451 2739 508 2807 sit.
543 2737 620 2805 Hac
635 2738 679 2804 de
696 2760 734 2805 re
753 2758 959 2829 quanquam
976 2745 1011 2800 et
1026 2730 1112 2800 alias

121 2845 228 2925 dicet,
252 2855 372 2910 tamen
389 2865 517 2932 operae
533 2839 687 2931 pretium
704 2852 768 2920 est,
790 2835 992 2906 meminisse
1008 2857 1113 2929 quas-

1165 707 1230 751 vae
1261 684 1346 774 legis
1373 681 1611 772 strangularet
1622 682 1682 776 ⁴⁰).
1752 683 1798 753 Et
1824 686 2028 760 Herodotus
2062 691 2149 762 dicit

1165 786 1321 855 insanire
1346 810 1427 868 eos,
1468 786 1530 878 qui
1550 784 1684 876 patrias
1703 785 1796 876 leges
1816 801 1851 856 et
1871 791 2007 881 patrios
2030 818 2148 867 mores

1166 901 1414 958 contemnunt:
1451 887 1532 980 quia
1563 899 1692 955 natura
1721 889 1770 955 ita
1802 915 1960 964 amemus
1986 896 2147 967 instituta

1164 991 1300 1081 patria,
1326 1004 1367 1061 ut
1388 990 1418 1059 si
1440 988 1606 1059 omnibus
1626 984 1831 1062 hominibus
1851 995 1998 1068 facultas
2020 999 2066 1069 sit
2086 1000 2148 1068 eli-

1164 1094 1270 1183 gendi
1291 1093 1444 1185 optimas
1467 1093 1580 1184 leges,
1613 1105 1735 1162 tamen
1758 1120 2049 1193 unumquemque
2079 1103 2148 1173 ele-

1165 1209 1305 1266 cturum
1319 1220 1391 1266 esse
1407 1195 1552 1287 patrias.
1596 1194 1782 1265 'laxantur
1797 1211 1832 1267 et
1846 1199 1885 1268 in
1898 1203 2006 1272 sacris
2020 1205 2147 1275 litteris

1163 1298 1241 1381 isti,
1268 1299 1331 1392 qui
1352 1300 1445 1388 leges
1458 1310 1616 1380 mutant,
1648 1296 1927 1386 Ecclesiast.10‚
1951 1304 2038 1400 (8.):
2075 1305 2148 1398 Qui

1164 1401 1311 1493 dissipat
1334 1425 1472 1492 sepem,
1507 1400 1685 1468 mordebit
1705 1404 1839 1497 eumn)
1863 1406 2018 1478 coluber.
2077 1407 2149 1479 Lo·

1165 1505 1286 1597 quitur
1302 1502 1396 1570 euim
1421 1502 1470 1570 ibi
1493 1503 1613 1570 multis
1636 1503 1751 1572 verbis
1778 1507 1821 1573 de
1846 1509 2056 1599 magistratu
2076 1513 2149 1581 sor.

1164 1631 1261 1674 mam
1282 1604 1496 1697 reipublicae
1519 1617 1698 1689 mutante,
1742 1633 1850 1699 quam
1879 1624 1979 1701 septo
2000 1616 2148 1699 confert,

1164 1722 1199 1776 et
1220 1722 1260 1778 ut
1284 1720 1463 1799 serpentes
1486 1720 1675 1800 penetrant
1699 1708 1736 1776 in
1759 1705 1882 1780 hortos
1905 1714 2022 1783 diruta
2046 1742 2146 1807 sepe:

1165 1810 1213 1880 sic
1229 1811 1279 1879 ait
1293 1812 1472 1894 futurum,
1496 1822 1536 1879 ut
1552 1810 1631 1880 talis
1653 1811 1879 1902 magistratus
1899 1813 2148 1906 improborum

1164 1913 1342 1982 licentiam
1360 1924 1475 1981 armet
1489 1914 1657 1983 adversus
1672 1915 1940 2004 rempublicam.
1982 1920 2051 1988 Sed
2066 1947 2147 1991 meo

1165 2015 1296 2085 iudicio
1311 2011 1402 2085 nihil
1424 2015 1595 2086 efficacius
1615 2010 1826 2087 dehortatur
1850 2042 1869 2085 a
1895 2022 2050 2093 consiliis
2071 2049 2149 2093 mu·

1164 2118 1265 2187 tandi
1287 2131 1446 2210 receptas
1465 2119 1578 2209 leges,
1612 2142 1720 2211 quam
1737 2119 1767 2188 si
1783 2119 1935 2193 sciamus
1951 2125 2149 2216 legitimum

1165 2233 1295 2291 statum
1308 2221 1522 2312 reipublicae
1539 2219 1608 2289 Dei
1624 2221 1887 2295 ordinationem
1910 2251 2003 2311 esse,
2029 2242 2064 2297 et
2085 2224 2151 2299 lto·

1165 2348 1253 2393 nore
1277 2324 1369 2393 allici
1388 2326 1516 2392 debere
1537 2336 1686 2416 propter
1707 2322 1843 2409 Deum,
1880 2341 1921 2397 ut
1943 2353 2000 2399 res
2021 2356 2151 2415 sacras,

1166 2426 1305 2497 etiamsi
1334 2423 1465 2495 habeat
1486 2424 1622 2520 aliquid
1644 2427 1875 2499 incommodi.
1934 2418 2070 2504 Verum
2091 2429 2150 2503 hic

1166 2529 1289 2622 quaeri
1307 2541 1439 2619 potest,
1469 2542 1643 2621 quatenus
1660 2529 1732 2598 sint
1754 2530 2009 2603 dissimulanda
2032 2537 2150 2628 legum

1165 2631 1270 2715 vitia,
1296 2630 1502 2701 Aristoteles
1515 2625 1583 2699 hoc
1599 2631 1636 2699 in
1649 2626 1784 2701 Etlricis
1799 2635 1912 2705 docet.
1963 2635 2075 2728 Leges
2091 2640 2151 2708 de·

1164 2735 1251 2803 bent
1268 2733 1467 2804 consentire
1484 2757 1564 2801 cum
1578 2732 1709 2803 iudicio
1734 2735 1891 2802 naturali
1912 2739 2063 2810 rationis
2084 2736 2151 2811 hu-

1164 2860 1305 2907 manae.
1356 2835 1514 2905 Proinde
1530 2835 1560 2905 si
1577 2859 1668 2928 quae
1683 2836 1830 2907 omnino
1845 2854 2046 2931 repugnant
2060 2842 2151 2913 iudi·

120 2948 208 3014 dam
223 2940 330 3015 huius
347 2944 414 3012 loci
436 2943 641 3012 sententias.
705 2941 824 3010 Verba
847 2951 930 3009 sunt
954 2933 1112 3031 haec⁸⁸):
1166 2940 1221 3010 cio
1239 2951 1408 3022 naturae,
1445 2952 1479 3007 et
1504 2951 1740 3027 corrumpunt
1761 2952 1948 3025 naturam,
1980 2939 2048 3013 hae
2069 2958 2152 3015 sunt

123 3044 302 3142 Φανερὸν
323 3041 373 3126 ὡς
393 3043 519 3118 ἐατέον
543 3042 643 3125 ἐνίας
663 3038 848 3139 ἁμαρτίας
864 3037 929 3113 καὶ
949 3044 1029 3111 τῶν
1049 3064 1113 3110 νο-
1165 3044 1369 3112 mutandae.
1421 3040 1491 3111 Sed
1504 3041 1535 3109 si
1549 3039 1732 3131 paululum
1751 3041 1933 3113 discedant
1956 3069 1975 3113 a
1999 3047 2152 3130 ratione,

124 3150 304 3243 μσθετῶν
326 3143 488 3221 καὶτῶν
513 3141 728 3242 ἀρχόντων·
769 3141 814 3217 οὐ
838 3138 912 3242 γὰρ
931 3145 1114 3215 τοσοῦτον
1138 3181 1141 3277 p
1164 3141 1232 3215 bae
1248 3144 1394 3213 tolerari
1411 3142 1600 3219 debebunt.
1661 3142 1711 3210 Ut
1727 3143 1757 3214 si
1775 3145 1853 3237 quis
1865 3145 2008 3217 sinistra
2026 3150 2152 3220 melius

124 3245 353 3347 ὠφελήσεται
375 3245 548 3343 κινήσας,
580 3245 672 3322 ὅσον
693 3240 922 3343 βλαβήσεται
941 3246 1020 3325 τοῖς
1045 3240 1141 3334 ὀὶριθ
1165 3248 1278 3317 utitur
1294 3271 1402 3339 qnam
1420 3248 1554 3329 dextra,
1580 3258 1724 3340 nonest
1740 3271 1819 3315 cum
1836 3248 2066 3331 incommodo
2081 3265 2152 3323 tra-

122 3376 258 3446 χουσιν
286 3350 456 3424 ἀπειθεῖν
490 3347 724 3445 travectam).
790 3347 905 3418 Sentit
934 3345 1028 3414 enlm
1057 3369 1113 3412 re·
1165 3351 1347 3419 ducendus
1372 3349 1410 3418 in
1433 3349 1610 3418 diversam
1640 3351 1944 3422 consuetudinem.
2007 3351 2060 3423 lta
2087 3380 2153 3425 nee

125 3468 243 3547 septas
257 3456 350 3546 leges
367 3478 439 3522 non
457 3479 529 3523 esse
547 3454 771 3535 mutandas,
788 3449 927 3519 etiamsi
943 3449 1029 3542 quid
1049 3441 1113 3514 ha-
1160 3453 1257 3544 leges
1273 3453 1406 3522 mutari
1424 3452 1572 3533 debent,
1605 3452 1635 3522 si
1658 3451 1841 3541 paululum
1857 3454 2152 3529 discedantaffla.

124 3559 232 3627 beant
266 3556 498 3628 incommodi.
568 3558 686 3650 Atque
718 3549 788 3622 hoc
820 3551 988 3621 convenit
1019 3550 1113 3617 inter
1139 3594 1141 3689 p
1165 3568 1265 3638 tura,
1309 3553 1492 3647 quianon
1521 3552 1595 3622 abit
1617 3576 1675 3622 res
1698 3552 1774 3622 sine
1798 3556 1962 3648 maximis
1984 3559 2152 3631 motibus.

125 3668 252 3729 omnes
278 3661 456 3753 sapientes
485 3659 582 3729 viros
604 3672 639 3728 et
664 3657 797 3749 peritos
821 3654 1037 3746 reipublicae
1059 3677 1112 3720 re·
1138 3693 1142 3753 Ι
1165 3659 1216 3728 Ut
1240 3657 1397 3727 medicus
1430 3656 1467 3725 in
1500 3680 1607 3747 aegro
1638 3679 1788 3746 corpore
1821 3681 1897 3725 non
1927 3684 2050 3731 omnes
2077 3687 2154 3755 mg.

125 3765 282 3855 gendae,
300 3765 518 3857 ¹plerumque
536 3763 773 3854 perniciosam
797 3783 870 3829 esse
893 3757 1012 3847 legum
1035 3779 1112 3823 mu·
1165 3761 1219 3830 los
1241 3755 1410 3829 humores
1435 3759 1522 3843 ciet,
1565 3757 1614 3827 ita
1636 3758 1675 3847 in
1698 3759 1880 3849 republica
1904 3763 1951 3833 ad
1975 3767 2152 3858 quaedam

119 3860 330 3936 'tationemm
375 3862 461 3934 ldeo
482 3866 600 3958 inquit
626 3863 819 3956 Ulpianus:
858 3852 899 3929 In
915 3859 1026 3930 rebus
1049 3881 1114 3924 no·
1139 3927 1142 3966 =
1165 3863 1252 3932 sitia
1268 3861 1531 3931 connivendum
1549 3874 1612 3932 est.
1662 3859 1733 3941 Fui¹
1746 3859 1784 3929 in
1806 3857 1875 3931 hoc
1899 3864 1979 3935 loco
2001 3867 2153 3959 longior,

124 3968 176 4040 vis
204 3968 463 4041 constituendis
476 3967 636 4037 -evidens
654 3991 741 4045 ,esse
765 3963 899 4034 utilitas
922 3962 1028 4030 debet
1041 3972 1113 4029 etc.
1140 3974 1142 3979 '
1167 3966 1250 4062 quia
1265 3990 1393 4056 magna
1411 3978 1446 4033 et
1459 3965 1655 4049 necessaria
1672 3963 1845 4055 sapientia
1863 3979 1915 4035 est
1931 3968 2031 4052 scire,
2055 3970 2152 4061 quod

125 4068 171 4141 Et
182 4065 446 4160 Demosthenes
458 4070 582 4141 scribit
603 4071 716 4160 legem
739 4067 844 4138 luisse
860 4064 1004 4146 Locris,
1028 4074 1070 4132 ut
1085 4062 1115 4132 si
1139 4103 1143 4159 5
1167 4070 1343 4164 quaedam
1375 4067 1462 4139 vitia
1492 4070 1611 4159 legum
1641 4066 1897 4141 dissimulanda
1928 4094 1969 4138 ac
1998 4070 2153 4141 toleran-

127 4222 332 4252 ...1.-
1139 4186 1143 4266 t
1166 4175 1210 4241 da
1230 4172 1313 4241 sint.

157 4311 211 4370 aa)
227 4310 276 4372 n]
293 4311 334 4362 m
351 4311 423 4363 rate
438 4311 530 4375 asra,
554 4310 584 4361 a
601 4308 775 4361 creterras.
794 4310 823 4358 α
839 4304 923 4358 sou
940 4305 1030 4354 esest.
1139 4282 1372 4362 l..-.-..·-
1421 4331 1423 4334 -

158 4397 495 4528 OEpcdertrlttqtstlqlcpdlp.
512 4399 572 4450 eb.
597 4397 624 4457 s.
641 4396 680 4448 ¹³.
716 4395 800 4446 ruta
818 4392 968 4445 Schneider
986 4392 1015 4440 et
1033 4389 1144 4534 statari
1202 4436 1252 4502 ω)
1268 4434 1347 4490 cm
1367 4449 1450 4500 ,ψη
1467 4450 1492 4502 Ρ·
1507 4435 1568 4486 mv
1586 4434 1705 4486 uma·
1786 4462 1788 4467 1
1837 4446 1840 4453 Ι

155 4552 206 4614 8)
223 4531 362 4612 thome]
386 4553 426 4602 sle
455 4552 538 4604 rotat.
557 4550 688 4614 Arietem
722 4549 806 4602 ruta.
829 4545 908 4596 rutro
928 4535 1143 4596 commentatt
1201 4539 1250 4600 tr)
1271 4532 1406 4590 mordebit
1421 4539 1496 4595 etam]
1515 4536 1653 4616 stotdltt.
1670 4534 1745 4588 lm.
1761 4537 1788 4584 ot
1802 4531 1907 4602 Melta
1922 4535 1996 4588 Edit.
2009 4539 2085 4596 lm.
2103 4541 2152 4605 ty-

191 4621 337 4679 neeesse.
490 4635 494 4642 ’
750 4666 753 4673 ,
1068 4634 1072 4639 ·
1140 4554 1156 4682 l
1235 4621 1314 4674 pogr.
1333 4620 1444 4658 errore:
1468 4607 1570 4655 norant
1585 4606 1666 4656 enlm.

667 4905 940 4969 reactus
979 4903 1141 4985 eman
1177 4866 1589 4961 r0L1r1couutr'
1628 4852 1648 4882 ⁹

227 5102 341 5193 Saepe
370 5099 457 5167 alias
489 5095 563 5165 dixi
584 5094 810 5164 Aristotelem
842 5092 1017 5183 optimum
1046 5115 1120 5158 me·
1170 5085 1457 5157 communissima
1486 5082 1662 5177 principia
1690 5087 1773 5156 sunt
1796 5084 1897 5181 initia
1919 5084 2069 5187 artium,
2101 5087 2150 5157 ita

130 5197 230 5275 tbodi
254 5205 423 5278 artificem
454 5225 547 5280 esse,
584 5223 693 5292 quare
717 5209 752 5267 et
776 5197 814 5263 in
840 5191 894 5263 bis
917 5194 1016 5263 libris
1042 5193 1122 5261 dili·
1170 5191 1287 5282 coepit
1315 5190 1353 5257 in
1377 5184 1448 5258 hoe
1469 5188 1562 5256 libro
1585 5187 1792 5258 Aristoteles
1813 5211 1833 5256 a
1856 5188 2152 5262 communissimis

138 5319 255 5397 genter
276 5304 574 5375 considerandum
599 5312 670 5382 est,
698 5300 879 5394 quomodo
903 5297 1028 5365 ordine
1052 5296 1121 5365 alia
1171 5292 1372 5373 sententiis,
1397 5312 1496 5384 quae
1506 5302 1667 5381 sumptae
1681 5303 1765 5360 sunt
1779 5313 1821 5358 er
1836 5302 1964 5359 natura
1985 5285 2153 5378 bominis,

134 5421 317 5504 praerepta
333 5433 375 5476 ex
390 5405 466 5475 aliis
489 5416 693 5473 nascantur.
753 5402 804 5471 Ut
826 5401 863 5469 in
888 5399 966 5470 aliis
981 5397 1122 5471 artibus
1171 5420 1233 5467 seu
1250 5406 1269 5464 a
1284 5397 1354 5463 fine
1369 5388 1536 5462 bominis.
1588 5392 1746 5462 Proinde
1763 5391 1802 5457 in
1823 5390 1942 5482 primo
1965 5391 2157 5501 libro-tm.

176 5527 357 5591 lineare.
381 5521 488 5586 earn.
514 5520 600 5583 Ver.
624 5518 716 5582 xv1.
1513 5495 1566 5572 28
