4544 5766
124 213 170 289 tt
412 274 423 289 .
509 252 513 283 ε
579 228 626 253 ··
701 210 1592 293 uretssultuat'lottusflshlttttaxnm.
1675 230 1820 291 ·..·fr
1869 232 1925 291 rr:
2092 221 2143 293 ts

119 383 301 450 liurenium
322 380 480 464 wriptam
507 381 646 465 eiusque
666 381 785 449 librum
812 386 951 469 primum
977 384 1215 449 elementorum
1235 382 1404 449 doctrinae
1425 384 1555 449 ethicae
1575 382 1699 449 additis
1720 383 1852 464 utrique
1872 384 2146 468 explicationibus

119 471 358 555 complectitur.
400 468 518 530 Altera
539 486 616 549 pars
636 470 811 551 inscripta:
1713 514 1716 521 .

252 566 405 634 &hierar
424 565 687 651 riee'lipitcmae
705 565 930 653 preceptore
950 566 1090 633 moralis
1110 568 1260 655 Rttltppt
1281 567 1491 641 Metaurum.
1532 568 1623 635 Pura
1644 568 1753 634 rudera
1774 518 2147 655 amssexpticartontoue

289 653 336 718 nd
356 672 453 717 urum
481 650 668 719 mholorum
696 652 964 719 accommodatis:
997 655 1154 720 Traditio.
1176 656 1216 720 in
1244 654 1424 721 Bremcnri
1453 654 1637 741 Gymnoeio
1664 675 1687 719 o
1717 652 1840 722 chrm.
1867 656 2004 723 Melie
2035 657 2145 724 Theoi.

292 738 390 804 Doct.
427 737 605 804 Serventue
628 738 762 806 &cua
781 737 867 804 Bora.
889 738 1007 806 Faber.
1047 739 1147 806 Anno
1168 745 1235 808 clo.
1249 745 1284 808 lo
1297 760 1364 807 xre.
1392 745 1424 807 8.
1454 744 1548 824 tell,
1571 743 1680 825 plegg.

114 844 191 909 siue
211 843 420 927 praelatione
440 844 603 924 incipiens
625 836 744 906 librum
763 842 946 906 seeundum
966 845 1094 907 illorum
1119 845 1353 907 elementorum
1375 862 1451 908 eum
1473 844 1746 927 explicationibus
1768 846 1924 909 continet

199 948 352 1029 Denique
374 948 474 1009 etium
495 945 795 1009 commemorandae
817 955 906 1013 sunt,
924 942 1120 1011 Richteri
1150 946 1261 1015 Grises
1283 945 1624 1013 Melancltlroniarme
1651 968 1710 1011 ceu
1731 946 1858 1011 irrdiciu
1873 946 2030 1033 florentis
2051 947 2144 1014 sclo-

115 1029 170 1095 tae
190 1029 281 1097 Met.
303 1031 344 1096 de
365 1028 501 1095 lectione
522 1027 680 1095 bonorum
701 1029 898 1096 ductorum.
946 1028 1050 1095 Vulci.
1074 1032 1168 1097 1592.
1197 1036 1247 1117 8.,
1275 1037 1308 1098 iu
1332 1037 1450 1117 quibus
1473 1056 1503 1118 p.
1525 1030 1725 1100 rao-⁷33.
1757 1036 1851 1097 varia
1879 1038 1986 1119 elogia
2012 1037 2144 1099 Melan-

116 1118 207 1182 tboni
229 1119 272 1181 ob
293 1118 356 1182 hos
376 1118 506 1180 ethicos
528 1118 628 1180 libros
650 1137 671 1180 a
692 1117 798 1187 doctis
820 1119 903 1179 viris
926 1119 1048 1180 tributa
1068 1117 1267 1201 afferuntur,
1289 1141 1319 1183 e.
1341 1140 1371 1193 c,
1394 1118 1470 1183 illud
1494 1122 1667 1185 Albrechti
1688 1121 1870 1209 Lemigeri:
1901 1122 2003 1203 „Etsi
2024 1124 2143 1185 Socra-

113 1215 188 1285 tes,
211 1202 325 1284 Plato,
351 1203 553 1266 Aristoteles
575 1202 617 1266 de
640 1204 754 1268 morali
774 1201 985 1284 Philosophia
1006 1204 1143 1267 multum
1166 1209 1298 1287 copiose
1322 1206 1505 1270 et''erudite
1530 1207 1717 1288 disserunt,
1746 1218 1853 1276 tannen
1877 1206 1929 1268 lon
1956 1226 1974 1269 e
1997 1207 2145 1287 praeiere

113 1293 281 1372 scriptum
308 1289 392 1353 heu.
414 1290 661 1371 Praeceptoris,
691 1292 747 1373 qui
776 1289 925 1353 doctrina
946 1290 1120 1353 Ecclesiae
1142 1291 1274 1365 adiutus
1298 1291 1338 1355 de
1368 1290 1432 1354 fine
1455 1293 1612 1375 hominis,
1641 1294 1821 1354 virtutibus
1844 1304 1877 1354 et
1900 1312 1919 1355 a
1946 1295 2075 1356 ectibus
2097 1295 2145 1355 ita

112 1378 310 1457 perspicue,
337 1375 507 1459 eleganter
536 1384 570 1438 et
601 1374 730 1440 erudite
751 1375 915 1459 disputat,
944 1385 982 1439 ut
1009 1395 1103 1438 nomo
1126 1378 1172 1439 sit
1193 1379 1227 1439 in
1254 1378 1316 1440 hoc
1337 1396 1477 1461 genere,
1505 1380 1560 1460 qui
1591 1398 1666 1442 eum
1697 1396 1855 1459 aequare,
1883 1387 2008 1441 tantum
2039 1379 2145 1460 abest,

112 1472 150 1524 ut
172 1479 334 1544 superare
355 1480 453 1544 posse
476 1458 638 1523 videatur.
680 1463 888 1526 At'texuntur
910 1462 1009 1525 'etiam
1032 1464 1243 1543 quaestiones
1264 1464 1362 1525 utiles
1385 1483 1429 1525 ex
1447 1466 1516 1525 iure
1539 1466 1629 1526 e'ivili
1646 1465 1833 1541 desumtae,
1855 1482 1938 1545 quae
1954 1473 2046 1527 tanta
2061 1484 2143 1544 per-

112 1549 295 1629 spicuitate
324 1554 483 1609 tractatae
511 1556 546 1608 et
567 1547 751 1610 illustratae
774 1557 868 1629 sunt,
897 1556 991 1610 utet
1013 1546 1108 1611 facile
1130 1550 1305 1611 memoriae
1328 1548 1438 1632 affigi,
1471 1542 1533 1612 nec'
1556 1549 1652 1612 facile
1675 1568 1803 1611 rursum
1826 1549 1981 1612 excidere
2003 1551 2143 1635 possint.

112 1632 223 1696 liuius
246 1632 413 1696 doctrinae
436 1633 580 1714 cognitio
601 1631 807 1696 discentibus
829 1650 893 1694 non
916 1642 1042 1697 tantum
1070 1632 1213 1697 iucunda
1242 1637 1324 1715 erit,
1354 1633 1414 1696 sed
1437 1634 1535 1696 valde
1557 1636 1648 1697 utilis
1672 1637 1703 1696 in
1733 1632 1948 1715 explicatione
1970 1632 2144 1698 multarum

113 1721 414 1785 controversiarum
436 1718 692 1802 theologicarum
721 1728 756 1783 et
778 1719 992 1782 forensium.''
1019 1753 1061 1766 -
1104 1716 1189 1781 etl.
1215 1717 1249 1783 G.
1273 1717 1312 1782 K
1316 1717 1485 1783 eucheri
1507 1719 1667 1784 iudicium
1689 1718 1774 1806 quod
1794 1718 1835 1782 de
1854 1717 2048 1784 Aristotelis
2066 1716 2143 1827 phi·

112 1800 265 1911 losephr'u
286 1800 409 1869 morali
429 1800 506 1867 tulta
527 1801 566 1867 in
586 1801 750 1889 Apologia
770 1797 1240 1891 Aepuetonue·Gortfcssionis
1261 1801 1526 1871 Metrodoron:
1556 1802 1700 1871 Oanobr.
1724 1803 1818 1869 1735.
1845 1807 1876 1869 4

1101 1974 1159 2037 IV.
1190 2012 1193 2017 -

200 2094 240 2156 ln
261 2092 476 2157 Aristotehca
504 2090 717 2179 philosophia
740 2090 874 2180 politice
895 2113 970 2159 cum
991 2091 1095 2161 ethice
1115 2098 1228 2162 intime
1248 2085 1414 2162 obhaeret.
1467 2099 1528 2163 llla
1550 2098 1636 2163 enim
1658 2116 1761 2163 sensu
1783 2099 1890 2161 latiori
1912 2114 2027 2161 omnes
2049 2118 2142 2162 com-

118 2178 278 2262 plectitur
314 2179 574 2262 disquisitiones,
613 2184 704 2263 qnae'
734 2181 775 2244 ad
804 2182 889 2244 bona
916 2182 1115 2265 singulorum
1144 2183 1325 2266 hominnm,
1359 2186 1408 2247 rei
1436 2183 1636 2248 domesticae
1665 2196 1699 2248 et
1727 2186 1874 2249 civitatis
1905 2195 2073 2267 spectant,
2107 2194 2142 2248 et

113 2276 294 2347 propterea
327 2268 360 2329 in
390 2275 459 2330 tres
487 2274 600 2349 partes
629 2269 670 2332 ab
697 2268 878 2339 Aristotele
909 2267 1084 2351 dividitur,
1119 2270 1151 2332 in
1181 2272 1328 2350 ethieen,
1363 2273 1589 2334 oeconomicen
1625 2281 1659 2334 et
1686 2273 1838 2353 politicen
1870 2289 1971 2333 sensu
2000 2273 2140 2334 arctiori.

116 2350 255 2427 Etbice,
277 2370 362 2434 quae
384 2351 426 2414 ed
447 2352 532 2414 bona
553 2354 687 2416 moralia
709 2355 913 2437 singulorum
934 2352 1098 2418 hominum
1120 2365 1269 2437 spectat,
1293 2365 1477 2419 ceterorum
1501 2358 1651 2439 politices
1673 2368 1921 2439 praeceptorum
1944 2356 2142 2419 fundamen-

115 2444 186 2500 tum
215 2438 286 2516 est,¹
321 2436 397 2519 quia
418 2439 451 2499 in
475 2439 611 2501 civitate
638 2439 716 2502 nibil
739 2441 810 2502 sine
832 2440 926 2501 bonis
949 2442 1091 2504 moribus
1112 2455 1204 2505 recte
1227 2442 1353 2525 agit'ur3
1387 2442 1472 2505 hanc
1494 2446 1642 2524 sequitur
1666 2444 1890 2521 oeconomice,
1918 2460 2001 2523 quae
2024 2443 2141 2504 bonam

115 2524 163 2585 rei
192 2522 396 2587 domesticae
424 2524 664 2589 institutionem
693 2535 831 2607 tractat3
861 2526 937 2588 huic
966 2526 1097 2591 tandem
1121 2529 1360 2610 superstruitur
1383 2531 1512 2608 politice
1534 2548 1637 2593 sensu
1661 2530 1808 2611 arctiori,
1841 2526 1932 2608 quod¹
1948 2546 2002 2589 res
2025 2527 2141 2590 dome·
2203 2544 2206 2549 ·

117 2610 201 2673 stica
226 2619 284 2673 est
313 2609 458 2673 civitatis
481 2608 741 2673 tundamentum.
758 2611 791 2690 ¹)
842 2607 1049 2693 Quapropter
1078 2614 1268 2676 Melanthea
1275 2656 1287 2692 ,
1314 2624 1487 2695 postquam
1515 2633 1545 2683 a.
1568 2612 1662 2679 1529.
1694 2612 1777 2677 duos
1804 2615 1929 2694 priores
1951 2610 2141 2675 llthieorum

119 2695 311 2757 Aristotelis
333 2694 434 2757 lib'ros
456 2695 690 2776 interpretatus
713 2704 801 2774 erat,
823 2698 1083 2776 sequentianno
1106 2700 1205 2763 etiam
1227 2698 1419 2779 praecipuos
1442 2700 1534 2762 locos
1554 2699 1587 2761 in
1610 2694 1762 2762 Politicio
1783 2701 1856 2759 eius
1871 2697 1962 2761 libris
1975 2698 2141 2761 illustrare

117 2783 235 2863 eoepit.
278 2781 382 2845 Haeo·
395 2780 492 2844 editio
514 2782 667 2863 princeps
688 2781 847 2863 inscripta
868 2792 945 2871 este
1128 2838 1131 2843 .
1985 2828 1987 2833 .

243 2880 541 2959 Commentariiin
561 2880 688 2971 aliquot
704 2879 856 2966 politices
877 2881 982 2947 libror
1002 2881 1206 2963 Aristotelis.
1234 2874 1361 2968 Philip.
1383 2880 1555 2949 Melanch.
1592 2881 1802 2968 Wteberpne
1824 2883 1924 2975 1530.1
1938 2887 1972 2949 8.
1993 2885 2139 2968 iplagg

118 2989 153 3050 ln
174 2984 381 3051 dedicatione
402 2985 445 3048 ad
458 2986 603 3049 Ulrioum
617 2988 808 3071 sillingum,
830 2998 1031 3069 compatrem
1054 3006 1149 3051 suum
1171 2986 1291 3068 (Corp.
1305 2985 1380 3048 rtet.
1404 2986 1476 3048 Vol.
1494 2987 1534 3047 ll.
1558 3006 1588 3067 p.
1600 2986 1665 3048 452
1680 2985 1787 3067 sqq),
1809 2983 1903 3066 dicit,
1921 2996 1962 3049 se
1983 2986 2140 3067 principio

116 3075 236 3137 iustam
260 3074 562 3152 interpretationem
583 3074 688 3136 totius
708 3083 826 3147 textus
847 3075 1051 3137 Aristotelici
1071 3075 1272 3155 instituisse3
1304 3084 1340 3135 at
1362 3091 1436 3136 cunr
1458 3072 1622 3135 deessent.
1637 3072 1841 3135 auditoribus
1862 3073 1973 3154 graeci
1996 3071 2141 3153 codices,

117 3170 154 3223 ct
170 3161 205 3223 in
228 3169 321 3223 tanta
342 3158 470 3221 desidia
490 3158 680 3237 iuventutis·
696 3176 797 3223 nemo¹
812 3160 983 3240 scriberet,
1004 3159 1217 3231 deindeeum
1239 3168 1273 3222 ct
1295 3159 1385 3221 latini
1406 3157 1477 3218 libri
1499 3159 1578 3220 nulii
1593 3160 1655 3221 nisi
1676 3154 1917 3219 mendosissimi
1930 3156 2141 3239 haberentur,

117 3243 304 3308 mutandam
326 3245 389 3307 sibi
413 3244 516 3308 luisse
539 3245 722 3307 institutam
744 3245 981 3326 interpretandi
1001 3247 1172 3325 rationem,
1196 3260 1298 3325 seque
1320 3243 1485 3307 iudicasse
1506 3248 1647 3306 maxime
1663 3242 1878 3325 profuturum,
1901 3244 1930 3305 si
1943 3243 2140 3325 praecipuos

117 3334 205 3397 lucos
226 3342 424 3412 excerperet
451 3340 486 3395 et
506 3329 705 3413 illustraret,
738 3342 774 3394 ut
788 3350 961 3401 ,summam
983 3330 1240 3413 disputationum
1260 3329 1454 3394 Aristotelis
1476 3331 1620 3411 populari
1643 3349 1767 3413 genere
1789 3329 1944 3391 orationis
1967 3336 2141 3413 tractatam

118 3428 151 3480 et
179 3414 223 3480 ad
245 3435 450 3480 communem
470 3417 562 3478 vitae
591 3417 862 3481 consuetudinem
883 3437 922 3481 ac
944 3429 1075 3481 nostros
1098 3434 1205 3483 mores
1227 3414 1504 3478 accommodatam
1525 3416 1714 3481 scholastici
1738 3414 1897 3477 te'nerent.
1924 3447 1969 3463 -
2002 3402 2140 3497 inipso

119 3504 196 3567 libro
215 3502 380 3583 explicat,
408 3501 486 3585 quid
503 3503 637 3585 politica
660 3521 716 3566 ars
745 3501 862 3566 doceat
885 3514 920 3566 et
941 3501 1101 3586 quomodo
1118 3501 1253 3589 differat
1275 3502 1316 3563 ab
1339 3500 1532 3585 Evangelio.
1780 3512 1786 3521 ·
2018 3502 2033 3519 '¹
2110 3510 2113 3515 ’

196 3604 262 3666 llic
283 3602 365 3665 liber
386 3598 528 3665 recusus
550 3602 796 3687 est-Hagenoae
820 3601 914 3667 1531.
936 3605 968 3669 8.
991 3614 1027 3667 et
1045 3600 1121 3673 eunr'
1140 3603 1323 3666 ethicorum
1343 3600 1586 3664 commentariis
1605 3603 1803 3681 coniunctus
1812 3582 2025 3686 ''Argentinae
2036 3597 2138 3689 Ι1535.

118 3689 219 3775 8.(v.
243 3689 374 3773 supra}
394 3722 439 3739 -
468 3688 568 3761 etiam
588 3690 622 3755 in
644 3691 801 3775 operibus
820 3688 1048 3759 Melantbonie.
1064 3686 1314 3767 basileensibus
1342 3688 1432 3779 'rom
1459 3688 1517 3753 IV.
1540 3708 1572 3783 p.
1595 3686 1660 3751 266
1682 3705 1771 3779 sqq„

1100 3856 1144 3924 ν.
1187 3850 1191 3879 2
1267 3864 1270 3869 ἡ
1373 3846 1376 3853 ,
1491 3840 1494 3849 .

197 3940 339 4081 lienem,
366 3987 404 4041 ut
432 3978 474 4042 de
500 3942 606 4042 tribus
628 3938 862 4063 appendicibus
884 3996 985 4062 supra
1005 3980 1264 4044 commemoratis
1292 3988 1329 4043 et
1357 3948 1515 4042 tractatu·
1530 3974 1662 4041 editioni
1694 3978 1811 4044 tertiae
1833 3952 2008 4059 lipitomes'
2023 3952 2138 4058 philos.

118 4080 191 4131 mor.
213 4079 340 4129 inserto
361 4084 466 4147 pauca
487 4082 767 4147 praemoneamur.
1081 4106 1085 4113 ·

156 4148 426 4248 &venerationes
452 4165 594 4249 ethicae,
613 4186 714 4250 qnae
741 4158 819 4231 inde
846 4166 888 4232 ab
920 4184 1004 4253 anno
1033 4167 1128 4232 tutto.
1155 4166 1305 4230 omnibus
1333 4116 1569 4229 elementorum
1599 4165 1728 4230 ethicae
1750 4165 1918 4230 doctrinae
1940 4118 2139 4255 editionibus

197 4272 351 4321 annexae
371 4264 473 4337 sunt,
494 4264 594 4317 antea
615 4255 675 4316 bis·
689 4255 828 4318 seorsim
848 4252 1056 4335 prodierurtr
1280 4260 1293 4271 ··
1386 4268 1390 4275 ·
2001 4294 2004 4299 .
2061 4258 2068 4285 ³

50 4330 58 4425 l
239 4374 271 4419 a.
295 4351 510 4433 Quaestioner
529 4350 655 4502 olp'qrrot
669 4351 825 4428 Ethicae,
847 4350 887 4415 dc
908 4352 1123 4436 iuramentis,
1145 4351 1537 4418 excommunicatione-et
1557 4348 1637 4436 olija
1658 4346 1966 4428 casibusobserrrir,
1988 4344 2138 4431 explico·

285 4443 339 4502 tue
354 4438 393 4503 in
405 4434 543 4503 lectione
600 4435 677 4502 hicn
695 4433 883 4521 uPhilippo
897 4436 1125 4505 Melanthone.
1162 4437 1384 4523 Wteberpce‚
1405 4436 1589 4503 excercebor
1610 4435 1774 4501 Iohannes
1797 4434 1906 4502 Grato.
1929 4431 1982 4497 M.
1996 4430 2044 4496 D.
2059 4428 2136 4495 LII.

285 4525 318 4588 8.
338 4525 413 4606 411,
435 4526 544 4609 plagg.
567 4523 609 4604 (3
630 4526 687 4589 uit.
709 4542 809 4607 pagg.
832 4524 937 4604 vac).

240 4610 276 4677 b.
298 4606 514 4688 Quaestionec
534 4608 659 4696 aliquot
679 4606 836 4687 Ethicce,
864 4608 905 4672 de
926 4608 1144 4687 iuramentis,
1172 4606 1509 4675 excommunicatione
1531 4610 1562 4668 ot
1584 4602 1663 4671 aliis
1684 4604 1816 4671 curibus
1837 4602 2006 4680 obscuris,
2027 4597 2137 4684 expli·

284 4699 378 4759 cuiue
404 4693 443 4759 in
470 4694 607 4760 lectione
635 4692 756 4761 urtica
782 4714 805 4758 o
832 4691 987 4778 Philippo
1008 4692 1236 4760 Metamlme.
1273 4697 1354 4778 (snb
1385 4714 1447 4777 quo
1477 4694 1606 4755 nomine
1632 4695 1816 4778 symbolum
1846 4693 2015 4767 Cratonis,
2051 4684 2137 4769 quod

284 4798 386 4862 supra
408 4799 438 4862 p.
448 4779 521 4845 ihs
546 4830 553 4846 .
576 4780 828 4864 descripsimus,
851 4780 965 4845 iisdem
987 4783 1100 4845 verbis
1123 4781 1434 4864 circumscriptum.)
1484 4776 1691 4863 ll'iielcrpoe
1712 4798 1799 4843 anne
1820 4775 1875 4841 M.
1891 4775 1939 4840 D.
1957 4770 2073 4838 LIIH.
2096 4803 2138 4821 -

285 4866 344 4949 (ln
367 4866 468 4950 linet)
504 4800 712 4950 lssiteberpoe
732 4864 915 4931 excedebat
935 4862 1102 4930 lohannes
1125 4866 1240 4938 Grato.
1266 4868 1296 4931 8.
1324 4869 1396 4950 4¹l,
1419 4865 1529 4949 plagg.
1552 4863 1593 4946 (3
1615 4866 1673 4928 ult.
1696 4883 1793 4947 pagg.
1816 4864 1920 4943 vae).

49 4964 56 5047 ξ
155 4967 188 5034 2.
210 4968 430 5071 Dissertatio:
465 4967 521 5071 De
541 4967 990 5072 arboreueorrrenpuinitutuie
1017 4971 1050 5031 et
1071 4962 1271 5052 affinitatis,
1298 4987 1383 5051 quae
1408 4967 1483 5030 inde
1516 4967 1556 5029 ab
1579 4986 1608 5028 a
1634 4966 1728 5029 1545.
1757 4967 1875 5029 ethicis
1898 4962 1988 5024 libris
2010 4976 2138 5023 annexa

208 5054 1154 5225 ‘egum'⁹oehghglmcoerreossguihigtiidlegionfflihitutic,
1180 5138 1254 5202 siue
1281 5137 1322 5202 de
1348 5134 1521 5224 praedibus.
1538 5220 1546 5237 ·
1566 5132 1716 5218 Philippi
1745 5129 1986 5198 Melontlonis.
2030 5128 2136 5191 Anno.
2205 5190 2208 5196 .

284 5222 340 5293 M.
363 5225 411 5291 Β.
436 5224 607 5292 XXXX.
634 5260 679 5276 -
726 5225 784 5308 (ln
809 5225 909 5311 dnm)
950 5222 1145 5308 Viteherpoe
1177 5243 1223 5288 ee
1251 5219 1388 5310 officina
1416 5221 1544 5306 Iosephr
1576 5220 1669 5306 cup.
1707 5217 1817 5283 Anno.
1846 5213 1901 5282 M.
1931 5216 1975 5279 D.
1997 5211 2078 5278 XL.
2104 5213 2136 5274 t.

156 5441 185 5511 1)
203 5446 284 5497 cont.
302 5446 406 5501 limar-
421 5448 539 5514 ltlttar,
557 5445 720 5501 Gescbiebte
737 5447 788 5501 der
805 5444 982 5512 Philosophia
998 5445 1031 5498 Ρ.
1047 5443 1093 5497 lli.
1111 5458 1137 5507 p.
1153 5443 1212 5497 aar.

125 5527 306 5598 umam.
329 5534 436 5603 oens.
457 5534 545 5599 Von.
566 5536 658 5599 XVI.
1504 5513 1528 5584 2
