4544 5766
202 191 279 267 447
448 188 572 264 pitin
597 187 714 263 MEL.
736 187 940 261 scater-A
963 188 1031 265 lu)
1055 187 1265 281 EllllCElll
1285 189 1356 265 ἘΤ
1382 187 1980 275 rouwnoliie‘tllitlh
2150 199 2235 281 tls

203 391 283 439 nae.
333 364 455 460 ltaque
467 364 599 435 uirilius
616 361 787 446 ciuitatis,
812 362 945 434 nullius
957 361 1072 453 gentis
1094 361 1191 452 leges
1242 363 1359 435 dimus
1373 364 1766 457 exemplamleannos
1779 367 2237 468 aliquos,.,M0mrii⁷t)‚

203 481 386 561 praestant
411 466 602 547 Romanis,
629 490 727 559 quae
757 468 800 535 de
830 466 997 537 omnibus
1024 464 1191 545 ciuilibus
1241 462 1969 562 8111111ιί”1.7”),..ι]ιιί,ιιιῑςιιιι,ἱὶιιςὶιῃιιῃηὴΙ
1985 487 2237 559 tamam,

205 572 346 642 officiis:
381 573 424 640 de
448 569 608 651 iudiciis,
632 572 676 637 de
699 569 957 651 contractibus,
983 567 1033 637 ila
1054 567 1191 658 praeci,
1241 569 2237 671 peret-adsersns‚magissmlue,..„Numdfflqufflm

203 675 329 768 piune,
354 684 784 766 alumpnus-natura,
809 695 1028 767 nusquama
1049 669 1191 749 tatione
1241 670 2254 770 anagnis...civitatibustlaiemafaahnucaxaiamom2.

203 778 383 847 discedere
400 775 657 865 intelligantur.
740 854 743 861 .
870 844 874 853 ,
974 864 977 873 Ι
1118 808 1150 825 ·ι
1187 774 1191 827 ἶ
1241 786 1334 855 sunl.
1349 786 1491 847 autores
1516 775 2007 869 snspconiurpljsfflrpvims
2018 798 2151 876 parem
2172 789 2238 856 gd,

303 877 354 946 Ac
370 903 450 947 meo
470 877 613 971 quidem
638 873 789 958 iudicio,
822 874 853 945 si
873 898 948 943 non
964 886 1191 969 versarentur¹
1241 901 1364 948 versus
1377 876 1555 967 legitimos
1569 877 1820 967 magistratus,
1843 895 1884 955 nt
1906 888 2236 980 esaussppflaesaslo

202 983 240 1053 in
253 984 355 1067 foro,
381 981 555 1051 tamenin
572 975 701 1051 scholis
722 979 890 1069 legendae
915 991 1031 1049 essent
1053 979 1099 1047 ad
1118 976 1191 1045 sorss
1242 979 1423 1049 vindicent
1435 1003 1473 1049 se
1488 977 1531 1047 in
1541 978 2093 1061 liberalem-2·Miseani.volmt
2108 991 2235 1065 omnia

200 1087 336 1157 manda
375 1096 410 1152 et
444 1084 602 1155 acuenda
635 1081 766 1153 iudicia
800 1085 843 1150 de
877 1082 984 1157 rebus
1016 1078 1190 1151 civilibus.
1241 1083 1379 1174 potito,
1405 1106 1515 1175 quam
1528 1093 1569 1151 nt
1582 1081 1653 1173 ipsi
1664 1108 1820 1176 regnum
1837 1090 2015 1163 amittant.
2093 1152 2100 1163 .
2202 1122 2207 1131 ·

203 1189 325 1281 Quare
339 1187 439 1258 nullo
455 1188 565 1257 modo
578 1187 724 1257 serenda
741 1196 793 1254 cst
806 1183 1009 1274 arrogantia
1027 1181 1190 1269 istorum,
1342 1183 1413 1255 Sed
1438 1184 1607 1263 nonnulli
1627 1199 1844 1276 praetexunt
1864 1186 2097 1281 huimausae
2119 1195 2235 1287 piem.

202 1291 266 1384 qui
283 1290 359 1361 sine
373 1286 440 1359 hac
457 1288 620 1360 doctrina
636 1288 818 1357 confidunt
842 1310 878 1355 sc
903 1287 976 1357 vim
1003 1283 1191 1378 aequitatis
1244 1297 1333 1370 tem,
1374 1300 1514 1381 'negant
1545 1283 1750 1365 Christiano
1781 1297 2062 1373 silendumfflg
2094 1298 2235 1389 legibus

203 1393 289 1465 satis
302 1391 520 1484 perspicere,
544 1403 614 1465 ,aut
634 1390 729 1481 leges
751 1389 1012 1471 commodiores
1037 1387 1190 1473 scrihere
1241 1384 1480 1494 ethnicorum.
1544 1387 1674 1483 ltaque
1700 1406 1768 1467 aut
1785 1407 2234 1485 novas-conantnnierre,

203 1520 326 1588 posse,
364 1494 515 1577 scilicet,
555 1493 682 1562 melius
712 1491 809 1560 videt
838 1491 966 1585 aliquis
994 1486 1190 1582 theologus,
1243 1503 1305 1561 aut
1328 1503 1501 1561 revocant
1521 1515 1588 1569 nos
1604 1494 1986 1593 ,adMosaicas,1eges‚
2020 1503 2234 1577 „mamm

204 1599 269 1694 qui
288 1621 475 1691 nunquam
499 1597 616 1689 attigit
639 1595 916 1685 rempublicam,
941 1586 1129 1687 nunquam
1153 1591 1191 1659 in
1227 1594 1395 1676 ‚stadium
1421 1593 1485 1688 qui
1505 1590 1813 1675 vehementissime
1836 1604 2149 1700 contendehaiw),
2177 1631 2235 1676 ex-

202 1703 282 1775 foro
299 1713 459 1771 versatus
475 1713 546 1782 est,
569 1723 660 1793 quae
680 1699 797 1769 forma
821 1697 944 1767 iudicii
967 1695 1121 1765 maxime
1146 1694 1191 1763 sil
1241 1696 1350 1787 plosis
1358 1696 1534 1773 Romanis
1548 1697 1698 1787 legihns,
1715 1701 1891 1775 Moesicas
1907 1709 2128 1800 recipiendas
2146 1733 2233 1779 esse.

202 1804 299 1874 utilis
313 1804 541 1895 reipublicae,
557 1801 645 1895 quid
659 1802 698 1869 in
712 1801 962 1883 contractibus,
982 1798 1069 1892 quid
1085 1799 1123 1866 in
1138 1796 1190 1864 di,

202 1907 341 1976 visione
356 1901 617 1977 haereditatum
635 1928 789 1997 aequum
807 1902 872 1985 sil,
900 1928 1008 1997 quam
1022 1899 1190 1992 Papinia-

202 2034 271 2081 nus
288 2021 350 2078 aut
367 2007 540 2100 Ulpianus
550 2007 617 2101 ⁷³),
641 2030 795 2099 quorum
812 2019 961 2100 uterque
980 2004 1088 2073 vitam
1108 2027 1190 2091 con7

204 2111 305 2180 trivit
318 2135 393 2179 non
403 2113 512 2183 modo
529 2111 567 2179 in
590 2105 644 2183 his
664 2108 790 2179 studiis
811 2120 846 2176 et
866 2110 966 2193 foro,
1001 2108 1062 2178 sed
1084 2105 1190 2174 etiam

204 2215 243 2283 in
258 2213 400 2305 imperii
416 2212 744 2295 administratione,
776 2224 811 2280 et
826 2210 1044 2301 gravissimis
1061 2208 1191 2278 delibe-

202 2317 404 2389 rationibus
432 2318 475 2385 de
506 2339 645 2387 summa
669 2314 897 2405 reipublicae.
963 2312 1084 2407 Atqui.
1105 2309 1191 2379 novi

203 2421 357 2501 multos,
384 2418 446 2511 qui
465 2444 545 2489 casm
560 2418 598 2505 in
609 2416 781 2503 Ecclesiis,
791 2418 917 2488 docere
937 2418 1106 2496 debeant,
1140 2425 1191 2481 ta·

203 2548 288 2595 rnen
304 2524 509 2614 irrumpunt
524 2521 694 2590 indorum
709 2533 744 2589 el
761 2520 915 2605 curiam,
943 2534 977 2590 et
992 2515 1192 2611 spreioRo-

203 2650 312 2695 mano
338 2623 433 2709 iure,
465 2649 577 2694 novas
596 2625 689 2715 leges
711 2625 803 2692 ferre
827 2636 1014 2693 conantur.
1078 2618 1126 2689 Et
1147 2619 1192 2687 ad

202 2725 295 2800 lianc
310 2752 385 2798 rem
403 2753 478 2798 non
492 2753 616 2812 usum,
641 2751 716 2803 non
739 2726 941 2817 ingenium,
965 2749 1041 2794 non
1059 2722 1192 2803 ¹doctri-

204 2856 289 2904 nam
307 2832 464 2927 aliquam
478 2830 808 2910 civilemafferunt,
833 2832 893 2897 sed
915 2852 1052 2898 meram
1076 2826 1192 2916 impu-

205 2933 363 3005 dentiam
397 2958 477 3002 cum
510 2944 665 3015 extrema
694 2929 844 3009 stultitia
874 2942 980 3023 atque
1010 2927 1192 3020 impietate

204 3037 446 3109 cortiunctam.
498 3033 547 3105 Hi
559 3033 686 3123 seipsi
708 3046 879 3126 tanquam
895 3032 990 3102 Deos
1012 3031 1192 3100 admiran-

203 3152 275 3220 tur,
301 3160 386 3228 prae
402 3161 438 3205 se
454 3134 653 3226 despiciunt
671 3159 794 3204 omnes
804 3134 965 3220 Solonas,
994 3158 1116 3203 omnes
1124 3133 1192 3201 Pa-

204 3240 391 3335 pinianos,
431 3263 554 3309 omnes
576 3236 836 3332 Pontanos⁷²),
877 3250 1037 3307 veterum
1061 3234 1193 3306 doctri-

1241 1797 1376 1868 Verum
1397 1823 1464 1868 nos
1479 1800 1632 1872 sciamus
1649 1819 1852 1894 praesentes
1866 1810 1958 1901 leges
1974 1813 2181 1882 retinendas
2197 1823 2231 1880 et

1242 1902 1408 1970 colendas
1425 1926 1510 1973 esse.
1560 1903 1654 1973 liam
1672 1920 1711 1975 ul
1735 1914 1913 1998 praesenti
1938 1915 2105 2003 potestati
2130 1940 2232 2007 prae·

1243 2005 1328 2097 cipit
1352 2004 1587 2095 Evangelium
1612 2009 1775 2093 obedire,
1815 2013 1864 2081 ita
1895 2018 2067 2109 praecipit
2095 2018 2230 2108 legibus

1242 2106 1486 2204 praesentibus
1500 2132 1639 2198 parere.
1690 2111 1737 2179 Et
1760 2118 1936 2205 approbat
1956 2121 2050 2211 leges
2074 2119 2229 2204 illorum,

1244 2210 1328 2304 quia
1360 2211 1416 2279 lex
1446 2222 1499 2279 est
1528 2236 1595 2281 vos
1626 2215 1865 2304 magistratus.
1891 2266 1894 2273 ·
1928 2221 2228 2304 Elitoman.13,

1243 2315 1297 2407 (1.
1310 2311 1365 2408 2.)
1382 2325 1528 2383 vocatur
1544 2315 1725 2385 ordinatio
1742 2319 1821 2391 liei.
1872 2322 1965 2393 Nam
1986 2327 2061 2399 sine
2081 2327 2228 2417 legibus,

1243 2416 1319 2487 sine
1334 2415 1495 2498 iudiciis,
1519 2415 1597 2485 siue
1610 2419 1781 2492 institutis
1797 2424 1979 2512 civilibus,
2009 2430 2108 2501 nulla
2125 2429 2228 2501 estin

1242 2518 1403 2611 imperiis
1426 2517 1618 2597 ordinatio.
1667 2523 1802 2596 Paulus
1818 2542 1939 2599 autem
1953 2531 2022 2615 ait,
2038 2533 2228 2624 magistra-

1245 2635 1321 2692 tum
1339 2621 1604 2693 ordinationem
1622 2631 1804 2718 quandam
1822 2655 1908 2703 esse.
1953 2682 1956 2692 ·
1984 2700 1990 2707 ,
2138 2700 2143 2707 ,

1346 2726 1452 2818 Quod
1471 2749 1554 2803 vero
1570 2750 1645 2795 non
1661 2729 1708 2801 sit
1719 2755 1860 2825 necesse
1874 2759 2043 2806 revocare
2055 2737 2095 2806 in
2111 2739 2228 2818 lorum

1244 2827 1352 2897 Moisi
1376 2829 1488 2918 leges,
1522 2829 1625 2927 facile
1647 2830 1820 2926 intelliget
1841 2837 1945 2934 is⁸⁰)‚
1985 2840 2042 2908 cui
2067 2853 2158 2911 nota
2181 2851 2230 2919 est

1243 2943 1373 3001 natura
1398 2929 1609 3005 christianae
1630 2934 1815 3010 libertatis⁰
1874 2942 1968 3013 Nam
1990 2940 2229 3034 Evangelium

1243 3057 1318 3103 non
1341 3033 1462 3124 alligat
1483 3056 1550 3104 nos
1572 3039 1617 3103 ad
1642 3038 1731 3131 ritus
1757 3055 1818 3111 aui
1839 3044 2003 3134 politiam
2020 3043 2231 3127 Mosaicarn,

1244 3136 1389 3229 uiolare
1406 3149 1581 3207 testantur
1592 3139 1758 3231 Apostoli
1772 3145 1926 3217 Actuum
1943 3146 2002 3233 15,
2017 3148 2128 3244 (28),
2150 3173 2231 3219 cum

1244 3252 1366 3307 velant
1382 3240 1566 3330 imponere
1578 3242 1689 3333 legem
1707 3246 1815 3316 Moisi
1831 3251 2004 3339 gentihus.
2055 3251 2104 3320 iit
2125 3277 2231 3341 argu-

203 3368 289 3413 nam
312 3366 432 3410 rerum
457 3341 613 3410 civilium
636 3365 752 3434 neque
775 3353 929 3432 norunt,
955 3362 1191 3434 nequenosse
1243 3354 1449 3411 mentantus·
1464 3367 1505 3410 ex
1522 3349 1667 3415 nomine
1681 3352 1852 3440 gentium,
1879 3379 1990 3448 qairrus
2006 3353 2231 3444 praedictum

204 3448 367 3527 student,
408 3445 470 3514 sed
498 3468 560 3513 sua
590 3444 729 3533 somnia
755 3445 952 3533 obtrudunt
974 3439 1192 3524 hominihus,
1243 3445 1289 3516 sit
1303 3458 1423 3536 gentes
1439 3447 1720 3521 crediturascsse
1739 3450 1900 3551 Christo,
1925 3481 2000 3527 non
2021 3458 2151 3526 dehere
2172 3482 2231 3530 eas

205 3572 316 3641 eaque
334 3572 400 3638 pro
416 3548 566 3616 oraculis
583 3542 706 3616 haberi
721 3546 914 3637 postulant.
953 3616 956 3621 ,
979 3545 1192 3616 Huiusmodi
1244 3552 1321 3640 cogi
1337 3561 1376 3634 ut
1391 3549 1565 3642 recipiant
1578 3555 1741 3644 politiam
1750 3556 1959 3643 Mosaicam,
1979 3561 2115 3653 alioqui
2132 3563 2230 3633 enim

206 3647 364 3740 theologi
379 3648 463 3721 orire
483 3645 591 3730 δίκας
606 3642 647 3723 εὖ
663 3645 800 3729 εἰδότες
807 3649 853 3742 ⁷⁶)
865 3702 874 3731 ‚
886 3718 889 3723 ,
902 3648 986 3723 οὔτε
1001 3646 1193 3742 θέμιστας,
1244 3652 1407 3721 desinent
1423 3679 1504 3751 esse,
1512 3669 1644 3744 gentes.

205 3767 246 3837 nt
277 3755 321 3820 de
345 3751 557 3843 Cyclopihns
578 3750 756 3822 Homerus
772 3750 819 3844 ⁷⁶)
845 3752 980 3844 inquit,
1022 3775 1096 3829 non
1124 3745 1192 3847 hoc
1267 3808 1271 3815 .
1346 3756 1414 3825 Sed
1432 3757 1603 3827 obiiciunt
1618 3760 1747 3856 aliqui:
1814 3842 1816 3847 Ι
2088 3818 2091 3823 .
2146 3826 2150 3833 .

205 3866 316 3948 agarnt
329 3867 370 3923 ut
381 3848 544 3936 Christo,
569 3856 631 3923 sed
646 3865 685 3922 ul
699 3853 768 3923 sihi
782 3878 931 3943 regnum
945 3868 1085 3946 parent.
1131 3852 1193 3943 Vi·
1295 3856 1413 3927 Omne
1442 3864 1541 3953 quod
1568 3886 1641 3931 non
1670 3877 1722 3937 est
1754 3890 1795 3935 ex
1822 3868 1910 3951 lide,
1961 3881 2147 3960 peccatum
2179 3887 2233 3944 est

611 4026 615 4031 .
1348 3960 1471 4054 (Rom.
1490 3961 1550 4047 14,
1564 3965 1682 4060 23)
1778 4014 1781 4019 -
1842 4052 1845 4058 Ι
1909 4042 1914 4051 ,

239 4094 289 4153 7³)
307 4090 440 4143 Aemilius
463 4086 629 4154 Papinianus
652 4090 681 4137 et
702 4086 838 4137 Domitius
863 4086 1011 4151 Ulpianus,
1043 4089 1193 4141 Alexandri
1295 4061 1523 4154 Magistratus
1540 4068 1700 4141 iudicans
1716 4095 1758 4139 cx
1778 4071 1915 4163 legibus
1930 4073 2121 4175 Romanis,
2155 4086 2232 4149 n'on

273 4156 1194 4294 {lassataslasatassillitana„ataauiaa
1346 4181 1464 4260 rest
1572 4187 1687 4244 ere
1703 4188 1821 4245 eum
1838 4178 1977 4268 ,aaa
1990 4177 2068 4247 1²00
2087 4195 2232 4252 ,aaa

203 4011 410 4031 ’.ιη-ψ·

273 4299 429 4362 praelectus
446 4295 585 4358 praetorto
609 4297 637 4344 et
661 4296 736 4343 tutor
755 4293 917 4344 Garaooltae
941 4301 969 4343 et
987 4297 1089 4359 lictae,
1118 4298 1193 4346 lilio-

273 4379 334 4416 rum
352 4364 475 4425 septimii
494 4363 608 4429 severi,
625 4374 652 4414 a.
663 4363 723 4413 212.
742 4374 759 4412 c
777 4362 923 4413 caracalla
940 4363 1119 4428 interiectum
1149 4367 1193 4415 hic

274 4440 364 4485 sutem
376 4433 535 4495 praefectus
548 4432 688 4494 praetorio
705 4444 731 4480 a.
744 4431 805 4484 228.
823 4442 840 4481 a
857 4430 986 4481 militibus
1005 4433 1127 4483 incitatis
1145 4447 1193 4484 oc-

214 4544 217 4549 .
274 4505 349 4554 cisus
368 4505 420 4551 est.

239 4588 288 4648 71)
307 4589 355 4638 nr.
374 4583 513 4648 Georgius
531 4584 687 4647 Pantanus,
717 4586 829 4649 proprie
848 4586 954 4637 ueinse
972 4592 1004 4649 (a
1023 4587 1193 4653 loeonruclr

214 4644 219 4651 ⁵
274 4656 346 4720 apud
363 4654 568 4716 Wittelrerganr
584 4654 653 4710 sito,
678 4654 722 4702 uhi
743 4658 824 4704 nattis
843 4660 919 4713 erat,
936 4654 1026 4705 Briseis
1047 4668 1070 4706 s.
1087 4656 1192 4707 Ponta-

214 4758 220 4771 .
273 4738 327 4775 nus
340 4722 562 4786 cogno-instas)
575 4723 712 4772 illectoris
726 4723 853 4774 saxonici
866 4725 1048 4774 cancellarius
1060 4731 1100 4783 (a.
1117 4727 1190 4777 liti.

272 4798 371 4849 lenae..
407 4791 452 4839 ubi
482 4794 594 4853 propter
622 4793 788 4841 valetudinis
821 4794 1035 4849 imbecillitatem
1066 4795 1128 4847 irrite
1157 4798 1192 4845 als

216 4850 219 4855 ¹
272 4875 298 4914 a.
317 4861 391 4911 isse.
411 4861 471 4907 iura
489 4860 635 4913 docuerat,
666 4858 804 4924 martarus)
823 4861 1037 4913 iurisconsultus
1062 4858 1116 4912 hon
1141 4875 1192 4913 so·

274 4934 327 4981 iure
346 4932 380 4979 als
399 4927 656 4988 iurisprndentiam,
682 4929 732 4977 sed
756 4930 837 4978 etiarn
856 4934 891 4980 ols
908 4932 1069 4994 septentiam
1087 4937 1115 4981 et
1133 4932 1192 4994 ple·

273 5006 358 5051 tatem
375 5009 480 5047 stamma
498 4997 577 5044 lacrde
598 4997 702 5059 dignus.
735 4997 813 5047 Gaul.
833 5000 944 5048 botheri
964 5003 999 5062 de
1015 5016 1047 5050 eo
1067 5002 1192 5050 iudicium

273 5070 300 5119 in
319 5065 462 5128 colloquiis
479 5065 644 5113 mensalibus
662 5067 703 5115 cd.
717 5065 898 5116 i'iirstemann
919 5075 946 5117 et
960 5071 1079 5118 liiadseil
1097 5068 1126 5122 P.
1142 5071 1191 5121 it.

272 5137 370 5202 pm.
396 5145 474 5212 „aas
491 5131 546 5188 liis
565 5129 655 5197 zarai
682 5129 714 5200 lp
738 5130 838 5197 ieonis
855 5138 907 5188 ret
925 5137 1018 5202 nelle,
1036 5137 1072 5193 D.
1090 5134 1191 5207 &sepo

270 5204 329 5262 siat
348 5199 467 5260 Salv

235 5312 286 5364 781
304 5309 383 5372 Aput
400 5307 546 5357 lionerusn
564 5304 666 5385 iegitur
685 5301 784 5356 aldire.

231 5415 282 5476 75)
299 5416 380 5463 lion.
398 5408 448 5461 oi.
465 5409 516 5473 ix,
533 5408 593 5461 atil.

1246 4352 1249 4358 A
1346 4271 1415 4355 tia,
1443 4274 1525 4367 qnia
1542 4273 1739 4348 nonhabet
1753 4282 1901 4351 verbnm
1915 4281 1996 4352 Dei.

1293 4368 1389 4463 Ergo
1404 4391 1552 4469 quaerat
1569 4380 1662 4471 leges
1679 4407 1699 4450 a
1715 4382 1795 4451 Deo
1815 4385 1988 4468 conditas.

1247 4531 1451 4546 Ἢ

1277 4609 1326 4668 77)
1345 4611 1460 4661 Thenas
1484 4582 1651 4673 ausurus,
1685 4622 1784 4687 pastor
1808 4620 1988 4672 alaternus
2015 4624 2044 4673 h
2067 4624 2233 4694 τιιήιιςὶι,

1311 4683 1383 4728 cosli.
1401 4693 1484 4763 supra
1501 4697 1525 4745 p.
1541 4684 1601 4737 377.
1621 4690 1685 4739 nota
1699 4689 1742 4738 4³.

1276 4778 1323 4842 78)
1345 4783 1391 4831 ilc.
1410 4782 1523 4832 lacobus
1539 4790 1670 4851 strauss,
1689 4788 1865 4841 concionator
1883 4784 2070 4853 beroeensis,
2089 4799 2151 4861 qui,
2169 4812 2232 4851 een

1313 4851 1405 4898 theses
1424 4852 1466 4900 hi.
1480 4853 1584 4904 enasci
1603 4860 1770 4923 publicatas,
1797 4867 1893 4911 contra
1910 4876 2026 4928 usuras,
2051 4860 2160 4916 fervide
2179 4882 2231 4917 ur·

1313 4924 1392 4981 geret
1410 4924 1438 4968 et
1455 4922 1482 4970 ln
1503 4927 1577 4972 motu
1596 4928 1762 4978 rusticorum
1779 4930 1868 4978 missus
1885 4933 2082 4996 oinnnspecte
2104 4946 2136 4984 ee
2161 4950 2230 5002 ges-

1310 4989 1409 5050 sisset,
1427 5001 1444 5039 a
1462 5004 1574 5042 munere
1591 5001 1680 5043 motus
1699 5001 1726 5045 et
1744 4999 1773 5046 ιἰι
1789 5001 1942 5050 custodiam
1960 5003 2040 5054 datus
2058 5010 2112 5055 est.

1276 5089 1323 5155 79)
1342 5097 1372 5142 ut
1390 5093 1614 5162 carolostatiios,
1646 5102 1690 5163 qul
1710 5105 1949 5157 vehementissime
1967 5113 2165 5176 contendebat]
2189 5117 2232 5167 sis

1310 5163 1394 5280 pidigl.
1410 5167 1483 5283 ltoiltl.
1497 5174 1526 5217 et
1541 5171 1641 5234 ilssil.;
1660 5173 1732 5224 nuit.
1750 5173 1823 5224 iniis.
1841 5178 1885 5238 qui
1905 5180 2142 5235 vehementissime
2160 5200 2229 5235 con·

1324 5245 1357 5280 eu
1377 5247 1434 5287 un.

1276 5335 1325 5396 80)
1345 5335 1537 5405 intelligetis]
1556 5343 1788 5395 eremitam&
1814 5351 1842 5397 et
1859 5349 1960 5411 Basil.;
1990 5351 2062 5413 tait,
2078 5352 2154 5409 ιω.
2180 5360 2228 5422 ‘5-

1310 5418 1391 5471 μου.
1409 5417 1521 5459 errore:
1545 5410 1715 5478 intelligetis.
1854 5435 1857 5440 -
1947 5422 1960 5443 w
2047 5417 2049 5421 ·
