4544 5766
56 345 164 430 fiam,
204 346 400 443 dequibus
422 344 593 421 ambabus
615 351 703 423 dicit
721 350 919 449 Paulus⁴').
981 349 1035 421 De

56 463 197 519 caetero
214 445 284 520 hoc
295 452 510 548 requiritur,
533 465 574 523 ut
588 454 699 527 tidelis
720 456 798 553 quis
810 456 866 529 sit.

335 688 517 762 Decima
550 691 752 786 septima.

158 859 263 929 Actio
295 863 423 931 tutelae
453 864 587 933 Graece
621 864 750 934 dicitur
779 859 864 958 δίκη
894 861 1035 954 ἐπιτρο-

57 961 202 1058 πῆς“),
227 990 318 1058 quae
341 979 463 1034 contra
486 979 621 1036 tutores
642 971 764 1052 datur,
800 968 861 1062 qui
884 969 1036 1060 pupillo-

57 1087 138 1132 rum
155 1068 299 1156 negotia
317 1069 408 1137 male
432 1068 746 1155 administrarant,
774 1082 813 1140 ut
827 1065 1036 1141 Demosthe-

54 1188 116 1236 nes
139 1193 225 1240 suos
239 1183 373 1241 tutores
390 1173 567 1242 accusavit
574 1172 633 1267 ¹⁸).

354 1388 538 1458 Decima
573 1400 744 1461 octava.

157 1557 262 1628 Aetio
279 1560 430 1653 depositi
443 1556 528 1654 δίκη
546 1553 916 1656 παρακαταθήκηςω)
929 1560 1037 1631 daba-

54 1675 112 1732 tur
130 1676 259 1733 eontra
275 1672 355 1749 eo's,
378 1664 492 1758 quiin
507 1665 682 1734 servando
698 1676 759 1734 aut
773 1665 953 1733 reddendo
977 1664 1036 1731 de-

55 1765 176 1856 posito
208 1790 282 1835 non
312 1768 560 1858 praestiterant
584 1769 688 1836 iidem
718 1779 780 1837 aut
807 1764 1037 1857 diligentiam.

55 1868 325 1939 Con'denmatus
341 1882 456 1939 autem
476 1868 663 1961 dupliciter
682 1869 915 1963 puniebatur,
941 1868 1038 1936 vide-

53 1971 138 2064 lieet
162 1984 204 2040 ut
223 1972 376 2041 solveret
398 1973 618 2065 depositum,
652 1987 687 2041 et
708 1971 832 2068 qmmti
855 1972 1038 2069 intererat,

56 2088 90 2143 et
107 2086 152 2144 ut
165 2087 255 2144 esset
270 2074 423 2146 infamis.

381 2294 562 2363 Decima
596 2318 724 2389 nona.

159 2466 264 2537 Aetio
290 2465 376 2536 furti
403 2461 488 2560 δίκη
516 2465 723 2566 κλοπῆςΠ),
761 2488 841 2535 cnm
870 2465 913 2533 de
937 2462 1038 2535 resti-

57 2572 193 2641 tuenda
216 2595 274 2654 re,
313 2583 375 2638 aut
398 2569 658 2660 compensanda
683 2567 853 2657 agebatur
877 2566 1037 2637 civiliter.

55 2674 174 2745 Erant
197 2673 292 2743 enim
317 2685 350 2742 et
374 2673 469 2763 apud
483 2672 638 2741 Graecos
664 2683 734 2741 tres
756 2671 905 2760 gradus,
930 2672 1037 2753 sures,

58 2775 215 2873 quisine
232 2775 398 2844 violentia
415 2799 470 2844 res
489 2773 716 2843 abstulerant.
749 2771 797 2841 Hi
814 2774 1037 2843 condemnati

550 174 578 252 1.
627 172 993 253 montanismi
1023 173 1075 251 lit
1102 176 1291 253 orricio
1312 181 1581 260 uersutus.

1990 188 2069 277 tto

1241 373 1502 459 Actiones
1530 396 1592 458 ex
1624 385 1908 468 contrecto.

1432 568 1713 648 Vicesima.

1187 721 1353 792 Actiones
1384 746 1425 792 er
1455 736 1637 797 contractu
1667 731 1761 818 apud
1788 727 1936 801 Latinos
1967 732 2063 805 iuxta

1086 823 1217 916 species
1235 826 1371 894 diversa
1386 827 1531 895 nomina
1547 824 1752 926 babeni⁴⁸),
1777 833 1947 905 etGracei
1962 862 2065 931 quas·

1088 928 1168 994 dam
1187 928 1318 1019 species
1333 928 1539 1015 nominant,
1564 935 1625 1002 scd
1639 958 1748 1023 genus
1762 948 1814 1005 est
1825 932 1910 1030 δίκη
1925 938 2064 1033 ξυμβο-

1088 1024 1266 1127 λαίουω).
1332 1030 1470 1123 Species
1499 1049 1726 1105 recensentur
1755 1037 1845 1106 actio
1878 1064 1918 1107 ex
1945 1042 2063 1111 debito

1087 1133 1223 1218 mutui,
1250 1159 1356 1229 quam
1380 1149 1509 1204 vocant
1529 1132 1638 1231 δίκην
1657 1135 1791 1233 χρέους
1811 1151 1845 1208 et
1868 1136 1976 1235 δίκην
1997 1140 2065 1217 da·

1087 1230 1206 1322 t'et‘ov,
1235 1261 1314 1306 cum
1336 1235 1499 1306 videlicet
1519 1240 1652 1330 petitur
1672 1240 1822 1332 pecunia
1849 1242 1965 1312 debita
1987 1271 2064 1315 mu-

1089 1338 1257 1409 tuatione.
1317 1339 1374 1410 Sic
1395 1339 1583 1433 inscriptae
1606 1356 1689 1411 sunt
1712 1344 1801 1414 duae
1824 1342 2004 1418 orationes
2028 1347 2066 1429 in

983 1468 987 1476 ·
1087 1437 1339 1527 Demosthene,
1359 1467 1449 1537 quae
1468 1443 1622 1514 actiones
1639 1469 1680 1513 ex
1696 1459 1820 1517 mutuo
1837 1461 1939 1519 natas
1954 1450 2066 1521 conti-

1088 1543 1241 1640 nentll).
1283 1545 1351 1614 Sed
1367 1545 1458 1614 actio
1471 1542 1603 1639 χρέους
1620 1547 1747 1617 dicitur
1764 1550 1870 1617 etiam
1886 1552 1929 1619 de
1946 1552 2064 1622 debito
2175 1606 2178 1619 .

1088 1671 1130 1716 ex
1158 1648 1348 1739 emptione.
1411 1648 1549 1718 Usurae
1577 1662 1693 1718 autem
1718 1652 1861 1743 proprie
1888 1653 2064 1740 dicuntur,

1089 1776 1166 1820 cum
1182 1764 1329 1842 propter
1344 1751 1605 1821 mutuationem
1620 1753 1698 1843 plus
1713 1766 1806 1823 sorte
1821 1755 1964 1846 petitur.

1190 1900 1334 1971 Veteres
1351 1900 1458 1970 etiam
1477 1903 1648 1993 cogebant
1660 1904 1796 1972 solvere
1809 1929 1952 1987 usuras,
1984 1930 2063 1973 cum

1089 2028 1163 2072 non
1194 2017 1283 2074 esset
1315 2006 1534 2095 persolutum
1572 2006 1731 2075 debitum
1769 2008 1958 2077 constituto
1995 2007 2065 2091 die,

1089 2106 1227 2177 etiamsi
1239 2107 1433 2176 debebatur
1448 2108 1694 2199 exemptione.
1725 2109 1777 2178 Ac
1792 2111 1920 2179 licebat
1932 2110 2066 2199 legibus

1088 2208 1212 2280 Atticis
1236 2222 1270 2277 et
1292 2209 1465 2279 Romanis
1494 2210 1701 2280 centesimas
1730 2212 1909 2307 usuras⁶¹)
1936 2225 2067 2303 petere,

1089 2326 1124 2381 et
1139 2307 1203 2382 bas
1220 2312 1360 2415 debitor
1374 2312 1510 2382 solvere
1526 2314 1727 2402 cogebatur.
1778 2315 1848 2384 Sed
1864 2339 1970 2406 supra
1986 2338 2066 2385 cen·

1090 2415 1230 2484 tesimas
1254 2438 1328 2482 non
1351 2415 1451 2483 licuit
1471 2426 1591 2505 petere
1614 2428 1676 2484 aut
1696 2417 1877 2508 stipulari,
1909 2429 1944 2487 et
1961 2418 2067 2487 iudex

1089 2517 1293 2586 absolvebat
1307 2516 1515 2600 debitorem,
1541 2542 1562 2586 a
1578 2541 1649 2611 quo
1665 2518 1744 2608 plus
1759 2520 1944 2610 petebatur
1958 2538 2065 2613 quam

1089 2618 1288 2690 centesima.

1189 2771 1376 2843 Caeterum
1406 2795 1472 2841 nos
1495 2770 1624 2841 scimus
1644 2771 1719 2863 lege
1742 2769 1862 2841 divina
1883 2768 2068 2864 prohiberi

58 2879 169 2972 duplo
199 2878 449 2972 puniebantur.
515 2876 650 2946 Deinde
682 2888 783 2945 erant
813 2889 1039 2967 grassatores,
1090 2900 1213 2947 omnes
1245 2898 1390 2956 usuras,
1428 2875 1488 2944 scd
1520 2898 1599 2944 eum
1629 2869 1792 2945 homines
1821 2876 1963 2967 profani
1992 2902 2067 2947 non

59 2982 121 3077 qui
145 2981 277 3075 armati
298 2980 531 3073 penetrabant
550 2980 588 3046 in
614 2978 746 3051 alienas
766 2979 912 3063 domos,
950 3004 1039 3074 quos
1090 2980 1334 3071 obtemperent
1363 2976 1432 3068 legi
1462 2976 1549 3061 Dei,
1587 2977 1812 3068 magistratus
1840 2978 1880 3046 in
1909 2978 2068 3075 imperils

58 3108 230 3156 vocamus
272 3094 508 3175 grassatores,
554 3080 687 3151 Graece
728 3074 965 3174 τοιχωρύχοι,
1002 3082 1039 3149 id
1088 3084 1236 3152 modum
1259 3104 1449 3151 usurarum
1469 3091 1680 3164 sanxerunt,
1708 3103 1753 3149 ne
1771 3104 1916 3171 prorsus
1937 3076 2068 3153 exhau-

58 3200 132 3272 est,
171 3188 389 3279 perfossores
416 3186 614 3277 parietum,
654 3184 711 3253 vel
737 3175 964 3269 tonatim,
1003 3182 1040 3252 id
1088 3181 1228 3254 riantur
1249 3181 1447 3267 tenuiores,
1486 3184 1546 3253 sed
1568 3206 1614 3250 ne
1637 3177 1733 3251 bunc
1755 3183 1898 3277 quidem
1920 3185 2067 3256 modum

60 3303 134 3374 est,
158 3289 384 3360 detrabentes
400 3301 512 3358 vestes
535 3287 624 3359 aliis.
674 3284 780 3371 Item,
815 3284 877 3380 qui
898 3285 1040 3355 latroei·
1090 3299 1207 3359 servat
1222 3288 1464 3355 feneratorum
1479 3284 1666 3376 rapacitas.

60 3392 162 3465 nium
176 3406 357 3477 exercent,
381 3384 520 3485 λῃσταί.
578 3387 626 3457 Ili
640 3390 711 3459 duo
727 3388 899 3480 postremi
911 3391 1040 3479 gradus

58 3494 186 3588 poenis
208 3495 414 3588 capitalibus
435 3492 685 3584 puniebantur.
741 3489 877 3559 Recens
896 3490 953 3559 lex
975 3487 1058 3561 bo-.

57 3624 141 3668 rum
172 3610 375 3691 temporum
401 3595 558 3667 severior
581 3606 650 3678 est,
690 3616 779 3687 quae
804 3616 926 3664 omnes
946 3595 1040 3663 sures

57 3700 207 3795 capitali
236 3700 408 3793 supplicio
437 3698 573 3780 adficit,
613 3697 710 3791 quod
732 3690 840 3764 babet
862 3697 1039 3764 rationem

59 3805 105 3873 in·
131 3800 189 3874 bis
216 3803 377 3873 barbaris
406 3801 628 3883 nationibus,
667 3798 730 3869 ubi
757 3796 917 3892 plerique
944 3801 1040 3868 sures

58 3932 187 3977 omnes
200 3901 334 3976 habent
347 3905 505 3975 animum
520 3904 701 3972 latronum
718 3900 881 3973 similem.

90 4248 144 4306 sa)
163 4243 243 4296 coss.
262 4242 285 4292 ι.
298 4239 362 4293 cor.
376 4241 403 4304 s,
420 4239 448 4290 υ.
472 4238 524 4289 ru.
536 4237 564 4302 r,
583 4239 624 4290 io.

92 4384 146 4441 su
162 4377 251 4429 stau
270 4378 298 4425 et
310 4374 418 4424 sessu.
435 4372 456 4423 ι.
467 4373 487 4425 1.
505 4386 531 4437 p.
543 4338 727 4439 sss.,raen
744 4372 798 4428 rr.
814 4372 836 4424 ι
854 4384 881 4436 p.
893 4368 953 4425 ue
969 4370 1039 4437 tto,

1191 3440 1302 3532 Saepe
1332 3441 1439 3532 igitur
1465 3453 1613 3532 propter
1634 3440 1915 3532 magnitudinem
1945 3469 2069 3515 usura-

1090 3567 1169 3612 rum
1185 3544 1374 3614 seditiones
1386 3544 1425 3611 in
1438 3543 1597 3635 imperiis
1616 3556 1714 3611 ortae
1732 3557 1832 3626 sunt,
1855 3557 1917 3614 aut
1929 3558 2069 3617 secutae

1090 3670 1239 3734 magnae
1254 3646 1487 3729 mutationes,
1509 3658 1550 3715 ut
1562 3640 1711 3717 Athenis
1728 3658 1763 3714 ct
1776 3644 1914 3716 llomae
1932 3650 2069 3722 accidit.

1089 3746 1128 3817 ld
1154 3772 1239 3818 vero
1263 3750 1360 3842 quod
1380 3749 1525 3818 interest
1548 3749 1735 3839 petebatur
1760 3743 1845 3842 δίκῃ
1859 3742 2068 3846 (1λάβης”).

1089 3850 1183 3923 Nam
1203 3851 1371 3921 interesse
1393 3864 1478 3920 tunc
1497 3850 1641 3943 proprie
1659 3849 1806 3934 dicitur,
1840 3877 1919 3921 cum
1943 3855 2069 3948 aliquis

1091 3950 1303 4023 contrahens
1320 3955 1504 4024 efficaciter
1517 3979 1660 4024 causam
1674 3954 1771 4024 dedit
1786 3954 1919 4025 damni.

1124 4223 1172 4283 48]
1191 4219 1499 4342 Il⁰lm¹⁸stla⁰⁰mm⁸
1513 4219 1654 4283 speciebus
1664 4217 1736 4281 opat
1745 4212 1859 4266 Latinos
1872 4212 2067 4277 ridseimep-

1158 4304 1193 4355 it⁰
1222 4328 1229 4342 ·
1255 4305 1307 4353 ·i³·
1383 4301 1442 4353 ⁸iii·

1124 4410 1174 4472 su
1191 4396 1232 4462 oe
1249 4411 1301 4461 sse
1316 4409 1387 4459 conr.
1404 4407 1491 4458 usses
1508 4409 1536 4456 u
1553 4406 1659 4457 suen.
1677 4405 1697 4456 r.
1710 4404 1729 4457 ι.
1747 4416 1773 4466 p.
1785 4402 1846 4454 m.
1863 4402 1922 4454 sio.-

129 4448 213 4501 Petit.
224 4445 274 4509 vi,
291 4443 315 4497 7.
333 4458 359 4506 p.
373 4442 432 4493 4⁹3.

1124 4531 1173 4588 tot
1190 4532 1232 4581 Aa
1255 4527 1333 4591 δίκην
1354 4525 1453 4593 χρέους
1475 4524 1547 4575 enin
1572 4524 1692 4587 pertinet
1712 4521 1905 4574 Demosthenis
1935 4520 2067 4571 adversus

1158 4602 1324 4651 Timotheum
1343 4587 1532 4659 οῐι1ἰο(ὖπὶρ
1549 4591 1647 4660 χρέους
1664 4589 1774 4660 λόγος),
1805 4592 1839 4640 od
1860 4586 1937 4652 δίκην
1960 4587 2068 4640 durator

1162 4670 1221 4721 etos
1239 4669 1374 4718 adversus
1391 4663 1580 4715 Phormionem
1598 4662 1686 4714 oratio
1705 4653 1787 4727 (ὑπὲρ
1805 4657 1915 4711 δανείου
1933 4656 2035 4728 λόγος).

93 4572 146 4646 bo)
163 4579 339 4635 nenostteni
363 4591 381 4628 a
398 4580 477 4641 petre
494 4579 553 4625 tres
568 4579 674 4628 tutores
690 4580 770 4629 erant
785 4574 929 4631 constituti
947 4578 1040 4640 Apto-

132 4659 201 4709 tms.
231 4650 386 4711 Demophon
405 4651 433 4696 et
450 4645 641 4707 Therippides,
672 4648 717 4709 qut
739 4660 833 4698 oneres
851 4660 909 4695 eum
926 4648 1040 4697 noudu-

131 4724 224 4775 ienter
248 4718 372 4782 egissent
393 4716 507 4777 situque
529 4714 717 4776 patrimonium
741 4716 921 4779 spoliassent.
951 4716 986 4765 et
1008 4728 1040 4765 eo

132 4792 179 4842 sui
196 4790 264 4839 iuris
284 4789 356 4837 iaetu
378 4785 404 4834 io
423 4783 547 4832 ludlclttitt
566 4784 655 4833 vocati
672 4788 745 4836 suut.
789 4786 829 4836 lie
847 4786 896 4834 irre
913 4796 997 4834 cause
1014 4785 1040 4833 io
1124 4794 1173 4852 Μ)
1191 4796 1232 4844 00
1249 4790 1342 4843 „sm-t,
1360 4789 1432 4851 apud
1449 4788 1570 4839 armo,
1589 4787 1661 4839 conr,
1678 4786 1769 4838 propp
1787 4785 1806 4835 ι,
1819 4784 1839 4834 ι,
1857 4783 1879 4836 r
1896 4798 1922 4847 ρ,
1937 4784 1987 4833 1³5
1998 4797 2067 4845 um„

1160 4861 1341 4916 tvaehsrnuttr
1360 4858 1411 4910 1.1.
1428 4856 1461 4908 ll.
1480 4872 1504 4921 p.
1524 4856 1573 4906 ¹88
1585 4871 1661 4920 squ,
1687 4854 1768 4906 Petit.
1786 4854 1821 4910 Y.
1839 4856 1864 4902 4.
1891 4867 1915 4914 p.
1930 4851 1981 4901 4⁰³
1992 4865 2067 4914 sqq.;

1159 4930 1384 5049 ”bigamum
1401 4927 1488 4977 Acten
1504 4926 1524 4975 i.
1537 4924 1558 4976 1.
1575 4924 1609 4975 11.
1632 4938 1659 4988 p.
1673 4923 1726 4974 316
1736 4936 1779 4988 sq.
1801 4926 1830 4972 st
1847 4923 1997 4984 schwqps
2014 4920 2034 4970 1.
2048 4920 2067 4972 i.

1158 5014 1185 5064 p.
1264 5011 1322 5061 β(11·

1126 5116 1176 5235 a
1194 5112 1253 5234 a
1274 5107 1457 5233 οοο
1472 5110 1651 5232 aaa
1680 5098 2071 5238 arescusae

1164 5184 1298 5305 »iiiiii
1306 5197 1413 5304 silon.
1432 5194 1527 5315 rip.
1543 5252 1592 5301 seo
1605 5183 1743 5368 agileae.
1761 5243 1812 5294 us
1824 5190 1898 5306 spi.
1916 5189 2006 5289 suein
2021 5206 2071 5288 1.ιῖ

1168 5326 1189 5375 ι.
1208 5339 1233 5388 p.
1247 5322 1322 5384 ssa,
1356 5318 1538 5373 wrcrsuuu
1555 5320 1574 5371 t.
1587 5318 1606 5371 ι.
1638 5318 1658 5370 ι.
1676 5330 1701 5379 p.
1719 5314 1768 5364 teu
1776 5324 1834 5377 se,
1871 5306 1950 5361 reste
1967 5305 2028 5372 vu,
2045 5306 2072 5358 s.

1171 5392 1320 5457 ΗΜ
1418 5457 1469 5530 so

131 4860 274 4923 apitius
302 4860 361 4905 tres
391 4854 483 4903 tamti
511 4853 661 4904 orationes.
698 4854 784 4915 (cont.
820 4854 901 4905 etiem
931 4854 1040 4916 Poris:

129 4925 343 4988 Beni-Eneyel.
360 4924 390 4973 Τ.
402 4923 435 4972 li.
457 4936 482 4984 p.
498 4922 583 4981 tot).

96 5067 148 5124 46)
166 5063 254 5115 nister
271 5063 298 5110 et
315 5059 419 5109 sctum.
437 5058 455 5107 i.
470 5056 489 5106 l.
507 5070 533 5119 p.
543 5056 594 5107 sto
607 5068 665 5119 sqq.
699 5056 741 5105 Iis
757 5056 817 5107 iore
832 5057 954 5109 lamro
972 5056 1043 5121 qood

133 5135 171 5187 sd
188 5130 340 5195 depositum
358 5128 472 5188 attinet,
490 5127 562 5177 coni.
578 5126 683 5189 Digett
699 5125 776 5191 xvi,
792 5125 819 5176 8.
853 5126 919 5180 cod.
933 5126 984 5193 iv,
1000 5126 1042 5176 ³⁴.

98 5271 150 5331 ⁴7)
168 5268 254 5320 bloiet
276 5267 304 5314 et
322 5263 426 5313 Selom.
452 5217 672 5323 1101121994.
698 5260 839 5325 msera,
864 5260 1043 5314 Woebsnmtb

136 5341 156 5390 1.
172 5339 192 5388 i.
209 5336 241 5387 11.
259 5346 285 5396 p.
297 5330 374 5387 m..
393 5329 473 5379 Petit.
487 5326 549 5383 vn,
566 5329 591 5380 s.
608 5344 633 5392 p.
646 5328 701 5380 618
715 5344 773 5393 sqq.
814 5332 955 5383 Actium
978 5329 1044 5381 torti

136 5406 210 5471 apud
227 5406 365 5454 Romanos
383 5398 508 5460 exposuit
524 5397 593 5446 ltein
610 5398 629 5450 i.
640 5399 660 5449 1.
677 5412 703 5462 p.
717 5398 872 5452 mam.

71 5499 254 5563 lirosrru.
277 5489 383 5553 Orsa.
406 5486 491 5549 Vos.
515 5485 606 5548 XVI.
