4566 5760
124 203 174 278 43
394 195 597 273 SCRIPTA
620 196 698 271 PH.
720 194 834 270 MEL.
859 195 927 270 AD
950 194 1161 271 ETHlCEN
1186 195 1252 269 ΕΤ
1274 193 1532 269 POLITICEN
1558 190 1868 269 SPECTANTIA.
2088 190 2137 265 44

126 375 243 447 cordis
271 397 354 465 erga
376 372 513 454 Deum,
538 394 604 442 nee
627 371 672 439 de
695 368 884 455 interiore,
910 384 946 441 et
965 369 1103 461 integra
1155 368 1276 461 generi
1298 364 1478 454 humano,
1503 368 1573 438 nisi
1590 363 1754 438 homines
1774 366 1896 460 aliquo
1911 365 2023 434 modo
2039 386 2079 435 se
2093 365 2138 434 ad

128 477 347 561 obedientia,
373 498 481 569 quam
500 473 652 567 requirit
673 473 729 542 lex
750 473 836 558 Dei,
861 475 922 543 sed
944 474 1105 568 loquitur
1156 497 1214 544 eas
1231 472 1408 564 applicare
1431 483 1587 563 possent.
1637 470 1713 539 llae
1730 470 1888 540 rationes
1901 466 2090 560 perspicue
2105 479 2140 536 et

128 587 171 652 dc
190 581 349 650 moribus
366 579 458 645 ritae
475 576 601 660 civilis,
625 572 695 646 hoc
711 589 775 659 est,
799 578 842 646 de
859 576 1105 645 moderatione
1156 576 1231 645 sine
1246 576 1318 646 ulla
1333 575 1554 645 dubitatione
1570 575 1762 643 ostendunt
1775 597 1847 641 esse
1861 571 2019 664 aliquam
2034 569 2139 639 liber·

130 686 285 779 quadam
306 681 497 750 affectuum
521 702 604 770 erga
627 675 811 763 homines,
838 692 874 748 et
894 680 937 748 de
954 677 1106 749 externis
1158 690 1269 747 tatem
1292 672 1470 746 humanae
1492 677 1687 746 voluntatis
1702 677 1740 745 in
1760 675 1912 744 externis
1928 672 2140 744 actionibus.

130 784 339 856 actionibus.
390 782 444 852 De
459 777 515 851 his
528 783 577 850 ita
593 783 818 852 sentiendum
834 795 907 867 est,
932 784 1029 876 quod
1044 806 1107 849 vo·
1157 781 1274 874 Atque
1294 774 1401 862 haec,
1428 804 1519 873 quae
1533 778 1705 863 diximus,
1731 779 1819 847 adeo
1835 801 1911 847 non
1925 775 2142 846 dissentiunt

130 893 247 959 luntas
269 882 427 957 humana
452 884 499 954 sit
519 884 651 968 libera,
684 885 782 978 quod
804 886 851 954 ad
872 909 990 955 mores
1013 883 1106 952 vitae
1159 882 1298 953 aPauli
1315 882 1496 967 doctrina,
1521 895 1562 952 ut
1574 882 1727 951 multum
1745 881 1852 950 etiam
1867 879 1956 950 lucis
1973 879 2123 949 addant.

130 990 242 1059 civilis
264 989 411 1072 attinet,
435 982 505 1056 hoc
528 999 602 1071 est,
627 988 792 1058 voluntas
812 983 970 1058 humana
993 997 1109 1080 potest
1260 985 1330 1055 Sed
1345 984 1456 1054 Stoici
1470 986 1510 1053 in
1521 985 1726 1055 universum
1746 985 1964 1054 sustulerunt
1976 1006 2056 1051 non
2066 1004 2142 1050 rno-

130 1095 251 1187 aliquo
268 1092 379 1160 modo
396 1090 641 1181 obtemperare
657 1090 788 1160 iudicio
805 1090 975 1174 rationis,
1001 1103 1036 1159 et
1052 1113 1110 1157 ex·
1160 1089 1207 1158 do
1231 1088 1431 1157 libertatem
1455 1087 1493 1155 in
1517 1083 1684 1158 humanis
1708 1087 1924 1169 actionibus,
1950 1084 2142 1155 sedetiam

130 1208 250 1289 petere
266 1218 306 1262 ac
323 1195 444 1284 fugere
461 1216 517 1262 res
535 1192 691 1277 oblatas,
718 1195 815 1287 quod
837 1194 882 1262 ad
896 1217 1015 1262 mores
1030 1192 1110 1260 illos
1161 1190 1439 1282 contingentiam
1459 1190 1498 1259 in
1520 1191 1687 1260 omnibus
1711 1191 1868 1260 motibus
1892 1199 1928 1257 et
1946 1188 2143 1270 eventibus,

132 1298 280 1379 attinet,
307 1308 342 1365 et
356 1306 474 1386 potest
490 1295 642 1367 externis
658 1296 826 1366 membris
848 1296 1045 1388 imperare,
1071 1306 1112 1363 ut
1162 1307 1198 1363 et
1221 1294 1480 1364 contenderunt
1502 1293 1624 1364 omnia
1645 1293 1843 1362 necessario
1867 1290 1964 1375 fieri,
1990 1305 2026 1362 et
2052 1287 2144 1360 hanc

132 1400 264 1470 iudicio
287 1399 439 1468 rationis
467 1398 645 1469 obediant.
696 1395 749 1467 lta
767 1412 803 1469 et
823 1399 1005 1469 moderari
1028 1397 1112 1464 affe·
1162 1397 1404 1466 necessitatem
1426 1409 1645 1466 vocaverunt
1667 1397 1791 1466 fatum.
1843 1394 1982 1464 Horum
2004 1407 2144 1465 senten·

133 1516 210 1573 ctus
226 1501 346 1595 aliquo
363 1502 473 1570 modo
487 1513 623 1592 potest,
648 1514 683 1571 et
701 1515 862 1572 externas
878 1502 1034 1573 actiones
1046 1495 1112 1568 ho·
1163 1500 1212 1568 tia
1232 1499 1453 1591 repudianda
1488 1510 1524 1568 et
1547 1499 1769 1590 explodenda
1797 1510 1869 1582 est,
1902 1495 1987 1590 quia
2008 1509 2146 1590 pugnat

133 1618 249 1675 nestas
271 1606 406 1672 efficere
427 1603 584 1696 propriis
609 1603 744 1675 viribus
771 1605 846 1674 sine
869 1603 1113 1673 renovatione.
1165 1628 1245 1672 cum
1273 1602 1393 1671 multis
1419 1602 1628 1671 firmissimis
1657 1600 1878 1686 rationibus,
1911 1624 2000 1693 quas
2020 1613 2145 1693 postea

134 1709 234 1778 Hanc
257 1706 469 1777 sententiam
493 1706 678 1798 perspicue
700 1709 848 1790 docent,
875 1720 911 1777 et
934 1707 1115 1776 incrdcant
1164 1704 1410 1786 recitabimus,
1435 1717 1470 1773 et
1483 1717 1588 1774 nocet
1601 1704 1773 1775 moribus.
1813 1703 1886 1773 Nec
1909 1703 2147 1773 defendebant

134 1835 254 1882 sacrae
271 1811 407 1881 literae.
457 1808 651 1879 Testantur
666 1811 762 1878 enim
779 1812 960 1904 quandam
976 1833 1051 1880 esse
1065 1809 1118 1876 le-.
1166 1808 1275 1878 Stoici
1306 1807 1549 1877 necessitatem
1581 1807 1667 1891 fati,
1700 1807 1899 1876 rationibus
1927 1807 2081 1899 sumptis
2107 1829 2148 1875 ex

134 1914 186 2004 gis
202 1911 393 2000 iustitiam,
412 1934 475 1981 seu
491 1911 626 1996 carnis,
646 1937 709 1983 scu
722 1908 918 1983 humanam
932 1912 1115 1993 iustitiam,
1165 1923 1313 1993 natura,
1334 1922 1397 1979 aut
1413 1908 1506 1979 veris
1519 1910 1780 1993 fundamentis,
1796 1910 1858 1979 scd
1874 1907 2015 1978 aliunde
2032 1933 2148 1978 aecer·

135 2040 245 2110 quam
267 2010 431 2083 homines
453 2014 610 2083 efficiunt
627 2015 783 2108 propriis
803 2029 953 2085 naturae
970 2015 1115 2096 viribus,
1166 2014 1242 2084 sitis
1257 2011 1541 2082 cavillationibus
1556 2011 1852 2082 dialecticismale
1869 2011 2038 2097 consutis,
2061 2037 2148 2107 quas

135 2119 227 2189 sieut
249 2118 295 2185 ad
308 2115 415 2186 Rom.
437 2115 481 2200 9,
501 2115 598 2212 (31.)
624 2129 774 2188 testatur
788 2119 921 2188 Paulus
941 2117 1133 2188 Israelitas·
1167 2116 1344 2199 recitabo,
1369 2128 1411 2196 ut
1424 2117 1554 2184 addam
1569 2114 1772 2208 perspicuas
1784 2115 1991 2197 solutiones.

135 2218 263 2292 sectari
284 2220 397 2310 legem
419 2217 590 2290 iustitiae:
616 2220 679 2290 ubi
705 2216 803 2292 haud
825 2221 931 2290 dubie
953 2219 1118 2310 intelligit

137 2347 198 2392 eos
212 2323 327 2389 facere
344 2335 488 2391 externa
506 2346 616 2414 opera
631 2323 736 2413 legis:
763 2337 799 2393 et
813 2324 899 2392 alibi
915 2324 953 2391 in
968 2324 1117 2393 eandem

137 2426 348 2497 sententiam
370 2423 487 2516 inquit
512 2423 636 2519 (Rom.
662 2431 706 2511 Ξ,
732 2425 827 2523 14.);
863 2427 994 2497 Gentes
1015 2438 1118 2494 natu·
1267 2422 1490 2516 Impossibile
1523 2437 1576 2497 est
1604 2425 1693 2494 duas
1721 2422 2016 2493 contradictorias
2045 2420 2151 2493 simul

137 2527 261 2596 raliter
282 2552 344 2611 ea,
371 2551 462 2620 quae
479 2527 566 2618 legis
588 2540 690 2611 sunt,
715 2530 844 2599 facere.
895 2529 1042 2599 Necesse
1067 2540 1119 2597 est
1170 2552 1243 2597 esse
1264 2551 1378 2597 veras.
1437 2526 1534 2596 Haec
1557 2539 1609 2596 est
1634 2551 1735 2608 vera,
1769 2526 1895 2595 Cicero
1919 2526 1989 2596 erit
2009 2525 2150 2596 consul:

137 2629 245 2721 igitur
266 2628 306 2698 in
329 2625 534 2700 bominibus
558 2630 734 2702 delectum
757 2631 936 2726 quendam
959 2644 995 2700 et
1014 2631 1119 2699 liber·
1170 2655 1255 2723 ergo
1280 2629 1498 2721 impossibile
1523 2642 1574 2699 est
1596 2628 1910 2699 contradictoriam
1928 2654 2001 2698 esse
2014 2652 2150 2699 veram.

136 2745 246 2801 tatem
269 2755 362 2813 esse,
390 2756 460 2825 qua
486 2732 601 2801 officia
622 2733 709 2823 legis
726 2734 795 2803 sibi
813 2734 1008 2825 imperent,
1034 2757 1118 2801 nam
1171 2733 1208 2802 Si
1232 2732 1449 2826 impossibile
1472 2745 1523 2802 est
1544 2733 1642 2801 illam
1669 2757 1741 2803 esse
1756 2756 1899 2815 veram,
1924 2730 2087 2825 sequitur
2104 2730 2152 2799 al-

128 2834 274 2926 ‚alioqui
295 2846 434 2903 constat
451 2857 553 2923 posse
572 2830 737 2905 homines
754 2836 950 2906 contrarias
964 2836 1120 2904 actiones
1170 2849 1284 2906 teram
1299 2835 1498 2905 necessario
1513 2859 1635 2905 veram
1651 2860 1743 2919 esse,
1770 2835 1893 2905 Cicero
1912 2835 1980 2905 erit
1996 2834 2132 2905 consul.

138 2937 289 3005 efficere.

241 3036 402 3107 Secunda
416 3035 521 3107 ratio.
544 3034 642 3107 Deus
658 3037 843 3129 praecipit,
863 3050 904 3109 ut
919 3000 1041 3108 ‹imnes
1056 3034 1121 3106 ho·
1462 3072 1466 3082 ·
1561 3005 1761 3076 S⁰l¹11500

138 3141 272 3221 mines,
307 3138 413 3207 etiam
443 3161 519 3207 non
548 3139 683 3222 renati,
710 3136 967 3210 coherceantur
985 3141 1121 3231 legibus
1272 3141 1372 3234 Nego
1393 3141 1583 3215 minorem.
1633 3142 1727 3213 Nam
1743 3138 1833 3212 haec
1848 3141 2071 3234 propositio,
2096 3141 2153 3213 ci-

139 3258 176 3313 et
190 3241 388 3334 disciplina.
439 3238 536 3308 Haec
551 3254 625 3311 tota
642 3241 829 3334 disciplina
853 3256 888 3312 et
903 3244 1048 3334 politica
1064 3268 1121 3312 or·
1173 3267 1253 3314 cero
1280 3244 1348 3315 crit
1367 3245 1509 3329 consul,
1542 3257 1716 3340 quatenus
1741 3257 1793 3315 est
1812 3244 2012 3338 propositio
2034 3245 2080 3315 de
2100 3246 2153 3316 fu·

108 3395 109 3398 ¹
140 3344 278 3416 dinatio
300 3355 390 3413 esset
404 3341 562 3426 inutilis,
584 3344 614 3414 si
629 3339 739 3413 homo
763 3345 862 3416 nullo
878 3347 987 3415 modo
1005 3358 1123 3439 posset
1173 3360 1275 3431 turo,
1301 3336 1376 3417 non
1390 3361 1442 3416 cst
1455 3346 1688 3417 determinate
1704 3347 1752 3445 ⁴⁴)
1777 3372 1873 3420 vera.
1914 3347 2009 3420 Nam
2023 3347 2153 3420 verina

142 3449 286 3518 obedire
306 3444 457 3536 legibus:
484 3468 569 3536 ergo
585 3470 724 3516 necesse
745 3460 798 3517 est
817 3447 975 3543 aliquam
992 3473 1064 3519 esse
1081 3449 1122 3515 li·
1173 3448 1333 3544 sequitur
1346 3475 1418 3519 esse
1434 3450 1508 3534 rei,
1533 3449 1624 3522 sicut
1637 3476 1693 3522 res
1705 3446 1816 3521 habet
1830 3476 1916 3536 esse,
1941 3451 1992 3523 sic
2006 3464 2059 3523 est
2071 3472 2153 3520 vera

140 3553 332 3631 bertatcm,
356 3548 508 3642 ideoque
524 3548 657 3619 Paulus
674 3548 793 3643 inquit
819 3549 872 3645 (1.
887 3550 981 3622 Tim.
999 3553 1033 3635 1,
1049 3550 1121 3647 9.):
1173 3551 1384 3645 propositio.
1440 3552 1616 3623 Futurum
1645 3553 1764 3624 autem
1792 3553 2016 3651 nondum¹⁶)
2048 3549 2157 3625 habet

142 3652 218 3721 Lex
239 3664 291 3720 est
313 3649 453 3720 iniustis
476 3649 612 3741 posita,
637 3651 769 3722 scilicet
791 3666 832 3723 ut
857 3649 1122 3724 coherceantur.
1175 3680 1261 3726 csse.
1308 3654 1404 3745 Ergo
1420 3656 1619 3748 propositio
1635 3658 1679 3727 de
1693 3659 1814 3727 futuro
1830 3657 2051 3748 contingenti
2065 3678 2155 3727 non·

142 3753 232 3823 ltem
260 3750 357 3846 (Gal.
372 3756 415 3834 ἓ,
431 3750 528 3846 24.);
555 3751 630 3821 Lex
653 3766 704 3824 est
721 3756 965 3847 paedagogus,
991 3750 1127 3826 scilicet
1175 3760 1262 3828 dum
1280 3771 1334 3827 est
1358 3782 1459 3843 vera,
1485 3760 1547 3828 scd
1565 3772 1616 3829 est
1636 3761 1791 3843 incerta,
1816 3760 1908 3830 sieut
1922 3785 1979 3830 res
1993 3760 2156 3830 nondum

143 3869 185 3925 ut
225 3854 381 3935 erudiat,
420 3850 606 3924 coherceat
638 3869 674 3924 et
707 3858 915 3928 assuefaciat
947 3853 1123 3930 homines.
1176 3873 1238 3931 est.
1301 3861 1392 3930 Cum
1426 3860 1535 3951 igitur
1565 3857 1652 3930 haec
1679 3863 1725 3931 sit
1754 3863 1909 3948 incerta,
1942 3861 2067 3933 Cicero
2090 3859 2157 3930 erit

143 3958 246 4027 Hanc
273 3956 473 4024 libertatem
504 3957 544 4025 in
574 3958 727 4029 externis
759 3960 958 4031 actionibus
988 3962 1125 4046 tollere,
1176 3964 1318 4046 consul,
1350 3965 1514 4032 nondum
1535 3976 1653 4056 potest
1679 3964 1804 4034 inferri
1827 3967 1976 4035 alteram
1996 3989 2070 4037 esse
2092 3965 2157 4033 im-

146 4061 231 4156 quid
256 4057 353 4126 aliud
376 4069 445 4140 est,
473 4060 632 4152 quamin
648 4061 855 4133 universum
869 4064 986 4132 delere
1001 4089 1125 4134 omnes
1176 4065 1399 4159 possibilem,
1421 4066 1548 4136 deinde
1571 4067 1711 4136 etiamsi
1735 4067 1856 4137 minor
1872 4081 1925 4139 est
1939 4092 2024 4137 vera
2038 4092 2158 4137 neces-

145 4164 237 4254 leges
258 4161 297 4229 in
322 4158 542 4245 civitatibus,
567 4174 604 4231 et
619 4166 810 4234 concedere
824 4166 1002 4234 infinitam
1018 4165 1125 4236 licen·
1176 4168 1278 4239 sitate
1294 4169 1587 4263 consequentiae,
1613 4169 1744 4240 scilicet
1760 4171 1844 4265 quia
1859 4171 1909 4242 sic
1923 4171 2081 4255 eveniet,
2106 4181 2158 4238 ta-

144 4266 232 4334 tiam
255 4264 416 4333 omnium
439 4265 629 4350 scelerum,
655 4279 823 4338 ettotam
848 4268 1051 4338 societatem
1069 4288 1139 4360 ge-·
1176 4297 1260 4341 men
1275 4271 1464 4342 necessitas
1479 4273 1753 4366 consequentiae
1768 4298 1844 4344 non
1858 4272 2068 4365 simpliciter
2087 4271 2158 4342 effi·

145 4367 240 4437 neris
253 4361 403 4435 humani
417 4367 607 4458 dissipare,
634 4381 675 4436 ut
688 4368 796 4459 igitur
809 4370 1014 4462 disciplina,
1038 4371 1126 4441 boni
1178 4375 1225 4444 cit
1240 4374 1494 4444 necessitatem.

145 4495 282 4551 mores,
308 4480 345 4536 et
368 4469 607 4563 tranquillitas
626 4471 849 4542 retineantur
865 4485 901 4542 et
915 4476 1126 4543 continuen-
1282 4477 1405 4546 Cicero
1432 4478 1471 4546 in
1491 4475 1584 4546 libro
1610 4478 1743 4548 delato
1761 4481 1806 4549 ad
1824 4474 1894 4548 hoc
1910 4488 2159 4570 argumentum

146 4587 225 4656 tur,
251 4595 391 4640 necesse
414 4583 466 4640 est
482 4573 608 4640 docere
623 4568 788 4644 homines
806 4576 850 4644 de
866 4571 932 4644 hac
950 4576 1127 4661 libertate,
1178 4579 1228 4647 ita
1250 4581 1461 4671 respondet,
1493 4605 1529 4649 se
1553 4581 1658 4650 malle
1677 4589 1815 4672 negare
1830 4606 1975 4651 omnem
1998 4577 2160 4650 enuntia·

146 4689 186 4746 nt
199 4674 311 4746 sciant
328 4697 363 4742 se
386 4673 522 4763 legibus
544 4674 583 4741 in
599 4689 743 4746 externa
761 4679 1016 4749 consuetudine
1032 4678 1126 4748 vitae
1178 4682 1313 4753 tionem
1326 4681 1375 4777 ω)
1402 4707 1476 4752 esse
1493 4706 1615 4752 veram
1639 4698 1702 4755 aut
1721 4685 1865 4753 falsam:
1898 4684 2007 4766 Eam,
2029 4680 2161 4776 inquit,

147 4779 293 4848 obedire
317 4800 438 4868 posse,
465 4787 500 4844 et
520 4777 741 4849 voluntatem
754 4779 823 4851 Dei
844 4805 938 4864 esse,
964 4793 1005 4852 ut
1027 4781 1128 4851 omni
1178 4786 1321 4876 plagam
1341 4787 1463 4877 potius
1487 4786 1678 4878 accipiam,
1710 4811 1819 4881 quam
1840 4787 1915 4857 fato
1941 4774 2162 4854 omnia'lieri

146 4879 374 4951 contentione
390 4876 502 4946 animi
518 4879 765 4972 obtemperare
778 4897 963 4954 conentur.
1179 4889 1410 4979 comprobem
1424 4882 1475 4982 *).
1519 4890 1601 4959 Sed
1630 4913 1705 4964 non
1736 4890 1894 4962 declarat
1920 4889 2067 4970 Cicero,
2098 4908 2162 4957 cnr

247 4981 368 5053 Tertia
386 4979 491 5050 ratio.
522 4979 750 5073 Experientia
764 4997 911 5056 testatur
925 4987 964 5054 in
980 4984 1128 5084 artibus,
1724 4996 1727 5000 ’

146 5083 309 5159 homines
330 5108 432 5175 posse
454 5106 491 5152 se
511 5085 557 5152 ad
578 5099 691 5157 certas
712 5099 825 5171 artes,
851 5087 937 5158 item
959 5090 1004 5157 ad
1026 5088 1127 5157 varia

147 5192 279 5261 artium
295 5211 403 5278 opera
418 5186 597 5277 applicare
616 5202 651 5258 et
664 5192 890 5261 assuefacere.
940 5190 1036 5282 Ergo
1052 5216 1128 5261 ma·
1193 5271 1196 5276 A
1212 5166 1264 5308 κζ
1279 5161 1480 5308 ffifflffi
1493 5159 2092 5301 ffifflfflfflffiuwmm

145 5294 315 5410 fliseslum·
326 5302 378 5358 est
393 5292 663 5407 f⁵⁵⁰fl¹¹⁸¹¹d²m
678 5294 852 5363 deleclum
868 5306 904 5362 el
914 5292 1128 5364 libertatem·
1213 5336 1263 5396 46)
1281 5333 1510 5392 enuntiationem]
1533 5331 1574 5382 stc
1590 5283 1748 5398 Edilmoq
1766 5335 1816 5384 Ed.
1830 5286 1908 5385 tuo:
1920 5331 2164 5385 cernendam

147 5396 240 5468 Nam
270 5396 405 5486 alioqui
428 5405 536 5462 etiam
566 5406 660 5468 artes
677 5397 808 5469 fnestra
831 5409 992 5473 ostensae
1013 5408 1139 5470 essent.
1191 5448 1194 5455 ,
1216 5421 1252 5487 a)
1270 5421 1327 5475 cic.
1346 5420 1380 5472 aa
1397 5419 1456 5472 nco
1480 5431 1504 5472 c.
1524 5419 1565 5471 ro.
1583 5419 1610 5483 ς.
1628 5419 1672 5472 21.
1689 5421 1731 5473 ea
1750 5419 1847 5474 orout

1408 2286 1563 2355 Prima
1588 2285 1746 2359 Stoica
1772 2286 1908 2357 ratio.
