4544 5766
62 205 136 283 640

63 379 354 451 adsuefaciamus.
414 381 507 474 Quia
532 378 599 452 hac
625 383 817 453 domestica
845 410 907 456 seu
930 398 1050 476 togata

63 482 273 553 fortitudine
303 484 468 554 omnibus
493 481 700 555 hominibus
722 511 811 578 opus
832 500 895 560 est.
957 489 1050 560 Nam

64 586 101 653 in
116 581 174 655 his
190 587 283 655 vitae
299 587 452 657 miseriis
467 588 621 679 plurima
637 589 800 658 incidunt
813 614 956 682 aspera,
989 592 1052 659 ad-

65 713 186 758 versus
203 714 295 783 quae
307 691 448 761 animus
473 692 627 785 quadam
652 694 849 761 constantia
869 693 992 762 iudicii
1018 706 1052 762 et

64 792 261 861 voluntatis
278 795 541 865 confirmandus
556 807 626 877 est,
653 807 688 862 et
704 798 879 888 quaedam
896 797 1051 864 toleran-

64 894 111 962 tia
127 894 206 985 ipsa
220 896 380 964 sananda
396 909 489 966 sunt.
548 896 729 966 Differunt
745 911 883 982 autem,
914 899 1051 990 patien-

65 998 110 1065 tia
125 993 374 1089 philosophica
393 1012 427 1067 et
442 995 646 1069 christiana.
705 996 904 1069 Christiana
921 1014 973 1070 est
990 1002 1051 1069 ob-

66 1099 160 1167 edire
168 1099 247 1168 Deo
265 1101 303 1167 in
317 1097 384 1185 his,
407 1127 497 1194 quae
513 1102 612 1171 iubet
625 1104 716 1171 ferre
731 1117 766 1172 et
779 1104 1050 1195 propterDeum

65 1203 136 1271 sine
155 1204 382 1272 deformitate
406 1229 445 1273 ea
464 1206 636 1288 tolerare,
663 1205 783 1288 idest,
811 1207 878 1290 ita,
911 1232 956 1276 ne
972 1206 1049 1274 Deo

66 1304 237 1374 irascatur
264 1306 424 1390 animus,
465 1321 528 1376 aut
557 1309 679 1376 dolore
705 1309 950 1398 opprimatur,
989 1320 1051 1378 aut

66 1409 167 1477 [aciat
182 1421 308 1477 contra
327 1411 416 1478 alias
432 1410 592 1481 virtutes.
641 1410 699 1479 Ad
716 1407 809 1479 hanc
834 1423 952 1480 autem
972 1437 1050 1479 mo-

67 1511 287 1580 derationem
309 1512 346 1578 in
369 1507 572 1582 Christiano
595 1538 734 1583 necesse
760 1526 811 1582 est
832 1539 931 1605 spem
954 1538 1049 1582 acce-

67 1614 143 1682 dere
159 1613 282 1683 auxilii
298 1614 429 1698 divini,
455 1628 512 1700 ut,
538 1616 655 1684 David
672 1617 890 1712 exulans⁴⁷)‚
923 1616 988 1686 scit
1013 1640 1049 1686 se

67 1715 138 1786 Deo
163 1718 294 1786 debere
319 1718 558 1787 obedientiam
581 1719 620 1786 in
640 1716 707 1787 hac
730 1743 867 1811 poena,
901 1744 1049 1812 eamque

70 1823 229 1904 sustinet,
256 1832 296 1888 ut
311 1819 388 1888 Deo
405 1821 645 1913 obtemperet,
679 1846 718 1890 ac
741 1824 810 1890 sert
832 1822 908 1891 sine
934 1824 1050 1891 desor-

72 1927 209 2008 mitate,
234 1922 360 2007 idest,
385 1948 459 1991 non
480 1925 643 1994 irascitur
656 1923 754 2008 Deo,
781 1949 856 1993 non
877 1925 1049 2015 opprimi-

72 2041 121 2098 tur
138 2028 285 2108 dolore,
312 2050 387 2093 non
404 2028 588 2097 consciscit
606 2028 674 2096 sibi
688 2040 862 2111 mortem,
895 2039 936 2096 ut
952 2028 1049 2110 Saul,

74 2133 125 2201 sed
141 2130 246 2221 erigit
261 2153 314 2211 se,
340 2141 380 2197 ut
396 2153 478 2198 acer
496 2154 607 2225 equus
627 2131 810 2220 lapsurus,
837 2155 877 2198 ac
900 2154 1050 2221 praepa-

73 2247 120 2303 rat
134 2232 255 2303 omnia
271 2233 316 2299 ad
331 2232 485 2316 bellum,
510 2233 599 2323 petit
615 2245 649 2300 et
662 2244 822 2323 expectat
837 2232 1007 2302 auxilium
1028 2257 1047 2300 a

73 2337 158 2419 lleo,
185 2359 293 2430 quem
308 2334 373 2402 scit
388 2335 436 2403 sic
455 2336 543 2404 velle
562 2335 630 2405 coli
646 2336 834 2404 tolerantia
854 2348 888 2404 et
904 2335 1048 2403 invoca-

74 2441 178 2524 tione,
205 2439 296 2509 sicut
309 2437 472 2507 Psalmus
487 2437 602 2534 37‚⁴⁸)
620 2437 689 2532 (7.)
714 2438 846 2530 inquit:
881 2438 1048 2507 Subditus

75 2557 136 2614 osto
145 2541 325 2623 Domino,
352 2552 387 2607 et
403 2565 466 2608 ora
485 2566 578 2611 eum.
629 2541 730 2609 Hanc
747 2540 947 2609 doctrinam
965 2565 1049 2608 con-

75 2660 131 2716 stat
146 2645 313 2715 omnibus
329 2644 566 2713 necessariam
584 2667 676 2727 esse,
710 2643 790 2711 ideo
813 2639 919 2712 huius
937 2644 1047 2728 virtu-

74 2750 108 2820 tis
128 2747 404 2839 descriptionem
425 2746 613 2836 diligenter
637 2746 911 2815 consideremus.
962 2741 1048 2815 Phi-

74 2847 242 2944 losophica
258 2848 429 2940 patientia
446 2862 515 2933 est,
543 2849 688 2917 obedire
707 2848 841 2918 rationi
863 2848 1047 2932 iudicanti,

410 205 470 282 HI.
508 203 803 283 ,ENARRATIO
837 205 966 281 LIBRI
989 206 1049 284 111.
1084 204 1376 282 ETHICORUM
1408 205 1735 290 ARISTOTELIS.

2010 215 2086 292 350

1104 383 1417 481 aliquantulumw)
1433 387 1604 456 declinat:
1630 388 1679 458 sic
1701 390 1739 458 in
1760 388 1833 458 vita
1856 390 1903 461 sit
1925 392 2088 485 proposi-

1103 499 1200 570 tum,
1229 489 1276 557 ad
1290 487 1326 556 id
1344 489 1543 580 dirigantur
1561 491 1719 577 consilia,
1744 492 1908 563 videatur
1924 519 2087 589 quaeres
2157 532 2160 537 ·

1104 589 1272 659 adiuvent
1296 604 1457 661 nostrum
1483 593 1727 683 propositum,
1763 620 1853 689 quae
1876 597 2087 689 impediant,

1102 705 1143 759 ut
1165 692 1419 783 impedimenta
1440 695 1497 762 vel
1520 695 1706 781 tollamus,
1739 724 1817 767 cum
1840 713 1934 768 recte
1961 712 1996 768 et
2021 696 2087 767 ho-

1103 806 1201 863 neste
1223 795 1300 863 tolli
1316 808 1483 886 possunt,
1510 798 1565 882 vel
1586 811 1661 866 arte
1682 812 1716 868 et
1736 801 1925 870 tolerantia
1948 802 2087 893 mitige-

1102 922 1198 979 mus,
1225 897 1315 966 sicut
1329 897 1495 992 Fabio⁵¹)
1510 901 1732 990 propositum
1751 915 1802 972 est
1817 904 1921 972 saluti
1947 906 2085 995 patriae

1103 1000 1303 1083 consulere,
1331 1001 1368 1069 id
1381 1013 1421 1070 ut
1437 1001 1615 1091 perficiat,
1642 1017 1738 1073 rircet
1757 1001 1915 1089 hostem,
1947 1020 1981 1075 et
2001 1006 2086 1101 quia

1102 1126 1176 1169 non
1191 1105 1363 1193 proderat
1382 1128 1559 1195 pugnare,
1594 1106 1686 1174 cedit
1707 1121 1801 1190 arte,
1835 1108 1884 1177 sic
1906 1120 2026 1176 tamen
2046 1121 2088 1177 ut

1101 1206 1358 1296 rempublicam
1374 1217 1481 1295 tegat,
1507 1231 1572 1275 nec
1587 1202 1698 1277 hostis
1713 1211 1882 1300 progredi
1897 1213 2026 1302 possit',
2052 1222 2088 1278 et

1103 1331 1308 1400 quanquam
1324 1309 1547 1400 vituperatur
1562 1334 1582 1377 a
1600 1309 1752 1393 civibus,
1778 1325 1898 1381 tamen
1921 1309 1975 1382 his
1995 1312 2088 1381 iniu-

1101 1409 1164 1479 riis
1187 1434 1261 1477 non
1283 1423 1469 1493 movetur,
1509 1424 1550 1481 ut
1576 1413 1730 1482 salutare
1751 1416 1938 1485 consilium
1962 1427 2088 1498 mutet,

1102 1537 1166 1580 nec
1182 1526 1304 1581 movet
1321 1513 1533 1582 domesticos
1547 1516 1737 1598 tumultus,
1770 1519 1832 1585 sed
1857 1518 1989 1586 omittit
2014 1541 2088 1586 cer·

1103 1615 1236 1684 tamina
1263 1615 1401 1698 civilia,
1443 1640 1488 1683 ne
1512 1617 1710 1709 respublica
1734 1605 1949 1710 impediatur
1971 1621 2091 1689 desen-

1102 1716 1201 1786 sione
1217 1718 1415 1795 communis
1431 1717 1564 1789 salutis.
1616 1720 1672 1789 sic
1696 1722 1877 1791 cedentem
1902 1723 2002 1812 fingit
2015 1721 2089 1790 Ho-

1102 1845 1220 1890 merus
1230 1819 1276 1914 ¹⁵2)
1293 1819 1459 1903 Aiacem,
1484 1822 1545 1914 qui
1561 1822 1627 1890 etsi
1643 1822 1752 1913 sugit,
1778 1837 1896 1894 tamen
1920 1825 2088 1892 tarditate

1099 1926 1222 2013 fugae,
1248 1923 1427 2016 reliquum
1443 1924 1633 1992 exercitum
1647 1926 1751 2016 tegit,
1787 1941 1822 1996 et
1836 1928 2020 1997 communi
2033 1951 2088 1996 sa-

1100 2026 1167 2094 luti
1192 2025 1364 2108 consulit,
1403 2026 1484 2093 ideo
1510 2041 1696 2118 comparat
1717 2054 1798 2098 eum
1821 2031 1941 2112 asino,
1982 2054 2088 2124 quem

1101 2129 1339 2198 adolescentes
1355 2130 1456 2196 tarde
1476 2132 1747 2220 procedentem,
1774 2134 1922 2203 subinde
1938 2132 2088 2202 fustibus

1102 2244 1279 2299 errantem
1296 2231 1333 2298 in
1348 2232 1460 2320 agris,
1486 2235 1678 2323 procedere
1699 2247 1839 2325 cogunt.
1896 2235 2011 2304 Vocat
2027 2259 2089 2303 au-

1101 2346 1172 2401 tem
1188 2331 1395 2402 Aristoteles
1412 2334 1595 2424 politicam
1608 2336 1868 2422 fortitudinem,
1894 2334 1987 2408 hanc
2004 2360 2089 2406 cou-

1100 2437 1267 2505 stantiam
1285 2436 1464 2504 retinendi
1489 2432 1629 2506 honesti
1649 2441 1846 2530 propositi,
1880 2442 1972 2511 inter
1995 2439 2090 2532 peri-

1101 2540 1191 2608 cula.
1240 2538 1291 2606 Ut
1305 2562 1412 2629 supra
1431 2538 1574 2608 distinxi
1588 2540 1751 2609 bellicam
1774 2556 1809 2611 et
1834 2555 1992 2634 togatam
2014 2544 2089 2610 for-

1099 2640 1300 2710 titudinem.
1349 2638 1401 2708 Ita
1419 2640 1627 2712 Aristoteles
1643 2639 1701 2711 bic
1715 2644 1929 2713 nominatim
1948 2645 2089 2714 disserit

1099 2746 1142 2812 de
1159 2743 1303 2835 politica
1317 2743 1545 2827 fortitudine,
1570 2770 1661 2837 quae
1678 2747 1782 2815 debet
1797 2771 1870 2816 esse
1888 2746 2088 2818 communis

1100 2847 1273 2916 omnium.
1323 2844 1387 2914 Est
1410 2846 1504 2914 enim
1530 2848 1728 2916 constantia
1751 2849 1790 2917 in
1811 2851 1997 2942 proposito
2023 2845 2089 2917 ho-

75 2979 150 3048 quae
173 2953 247 3024 sint
272 2952 477 3035 toleranda,
519 2964 554 3019 et
575 2952 758 3020 moderari
782 2953 963 3034 dolorem,
1002 2976 1047 3019 ne
1098 2962 1218 3032 nesto,
1245 2950 1343 3017 iuxta
1359 2949 1584 3017 vocationem
1600 2964 1694 3018 recte
1711 2965 1891 3043 suscepto,
1917 2976 1986 3046 qua
2004 2976 2089 3020 con-

72 3058 240 3151 opprimat
270 3066 455 3137 naturam,
496 3066 557 3122 aut
588 3054 767 3146 impellat,
808 3066 850 3123 ut
876 3054 1046 3123 faciamus
1098 3054 1258 3121 firmatus
1283 3050 1423 3122 animus
1446 3053 1503 3120 vel
1527 3053 1689 3144 depellit,
1724 3055 1781 3122 vel
1801 3055 1938 3146 placide
1955 3055 2088 3147 perfert
2119 3110 2123 3119 .

71 3175 184 3231 antra
216 3158 304 3227 alias
326 3156 492 3240 virtutes,
533 3156 622 3226 sicut
646 3157 769 3225 dolore
803 3157 915 3226 animi
942 3157 1047 3226 multi
1098 3155 1266 3238 iniurias,
1305 3177 1370 3221 nec
1392 3153 1512 3223 abiicit
1528 3155 1781 3246 propositum,
1818 3171 1860 3227 ut
1883 3155 2087 3250 Prophetae

69 3264 277 3334 moriuntur.
313 3258 402 3328 Cato
420 3259 486 3329 sibi
506 3261 690 3329 consciscit
705 3274 870 3330 mortem.
898 3260 1045 3328 Timan-
1097 3257 1215 3325 vocati
1235 3255 1425 3340 divinitus,
1458 3258 1656 3327 necessario
1679 3258 1795 3342 idola,
1825 3273 1860 3328 et
1882 3285 2007 3352 regum
2033 3272 2088 3352 ty-

67 3362 134 3438 thes
156 3356 273 3434 victor'
296 3361 335 3431 in
350 3360 548 3454 Olympiis,
581 3375 771 3456 postquam
795 3387 917 3432 arcum
940 3387 1044 3431 suum
1096 3360 1265 3428 rannides
1286 3370 1427 3443 taxant,
1455 3383 1520 3428 nec
1542 3359 1616 3456 a⁶⁸)
1637 3363 1822 3453 proposito
1847 3365 2085 3447 abducuntur,

10 3486 12 3511 ¹
64 3494 162 3540 senex
179 3469 326 3541 tendere
343 3488 419 3533 non
432 3465 568 3557 potuit,
593 3491 721 3556 rogum
737 3466 917 3548 sibifecit,
953 3478 1043 3534 etse
1097 3464 1259 3555 quamvis
1273 3474 1421 3551 propter
1438 3485 1516 3530 eam
1531 3459 1846 3554 reprehensionem
1869 3467 1999 3536 multas
2023 3465 2086 3532 tri-

64 3573 267 3666 imponens,
292 3568 403 3636 vitam
420 3569 515 3637 ultro
531 3568 633 3640 finiit.
693 3567 789 3637 Haec
813 3580 896 3637 sunt
919 3579 1041 3635 contra
1095 3578 1164 3633 stes
1178 3587 1368 3633 aerumnas
1384 3563 1637 3635 sustinuerunt.
1697 3565 1832 3635 Ferunt
1847 3581 1965 3636 autem
1984 3566 2084 3659 prin-

59 3674 324 3754 lortitudinem,
360 3670 444 3764 quia
464 3669 557 3739 ratio
582 3670 774 3763 praecipit,
807 3695 852 3739 ne
873 3671 1044 3740 faciamus
1096 3666 1257 3758 cipaliter
1279 3679 1426 3756 propter
1446 3665 1583 3751 Deum,
1616 3680 1651 3735 et
1671 3671 1881 3738 mandatum
1903 3670 1982 3739 Dei.
2034 3669 2084 3738 At

61 3792 180 3849 contra
211 3772 396 3845 iustitiam.
463 3771 585 3866 Inquit
611 3786 730 3842 autem
754 3773 810 3842 lex
835 3772 919 3841 Dei:
959 3771 1043 3842 Non
1094 3764 1320 3861 philosophia
1338 3771 1442 3838 docet
1457 3764 1550 3838 hanc
1567 3772 1805 3841 constantiam
1829 3773 2083 3865 praestandam

57 3883 207 3952 occidas.
273 3875 350 3945 Hae
381 3875 601 3946 fortitudinis
624 3888 660 3944 et
682 3877 892 3945 tolerantiae
913 3875 1043 3944 deseri·
1096 3897 1188 3958 esse,
1212 3871 1299 3966 >quia
1317 3885 1413 3941 recto
1430 3873 1561 3942 iudicio
1587 3874 1735 3944 debetur
1758 3876 1979 3960 obedientia,
2013 3871 2083 3943 hoc

56 3985 195 4079 ptiones
218 3980 483 4070 cognoscendae
503 3990 604 4062 sunt,
645 3978 727 4071 quia
753 3979 828 4049 sine
851 3979 1041 4047 tolerantia
1095 3988 1165 4059 est,
1189 3973 1279 4043 nihil
1297 3988 1421 4043 contra
1444 3975 1697 4046 conscientiam
1721 3978 1921 4047 faciendum
1945 3989 2015 4059 est,
2049 3989 2084 4044 et

55 4087 246 4159 honestum
272 4082 366 4149 vitae
388 4081 612 4173 propositum
634 4081 673 4149 in
694 4081 803 4151 tantis
829 4081 1043 4150 difficultati·
1092 4075 1242 4146 honesta
1267 4091 1414 4170 propter
1435 4103 1509 4148 sese
1534 4079 1777 4169 amplectenda
1800 4092 1900 4162 sunt,
1942 4079 2082 4147 etiamsi

54 4195 120 4262 bus
141 4184 310 4257 humanis
337 4184 485 4253 retineri
512 4208 587 4251 non
608 4195 736 4274 potest.
795 4181 878 4252 Ideo
908 4180 1042 4253 dehac
1093 4206 1158 4250 nec
1172 4182 1333 4271 praemia
1349 4183 1585 4271 respondent,
1613 4193 1647 4249 et
1660 4182 1782 4271 magni
1804 4181 1978 4249 cruciatus
2000 4205 2081 4271 per·
2160 4203 2165 4211 “

54 4296 185 4364 sirtute
200 4290 305 4358 toties
321 4287 579 4355 concionantur
595 4287 738 4354 divinae
758 4287 902 4369 literae,
943 4287 1040 4355 iuxta
1092 4282 1231 4352 serendi
1244 4295 1345 4366 sunt,
1372 4297 1406 4353 et
1420 4279 1506 4351 hacc
1521 4284 1641 4374 regula
1656 4285 1735 4352 sons
1757 4294 1808 4351 cst
1832 4284 1906 4352 eius
1928 4284 2081 4367 virtutis,

55 4393 263 4468 illudllebr.
282 4389 361 4484 (10,
376 4388 470 4483 36.):
497 4387 703 4458 Necessaria
720 4401 772 4458 est
787 4389 888 4458 vobis
904 4389 1041 4479 patien·
1093 4410 1184 4480 quae
1209 4385 1382 4455 fortitudo
1406 4398 1572 4467 vocatur,
1614 4410 1704 4479 quae
1736 4385 1899 4454 videlicet
1924 4399 1975 4455 est
1997 4411 2080 4477 pro·

54 4503 114 4571 tia.
167 4497 218 4566 Ut
232 4505 340 4562 nauta
360 4492 554 4575 constituit,
580 4516 686 4585 quem
704 4504 848 4582 portum
865 4490 1040 4583 petiturus
1091 4489 1281 4579 pugnatrix
1295 4484 1399 4557 huius
1417 4488 1630 4571 sententiae,
1655 4489 1753 4581 quod
1767 4484 1915 4557 honesta
1932 4503 2081 4581 propter
2167 4519 2169 4522 ·

54 4606 116 4686 sit,
145 4613 181 4669 et
200 4598 247 4668 ad
269 4591 364 4664 hunc
385 4593 508 4685 dirigit
529 4592 743 4687 curs11m⁴⁹),
779 4607 831 4679 et,
865 4595 895 4662 si
914 4606 1039 4663 ventos
1091 4615 1164 4661 sese
1196 4591 1268 4660 sint
1301 4591 1557 4681 amplectenda.
1618 4590 1826 4661 Aristoteles
1858 4587 1978 4686 hiem)
2012 4592 2079 4660 ait:

51 4705 160 4777 habet
175 4700 368 4780 secundos,
392 4696 504 4766 facilis
520 4710 571 4766 est
585 4696 785 4787 navigatio,
811 4697 841 4766 si
859 4698 1038 4780 adversos,
1090 4694 1176 4763 ferri
1189 4692 1342 4766 difficilia
1359 4706 1507 4784 propter
1521 4692 1652 4762 iudicia
1668 4693 1811 4778 civium,
1837 4720 1898 4764 seu
1915 4695 2079 4785 gloriam,

52 4823 127 4880 arte
146 4818 270 4876 contra
286 4800 426 4885 nititur,
452 4813 487 4870 et
501 4800 681 4870 interdum
696 4799 842 4892 obliquo
859 4823 962 4869 cursu
979 4823 1038 4868 eos

1122 4895 1170 4961 60)
1188 4894 1402 4958 atiquantutom]
1420 4893 1462 4943 sio
1478 4892 1528 4942 ltu.
1544 4893 1635 4957 1646.;
1660 4893 1709 4942 Ed.
1727 4894 1803 4947 1646.
1828 4898 1938 4957 typogr.
1965 4907 2079 4946 errore:

1157 4965 1364 5027 aliquantulam.

1122 5048 1170 5115 61)
1190 5053 1221 5110 Q.
1234 5048 1335 5098 Fabius
1351 5048 1486 5098 Mextmus
1504 5046 1681 5112 (Cunctator)
1700 5049 1727 5098 iu
1747 5050 1818 5100 betto
1836 5048 1938 5099 Punico
1957 5051 2078 5099 secundo

1156 5119 1288 5184 dictator,
1314 5120 1385 5167 corat.
1404 5131 1429 5180 p.
1441 5119 1502 5168 366.
1522 5121 1588 5167 nota
1601 5119 1641 5168 18.

1120 5221 1168 5286 61)
1188 5224 1266 5272 Hom.
1285 5222 1315 5273 u
1335 5221 1382 5273 x1.
1400 5223 1454 5272 668
1470 5235 1529 5285 sqq.

1120 5328 1168 5394 66)
1187 5331 1219 5389 a]
1238 5328 1280 5378 sto
1296 5326 1346 5377 Ed.
1364 5328 1453 5391 1641.;
1479 5326 1529 5378 Ed.
1547 5325 1622 5376 1646.
1642 5337 1682 5378 eo.

1118 5436 1168 5494 64)
1187 5434 1242 5495 tric]
1259 5432 1301 5484 sto
1316 5432 1367 5486 Ed.
1383 5433 1475 5493 1646.)
1497 5431 1526 5481 tn
1542 5428 1593 5479 tto.
1609 5427 1686 5480 1646.
1705 5429 1790 5478 deest.

85 5139 136 5199 47)
153 5137 232 5189 conl.
249 5136 275 5187 2.
290 5137 363 5187 sem.
378 5132 497 5184 ts-ta

82 5253 331 5322 48)Ρε11161.67.]
360 5252 447 5304 urite.
468 5250 542 5301 1646.
570 5253 598 5300 et
623 5248 699 5301 1646.
726 5245 874 5298 secundum
897 5247 984 5297 LXX.
1009 5250 1036 5298 et

122 5326 221 5388 Vutga
246 5323 347 5373 Psatm.
361 5321 404 5370 66.

81 5443 131 5512 49)
150 5444 245 5510 ungat
260 5443 386 5505 cursum]
404 5440 617 5506 116Ε1.1646.;
644 5438 694 5491 Ed.
708 5437 786 5488 1646.
802 5447 914 5488 cursum
932 5435 1034 5501 ttrtgtt.
