4544 5766
194 189 271 268 615
463 178 768 259 semesam
792 176 918 250 ΜΕ..
932 176 1000 249 ΑΙ)
1023 176 1236 251 armenii
1258 174 1326 248 ET
1349 174 1609 253 POLITIOEN
1633 176 1948 255 necesaria.
2140 172 2221 255 666

187 363 350 439 Platonis
364 384 487 444 causa,
522 383 602 428 cum
617 355 723 424 Plato
743 353 914 421 concedat
930 346 1106 436 honesta,
1131 351 1178 421 ed
1228 373 1376 441 prorsus
1397 350 1561 436 simulat,
1599 354 1663 424 sed
1684 350 1837 439 Fabius',
1868 350 2012 424 Laelius
2031 376 2116 427 vere
2138 367 2224 425 sunt

190 492 282 565 quae
304 465 438 535 accedit
457 462 530 543 ira,
564 459 621 527 vel
642 456 837 548 cupiditas,
870 440 1068 545 spontanea
1091 477 1179 538 esse,
1229 466 1432 523 constantes
1445 454 1598 539 iudicio,
1624 456 1747 527 vident
1761 457 1848 551 quid
1863 469 1990 549 agant,
2016 470 2052 527 et
2066 482 2146 527 cum
2161 458 2225 527 de·

89 558 91 562 Α
189 586 248 656 ut,
283 596 362 639 cum
385 565 547 635 irascitur
575 583 767 653 generosus
789 557 931 627 animus
952 556 1180 650 turpitudini,
1231 568 1304 638 cet,
1344 558 1494 640 cedunt,
1535 570 1595 641 ut,
1637 560 1740 629 cessit
1760 559 1892 630 Fabius
1922 560 2095 650 magistro
2123 560 2225 654 eqni.

191 701 253 746 cur
267 697 341 742 non
358 671 483 739 eodem
501 666 611 734 modo
628 663 761 733 iudicat
772 662 815 729 de
830 660 980 743 delictis,
1001 686 1081 730 cum
1098 684 1180 728 cau·
1230 656 1386 753 tum¹⁸),
1425 661 1524 754 quod
1547 660 1636 730 Cato
1668 686 1896 757 nequaquam
1920 663 2068 734 fecisset,
2134 663 2224 733 Cae.

191 802 249 848 sae
264 776 335 845 sint
350 769 508 842 similes?
540 767 690 837 Caetera
704 776 914 854 argumenta
932 764 1073 846 omitte,
1093 786 1179 831 nam
1232 772 1349 829 terum
1364 762 1402 828 in
1422 787 1552 854 genere
1577 764 1730 836 sciamus
1753 766 1885 836 similes
1909 767 2067 836 actiones
2083 765 2123 835 in
2145 791 2225 859 spe-

190 877 277 948 haec
294 878 375 946 ideo
390 874 523 954 recito,
547 883 588 940 ut
603 871 715 938 lector
729 866 954 949 admonitus,
980 867 1067 937 sciat
1081 890 1181 934 occa·
1233 863 1344 946 ciem,
1379 878 1528 957 propter
1553 867 1711 940 diversas
1740 893 1862 939 causas
1886 869 2041 938 maxime
2064 868 2234 940 differre.

190 983 308 1053 siones
327 975 457 1049 harum
475 974 636 1044 tenuium
653 968 949 1061 disputationum.
1233 965 1351 1058 Scipio
1369 980 1406 1037 et
1422 967 1569 1039 Catulus
1578 969 1624 1064 ¹⁰)
1639 983 1769 1061 geramt
1782 972 1895 1054 bella,
1920 974 1982 1042 sed
2004 971 2041 1039 in
2055 971 2225 1067 Scipione

202 1081 205 1087 ’
1234 1081 1286 1138 est
1300 1070 1452 1160 impetus
1465 1067 1650 1156 heroicus,
1677 1075 1873 1144 accendens
1890 1074 2159 1158 fortitudinem,
2186 1074 2225 1144 in

588 1208 652 1298 03
680 1217 724 1294 up
742 1207 787 1292 ss
1235 1170 1361 1241 Catulo
1387 1197 1462 1241 non
1486 1187 1541 1243 est
1559 1170 1726 1247 heroicus
1750 1179 1916 1268 impetus.
1968 1174 2009 1247 ln
2023 1175 2164 1246 Davide
2189 1190 2225 1248 et

652 1235 679 1320 p
786 1271 797 1294 ⁰
1234 1273 1438 1344 Alexandro
1454 1290 1538 1346 sunt
1551 1280 1704 1371 impetus
1718 1275 1856 1350 heroici
1869 1278 2020 1364 similes,
2052 1293 2226 1350 ettamen

295 1384 498 1457 Secundum
540 1390 648 1470 caput
686 1376 824 1447 utiliter
856 1369 1027 1442 discernit
1061 1394 1183 1441 causas
1235 1377 1348 1447 causis
1369 1379 1447 1449 aliis
1469 1381 1639 1451 differunt
1661 1383 1830 1454 actione,
1888 1381 2093 1453 Alexandro
2117 1406 2225 1455 cmm

194 1491 398 1570 actionum,
437 1507 528 1578 qnae
555 1481 643 1551 ioris
674 1480 713 1548 in
746 1476 901 1569 speciem
930 1474 1063 1547 similes
1089 1486 1182 1544 sunt.
1234 1480 1443 1570 impulsiva,
1475 1496 1528 1552 est
1551 1484 1675 1575 ingens
1698 1485 1873 1576 cupiditas
1896 1486 2031 1576 gloriae
2051 1510 2160 1570 suae,
2190 1498 2227 1557 et

193 1596 287 1670 Nam
303 1593 342 1660 in
355 1586 423 1658 hac
438 1598 540 1678 parte
563 1576 827 1676 philosophiae,
845 1605 926 1648 cum
942 1573 1182 1647 humanarum
1234 1583 1362 1651 fiducia
1378 1585 1434 1654 sui
1453 1587 1645 1671 exercitus,
1671 1589 1733 1658 scd
1748 1588 1881 1656 Davidi
1902 1612 2007 1660 causa
2032 1588 2225 1681 impulsiva

194 1697 376 1768 actionum
394 1687 600 1761 discrimina
618 1687 825 1780 quaerenda
841 1693 944 1763 sumt,
976 1704 1051 1749 non
1068 1681 1182 1750 solum
1236 1697 1289 1755 est
1317 1688 1474 1757 studium
1504 1690 1695 1759 obediendi
1718 1690 1817 1776 Deo,
1849 1703 1884 1759 et
1908 1691 2083 1783 cupiditas
2105 1693 2228 1763 delen-

194 1803 238 1871 de
259 1795 449 1870 contrariis
470 1789 689 1870 aciiOUibuS,
729 1789 790 1856 seli
812 1784 919 1855 etiam
941 1784 985 1852 de
1007 1782 1183 1854 similibus
1235 1789 1373 1858 dendac
1392 1790 1596 1882 religionis,
1621 1794 1804 1863 aefiducia
1819 1794 1931 1863 divini
1950 1794 2085 1867 auxilii.
2124 1793 2227 1866 Finis

194 1903 386 1975 dicendum
409 1908 482 1977 eti,
508 1907 549 1962 Ui
571 1913 779 1971 caveamus,
804 1910 850 1956 ne
874 1885 1096 1977 decipiamur
1116 1911 1185 1960 aeu-
1234 1890 1438 1962 Alexandro
1455 1906 1525 1979 est,
1550 1909 1592 1965 ut
1613 1909 1717 1988 parta
1738 1897 1908 1980 victoria,
1940 1898 2120 1968 sanciatur
2141 1922 2228 1989 gen-

194 2000 359 2102 κοζηλία.
411 1997 548 2067 Multae
565 1993 722 2062 actiones
736 1991 900 2059 Marcelli
908 1988 953 2085 ¹⁵)
972 2000 1007 2057 et
1022 1988 1184 2058 Terentii
1235 1993 1326 2063 tium
1346 1996 1552 2088 disciplina,
1578 2000 1839 2069 constituantur
1853 1999 2003 2084 iudicia,
2035 2013 2071 2071 et
2084 2000 2124 2069 in
2140 2024 2230 2093 pace

194 2101 425 2195 Varronisw)
443 2110 526 2169 ⁵¹11lt
539 2095 691 2178 Similes,
718 2096 781 2164 sed
795 2116 920 2163 eiusde
937 2104 1020 2161 ⁸111st
1034 2091 1185 2161 dissimi-
1235 2097 1388 2167 floreant
1400 2095 1571 2171 honestae
1588 2114 1701 2186 artes,
1723 2102 1845 2194 etipse
1861 2099 1928 2172 hac
1945 2103 2056 2194 gloria
2072 2103 2229 2175 fruatur.

196 2212 260 2281 les.
311 2206 378 2275 Hic
394 2202 548 2272 maxime
565 2222 689 2269 verum
709 2210 761 2267 est
782 2198 882 2290 quod
903 2194 1051 2264 dicitur:
1088 2193 1185 2277 Duo,
1235 2198 1334 2269 Finis
1356 2201 1489 2271 Davidi
1515 2216 1587 2288 est,
1627 2217 1669 2275 ut
1689 2218 1793 2297 parta
1817 2204 1967 2274 victoria
1996 2219 2228 2277 commem,

196 2310 389 2384 cumidem
403 2304 557 2386 ilicium,
582 2326 657 2370 ¹¹⁰1¹
674 2313 726 2370 esi
740 2300 849 2370 idem·
906 2297 1096 2367 Marcellus
1120 2296 1186 2365 im·
1235 2302 1391 2372 Ecclesia
1413 2304 1501 2388 Dei,
1540 2319 1576 2375 et
1599 2308 1705 2378 latins
1726 2320 1945 2400 propagetur
1971 2310 2134 2380 coelestis
2163 2312 2229 2379 do·

196 2430 284 2510 petu
298 2410 442 2483 heroico
458 2418 643 2487 movetur,
667 2398 812 2471 adhibet
826 2399 1083 2495 cautionem-et
1106 2399 1186 2469 dili·
1238 2405 1374 2492 ctrina,
1400 2407 1538 2479 emen,
1554 2409 1752 2479 innotescat
1766 2434 1808 2479 ac
1823 2412 2039 2496 celebretur,
2063 2424 2100 2482 e,
2113 2412 2230 2484 dim

197 2518 368 2613 gentiam.
418 2511 519 2583 Alie?
535 2521 575 2578 Ui
589 2509 696 2598 iudai
717 2505 834 2589 canis,
860 2518 994 2573 temese
1012 2502 1098 2570 facil
1120 2503 1186 2571 im·
1237 2509 1411 2600 populus,
1436 2536 1547 2605 quare
1561 2511 1717 2582 Ecclesia
1733 2510 1842 2583 tantis
1865 2514 2045 2585 aerumnis
2062 2538 2229 2585 exerces*

196 2635 320 2717 petum
344 2619 384 2685 in
408 2611 569 2695 hsssiems
601 2635 667 2680 1¹⁰⁰
689 2620 790 2677 cavei
813 2632 874 2691 0³,
908 2629 1000 2700 quae
1022 2618 1106 2677 ⁸111st
1130 2628 1186 2705 63·
1238 2624 1316 2696 tur,
1358 2625 1393 2682 et
1412 2615 1518 2682 iidem
1542 2615 1580 2681 in
1602 2616 1767 2708 periculis
1791 2616 1979 2701 exuscitet,
2013 2641 2054 2686 ac
2079 2618 2169 2687 sciat
2189 2640 2229 2689 se
2266 2686 2268 2701 ,

195 2725 332 2807 venda,
359 2731 394 2787 et
408 2716 527 2787 statim
542 2714 636 2785 cedit
650 2711 828 2804 periculis.
880 2708 987 2779 Tales
1007 2721 1091 2779 sunt
1109 2708 1186 2799 plu·
1237 2714 1354 2783 iuvari
1374 2739 1395 2784 a
1415 2716 1530 2787 Deo.
1564 2716 1715 2788 Faciunt
1736 2718 1845 2810 igitur
1870 2743 1996 2789 causae
2019 2720 2229 2791 discrimina
2263 2776 2268 2807 ,

196 2829 310 2899 rimae
334 2818 556 2893 differentiae
579 2818 618 2884 in
639 2814 748 2885 sacris
770 2809 948 2893 historiis,
974 2811 1036 2880 ubi
1054 2810 1186 2879 similes
1238 2816 1420 2888 actionum
1436 2819 1583 2888 Davidis
1606 2835 1641 2890 et
1655 2821 1867 2906 Alexandri,
1893 2822 2065 2892 similium
2088 2823 2128 2892 in
2150 2846 2230 2916 spe-
2266 2892 2268 2911 ¹

197 2931 355 3007 actiones
370 2926 408 2992 in
426 2920 599 3013 speciem,
625 2930 746 2985 tamen
771 2938 809 2983 re
833 2914 907 3005 ipsa
930 2912 1186 2981 dissimillimae
1239 2919 1346 3002 ciem,
1386 2946 1471 2991 nam
1501 2925 1617 2994 omnis
1642 2925 1734 2993 aetio
1756 2925 1947 3016 praecipue
1970 2926 2184 2997 aestimatur
2206 2950 2229 2996 a
2257 2984 2268 3027 ¹

196 3043 298 3115 sunl,
325 3022 646 3118 utposleadifflm·
695 3018 800 3088 Nunc
814 3018 856 3084 (ie
878 3014 1040 3084 civilibus
1062 3015 1187 3107 loqua-
1239 3021 1351 3092 causis
1367 3024 1404 3091 in
1413 3037 1536 3093 mente
1553 3037 1588 3092 et
1603 3028 1799 3097 voluntate.
1851 3027 1949 3096 Haec
1970 3028 2057 3099 satis
2080 3029 2127 3100 sit
2148 3030 2228 3099 bre-
2259 3090 2268 3129 Ι

196 3160 295 3206 mun·
351 3130 486 3200 Causas
507 3133 667 3195 recenset
683 3119 891 3189 Aristotcles
908 3130 1079 3210 quatuor:
1115 3116 1187 3191 Na·
1238 3124 1330 3193 viter
1348 3127 1528 3197 monuisse
1545 3126 1668 3197 dehac
1684 3129 2039 3226 dissimilitudine¹⁰).

198 3252 339 3320 turam,
365 3230 593 3324 opinionem,
624 3225 866 3303 voluntatem„
901 3232 937 3288 et
957 3214 1187 3314 προαίρεσιν,

197 3353 259 3425 nt,
293 3338 381 3408 Cato
403 3346 455 3404 est
478 3343 607 3401 natura
630 3338 815 3408 constans,
850 3323 984 3393 Brutus
1005 3321 1187 3413 opinione,
1820 3384 1850 3427 '¹

197 3445 284 3541 quia
303 3441 353 3512 sic
376 3435 559 3507 institutus
587 3443 622 3500 et
644 3429 865 3499 adsuefactus
890 3437 960 3509 cst,
985 3420 1126 3496 Thraso
1141 3425 1186 3519 ¹⁷)
1583 3378 1812 3493 capilim.
1850 3380 1884 3494 i·

198 3548 403 3625 voluntate,
430 3540 562 3620 idest,
588 3530 828 3604 simulatione.
886 3528 1093 3598 Postremus
1108 3552 1188 3619 gra·

198 3648 265 3718 dus
279 3659 352 3727 est,
371 3655 470 3711 recto
485 3637 616 3709 iudicio
634 3645 857 3706 constantem
874 3655 967 3714 esse,
988 3642 1030 3700 ut
1043 3633 1188 3700 fuerunt

197 3749 361 3828 Laelius,
386 3742 537 3823 Fabius,
562 3739 693 3828 Scipio.
744 3734 819 3803 Hos
838 3735 967 3823 gradus
983 3727 1041 3801 hic
1059 3733 1187 3802 discer-

199 3854 255 3927 nit
273 3844 498 3925 Aristoteles,
532 3853 567 3909 et
589 3842 692 3907 docet
712 3849 853 3905 tantum
878 3858 936 3903 eas
960 3835 1116 3904 actiones
1137 3834 1188 3926 gi-

199 3979 308 4051 gnere
339 3950 509 4019 virtutem
537 3965 627 4036 quae
660 3950 858 4032 sequuntur
880 3932 1116 4030 προαίρεσιν,
1150 3937 1188 4005 id

199 4072 271 4143 est,
296 4077 387 4151 quae
403 4047 555 4129 iudicio,
581 4070 643 4114 seu
659 4066 738 4112 cum
756 4041 913 4134 quodam
929 4039 1065 4109 delectu
1081 4052 1116 4108 et
1129 4041 1188 4109 de-

196 4157 410 4234 fiberafione
427 4154 529 4222 fiunt.
580 4147 648 4215 Hic
667 4144 813 4216 ultimus
833 4143 961 4234 gradus
977 4143 1188 4234 praecipuus
1276 4162 1322 4221 te)
1340 4162 1376 4212 nt.
1396 4157 1530 4209 Mnasias
1548 4157 1637 4207 nulus
1655 4158 1790 4220 magister
1808 4160 1945 4227 multon,
1966 4162 2046 4213 terox
2061 4167 2092 4214 et
2108 4167 2237 4218 teum

199 4278 264 4336 est.
329 4258 418 4330 Cato
447 4253 512 4323 etsi
541 4264 671 4320 natura
701 4248 746 4316 ad
775 4245 1012 4315 constantiam
1036 4246 1189 4329 ducitur,
1307 4244 1388 4362 {iffi
1406 4226 2251 4362 ‘lgm'¹:2⁰„3idfl'sstiuaeffipiplpnpopppptp'rse'padul-tr·-

197 4391 275 4437 non
288 4378 411 4432 tamen
423 4356 632 4427 moderatur
647 4363 797 4421 naturae
812 4347 992 4418 duritiem.
1044 4349 1189 4432 BrulUS,
1309 4366 1414 4431 periura
1431 4379 1491 4415 cun
1509 4365 1644 4444 dictatore
1661 4370 1828 4427 sequeretur
1845 4370 2036 4433 exercituque
2048 4371 2260 4441 dlrltlerstub

200 4469 283 4565 quia
299 4466 399 4533 illam
416 4458 583 4530 duritiem
598 4466 702 4548 putat
715 4454 820 4523 decus
836 4450 983 4544 aliquod
1008 4476 1100 4534 esse,
1133 4475 1189 4520 ac·
1308 4449 1335 4486 ⁸·
1352 4437 1412 4487 ²¹²
1431 4446 1456 4484 ⁸·
1476 4434 1557 4498 cnr,
1578 4434 1633 4484 vro.
1650 4434 1712 4486 etv.
1729 4435 1819 4499 xxti,
1836 4437 1962 4489 21-26.

199 4569 305 4641 cersit
320 4591 399 4637 eam
414 4559 552 4642 studio,
586 4582 652 4627 nec
669 4557 767 4625 videt
783 4554 869 4650 quid
885 4564 990 4623 erret.
1048 4549 1188 4623 Thraso
1276 4543 1322 4600 ¹⁹)
1342 4539 1519 4602 ⁰·'¹'¹¹‘⁸i'¹¹⁵
1538 4538 1667 4601 Cii¹¹¹¹¹⁸³
1699 4543 1731 4600 ⁰·
1748 4541 1852 4591 [ΜΗ
1869 4542 1961 4593 catull
1978 4544 2068 4607 attus,
2093 4546 2268 4615 thiitll?

1280 4622 1283 4627 ·
1309 4623 1361 4660 nus
1380 4607 1604 4673 cogereminetus,
1637 4620 1697 4657 cum
1714 4606 1841 4671 Pompelo
1865 4616 1963 4662 solitis
1981 4614 2112 4675 neptoun
2129 4614 2268 4667 belle-

199 4721 406 4745 ..,....-..
1310 4680 1393 4729 etrite
1410 4677 1500 4741 gessit
1522 4686 1547 4726 a.
1566 4676 1601 4727 76
1619 4680 1647 4726 et
1664 4677 1698 4730 71
1716 4689 1741 4730 ι.
1760 4678 1842 4743 Clau,
1872 4681 1945 4730 conl.
1961 4680 2052 4746 Pauly
2068 4685 2268 4735 iterim.-

237 4795 284 4864 11)
302 4797 340 4847 Μ.
358 4761 507 4843 trisselius
525 4802 552 4840 e.
567 4789 626 4841 216.
646 4802 672 4840 a.
692 4788 755 4841 clar.
775 4790 888 4852 praetor
905 4789 933 4836 et
950 4784 1053 4837 (1.211.
1070 4794 1190 4847 procon-
1310 4749 1415 4811 ΨΜ·
1434 4746 1463 4795 T·
1476 4746 1523 4795 li·
1545 4759 1570 4807 Ρ·
1592 4745 1659 4794 ¹²⁴⁸
1670 4758 1709 4809 'i'
2212 4838 2217 4843 Ι
2247 4832 2268 4841 ⁴

269 4866 315 4917 sul
333 4862 433 4914 bellun
452 4863 549 4910 eontra
562 4860 741 4909 Hannibalem
758 4858 877 4907 feliciter
895 4857 985 4920 gessit
1002 4856 1076 4914 (htv.
1088 4853 1189 4915 xxiii,
1274 4852 1323 4909 26)
1341 4852 1371 4900 ln
1391 4850 1474 4897 ltdttt.
1494 4847 1568 4897 1132.
1588 4850 1615 4896 et
1634 4848 1710 4899 1111.
1729 4849 1818 4910 capita
1831 4849 1850 4901 1.
1864 4855 1891 4900 et
1904 4851 1937 4899 ll.
1954 4855 2109 4906 summati·
2125 4858 2268 4913 nahe·-

271 4933 395 4985 ts-ta.
420 4930 545 4981 14-46.
581 4928 720 4978 Plutarch.
736 4930 823 4977 Marc.
839 4927 857 4975 ll
871 4923 944 4990 sqq.)
970 4928 998 4975 et
1014 4936 1041 4974 e.
1052 4923 1112 4973 212.
1133 4925 1189 4984 sy·
1310 4932 1361 4982 aare
1380 4918 1488 4967 brevius
1507 4917 1685 4979 explicantur.
1720 4920 1761 4966 lle
1777 4917 2111 4987 interpretationum,
2127 4926 2268 4989 mu

268 5012 386 5054 nenses
404 4997 587 5062 expirgrrsvll,
607 4998 704 5060 qulbus
722 4995 810 5057 captis
829 4994 889 5044 lere
907 4997 966 5044 tota
983 4993 1077 5044 sicllia
1095 4988 1191 5040 dltlonl
1309 4986 1467 5051 ignorantie
1491 4987 1598 5049 egitur,
1628 4987 1760 5049 inscripta
1785 4989 1843 5037 est:
1876 4989 1989 5050 otiando
2014 4998 2128 5045 excuset
2145 4995 2268 5061 ἰςιν

270 5073 387 5124 Bona.
405 5069 530 5118 sublecta
547 5069 600 5118 est.
626 5065 701 5130 (lale.
714 5063 807 5128 XXV,
825 5063 950 5114 st-at.
968 5063 1011 5113 ttl.
1028 5059 1096 5124 41).
1310 5056 1409 5105 rantis.
1890 5066 1894 5072 ’
2184 5068 2187 5075 ·

236 5177 285 5238 te)
305 5174 336 5227 c.
355 5170 502 5222 Terentius
521 5169 633 5229 Varro,
651 5165 697 5228 qni
716 5178 776 5214 curn
793 5166 825 5214 1..
844 5163 960 5214 sentito
978 5162 1074 5214 Paullo
1092 5173 1117 5213 a.
1130 5161 1190 5212 216.
1275 5156 1324 5222 21)
1344 5159 1430 5207 liuius
1443 5159 1539 5222 ospitis
1553 5159 1578 5208 io
1594 5159 1677 5207 ilditt.
1695 5158 1768 5210 1112.
1785 5164 1812 5209 et
1829 5158 1902 5209 1111.
1921 5158 2078 5227 explicatio,
2095 5164 2129 5213 eb
2144 5134 2268 5219 Editss

267 5257 295 5296 s.
310 5242 376 5293 clar.
394 5240 492 5290 consul
512 5238 547 5287 sd
565 5236 678 5286 cannes
695 5235 730 5285 st
747 5233 901 5284 ssennltsle
918 5232 1042 5283 tunditur
1065 5230 1190 5283 devictus
1313 5227 1388 5278 1116.
1407 5231 1434 5276 et
1453 5228 1529 5279 1116.
1552 5229 1679 5294 diversa,
1697 5228 1832 5291 tuscrlpta
1849 5232 1906 5278 est:
1930 5228 2052 5281 'restinta
2071 5236 2162 5297 capnt.
2182 5230 2268 5286 111

267 5317 321 5365 est.
346 5309 420 5376 (lale.
434 5306 526 5369 xxti,
544 5302 693 5370 4⁰42).
1310 5296 1463 5362 npettlpto't.

229 5413 282 5478 ¹7)
301 5412 382 5466 cont.
398 5424 424 5473 p.
438 5407 499 5461 216.
517 5407 584 5456 nota
597 5404 637 5454 16.
1275 5400 1326 5462 22)
1345 5402 1425 5454 conl.
1443 5416 1468 5464 p.
1484 5390 1541 5452 ise.
1560 5403 1624 5450 nota
1637 5400 1679 5449 66.

1339 3564 1474 3633 Debuit
1499 3563 1708 3634 Aristoteles
1740 3561 1958 3664 προαίρεσιν
1990 3592 2063 3639 esse
2098 3584 2227 3665 sponte

1238 3669 1348 3752 velle,
1392 3679 1454 3738 aut
1485 3668 1581 3737 nolle
1607 3664 1757 3738 honesta
1785 3668 1842 3737 vel
1869 3666 2056 3741 inhonesta
2083 3688 2229 3766 praece·

1239 3773 1344 3842 dente
1368 3771 1641 3855 deliberatione,
1675 3784 1734 3855 ut,
1759 3771 1887 3864 'Scipio
1910 3776 2146 3865 praecedente
2168 3780 2228 3849 de·

1239 3874 1471 3958 liberatione,
1499 3872 1651 3943 abstinet
1666 3874 1710 3943 ab
1727 3874 1841 3943 aliena
1855 3900 1986 3968 sponsa
1996 3878 2056 3975 Ἰ)
2096 3878 2227 3953 Nasica

1242 4052 1448 4067 Μ
