4544 5766
63 210 111 283 o
619 202 1039 308 tranosortnnn
1063 203 1278 277 nonnus
1302 203 1533 280 aurona.
1654 226 1656 231 ·
1739 246 1745 259 ι
2036 208 2093 283 ao.

64 395 151 453 state
174 378 340 466 Diaboli,
366 375 581 474 impellentis
606 379 747 453 animos
767 383 814 452 ad
836 379 970 473 flagitia
996 379 1052 449 in-
1102 390 1155 449 est
1174 378 1307 449 usitata
1334 379 1540 471 responsio,
1573 382 1671 476 quod
1702 381 1780 452 sine
1803 380 1939 474 Spiritu
1959 395 2083 453 sancto

64 485 205 556 citatur.
1102 505 1176 551 non
1194 482 1331 574 possint
1350 478 1389 551 hi
1403 495 1523 553 motus
1540 483 1642 556 effici.
1686 483 1755 554 Sed
1772 497 1842 555 tres
1857 508 1984 555 causae
2000 510 2083 557 con-

162 605 287 698 Quare
312 601 455 673 difficile
478 615 530 675 est
554 603 662 673 etiam
685 613 869 672 externam
894 598 1050 691 discipli·
1101 584 1317 675 iunguntur.
1344 586 1492 656 verbum
1511 585 1599 671 Deis
1620 586 1773 678 Spirilffi
1788 600 1943 671 unctus,
1969 584 2084 659 ethu-

62 728 144 775 nam
177 728 410 790 conservare,
443 718 479 775 et
503 704 663 798 agnoscit
686 700 1049 774 hanc‘infirtnitatem
1102 687 1401 758 massat'0111nlsss·
1454 688 1549 759 Utile
1572 701 1624 759 est
1643 689 1738 758 enim
1757 702 1895 760 mentes
1909 692 2084 761 deducere

60 803 307 902 philosophia,
332 807 424 880 sicut
438 807 477 877 in
491 808 693 900 Tragoedia
710 808 760 877 ait
774 808 906 877 Seneca
922 805 988 901 Μ);
1101 791 1146 858 ad
1169 791 1341 874 verbum,
1363 790 1447 884 qula
1472 815 1538 884 Ρθῐ·
1561 791 1597 860 ld
1615 791 1767 886 spirim
1787 804 1929 863 melus
1944 806 1997 863 0³1
2010 795 2083 863 effi·

1101 917 1184 975 car,
1210 917 1291 962 cum
1309 905 1547 965 sustentamus
1561 918 1628 965 nos
1644 896 1754 963 verbo
1768 894 1856 978 Dei,
1879 919 1945 964 nec
1966 908 2018 967 est
2033 897 2084 966 ef-

1099 995 1189 1064 ficax
1211 994 1364 1087 Spiritus
1393 1010 1535 1067 sanctus
1566 997 1605 1066 in
1628 996 1927 1089 repugnantibus,
1960 1011 1996 1068 et
2018 1023 2082 1067 vo-

1098 1097 1217 1167 luntas
1248 1121 1313 1190 per
1334 1122 1408 1169 sese
1431 1122 1650 1192 repugnare,
1683 1100 1768 1169 ilem
1796 1112 1959 1170 excutere
1984 1101 2082 1170 dona

1100 1199 1168 1269 Dei
1186 1213 1324 1292 potest,
1351 1212 1386 1269 et
1406 1225 1530 1273 rursus
1551 1202 1672 1272 adiuta
1694 1225 1714 1270 a
1730 1200 1866 1294 Spiritu
1879 1215 2003 1272 sancto
2017 1228 2081 1295 po-

1099 1315 1166 1372 test
1178 1302 1341 1373 resistere
1356 1304 1524 1397 propriae
1538 1304 1774 1392 imbecillitati
1783 1305 2081 1398 etassentiripro·

58 1401 138 1473 ldeo
166 1403 316 1495 prodest
345 1395 416 1471 buc
438 1400 511 1470 iarn
535 1401 697 1471 conferre
719 1397 921 1469 doctrinam
944 1395 1048 1469 Chri·
1099 1405 1260 1475 missioni
1285 1404 1365 1476 Dei.
1416 1404 1469 1475 lta
1491 1408 1663 1499 scripturn
1688 1420 1741 1478 est
1768 1405 1871 1503 (Luc.
1899 1407 2080 1504 11,1s.):

58 1506 234 1591 suanam,
260 1528 353 1599 quae
376 1515 412 1573 et
433 1527 555 1576 causas
578 1501 796 1572 infirmitatis
812 1502 988 1585 ostendit,
1013 1515 1048 1571 et
1098 1506 1207 1576 Dabit
1228 1507 1401 1599 Spiritum
1424 1523 1586 1579 sanctum
1606 1510 1826 1602 petentibus,
1859 1534 1935 1579 non
1959 1511 2010 1580 ait
2025 1536 2081 1580 re-

59 1609 248 1701 pollicetur
275 1605 459 1677 auxilium.
511 1605 568 1675 Sic
597 1617 633 1675 et
658 1606 735 1698 ipsa
758 1603 921 1674 doctrina
945 1600 1046 1674 Chri·
1097 1610 1355 1702 pugnantibus,
1379 1623 1441 1680 aut
1456 1612 1776 1683 contemnentibus.
1827 1609 1869 1680 ln
1892 1607 1986 1681 hanc
2000 1638 2081 1683 sen-

60 1712 173 1782 stiana
195 1711 237 1780 fit
255 1708 412 1792 dulcior,
439 1733 519 1777 cum
543 1707 652 1778 etiam
669 1708 709 1776 in
728 1701 796 1776 hac
811 1719 913 1798 parte
930 1720 1045 1777 trans·
1096 1713 1245 1783 tentiam
1267 1713 1390 1783 dicunt
1405 1725 1556 1785 veteres:
1583 1715 1784 1785 Praeeunte
1808 1714 1943 1804 gratia,
1970 1715 2080 1785 comi-

60 1817 171 1884 lertur
184 1813 233 1882 ad
247 1837 365 1883 usum.
403 1809 451 1880 Et
464 1806 522 1879 hic
536 1822 703 1903 apparet,
730 1810 929 1879 doctrinam
943 1804 1045 1879 Echi·
1097 1829 1195 1885 tante
1210 1816 1406 1887 voluntate.

64 1940 136 1985 cam
161 1939 239 1985 non
269 1939 342 1986 esse
371 1913 567 2004 integram,
597 1912 667 1984 nisi
689 1911 856 1982 adiuncta
879 1912 1044 1981 doctrina
1196 1917 1251 1988 Ex
1265 1914 1322 1989 his
1341 1918 1426 1988 satis
1451 1931 1618 2010 apparet,
1645 1931 1821 2012 quatenus
1836 1919 2001 1990 voluntas
2016 1915 2080 1989 ba-

65 2014 283 2101 Cltristiana,
308 2040 399 2111 quae
422 2015 520 2086 iubet
541 2014 687 2108 agnosci
707 2015 877 2085 beneficia
900 2009 1044 2099 Christi,
1094 2022 1177 2090 beat
1205 2021 1364 2115 aliquam
1388 2020 1610 2103 libertatem,
1641 2032 1817 2114 quatenus
1838 2046 1916 2091 non
1937 2017 2080 2093 habeat.

64 2134 93 2191 et
108 2121 185 2214 peti
210 2118 382 2191 auxilium
403 2118 557 2212 Spiritus
572 2117 686 2190 sancti
708 2131 832 2189 contra
857 2117 1044 2187 infirmita·
1096 2118 1200 2193 C'erte
1224 2126 1321 2217 quod
1350 2123 1396 2193 ad
1416 2147 1537 2194 mores
1560 2121 1708 2206 attinet,
1734 2125 1778 2193 de
1802 2124 1930 2218 quibus
1952 2121 2079 2195 Etltica

65 2238 129 2293 tem
159 2236 346 2306 nostram,
380 2234 416 2291 et
443 2234 567 2291 contra
597 2220 805 2291 Diabolum.
856 2220 931 2292 Nec
960 2232 1045 2291 sunt
1093 2226 1273 2320 loquitur,
1299 2250 1389 2321 quos
1406 2239 1441 2295 et
1455 2226 1551 2318 ipsos
1567 2225 1742 2318 praecipit
1754 2226 1869 2310 Deus,
1892 2226 2012 2320 aliqua
2027 2240 2080 2297 est

66 2327 180 2396 irritae
202 2324 478 2418 promissiones,
504 2325 542 2393 in
558 2324 687 2419 quibus
706 2322 878 2395 auxilium
892 2323 1043 2415 promit·
1092 2329 1258 2412 libertas,
1283 2342 1325 2399 ut
1346 2327 1480 2398 dicttun
1506 2340 1578 2412 est,
1604 2341 1641 2398 et
1655 2340 1776 2399 tamen
1795 2323 1853 2398 hic
1868 2328 1937 2419 piis
1954 2330 2080 2418 gratis-

67 2430 166 2513 titur,
193 2430 305 2498 modo
326 2440 369 2498 ut
388 2426 458 2498 illis
479 2439 642 2511 utamur,
667 2427 763 2498 iuxta
786 2426 875 2496 illud
900 2425 952 2521 (1.
974 2425 1042 2517 Ep.
1092 2433 1223 2503 simum
1255 2443 1307 2501 est
1330 2431 1413 2500 addi
1440 2429 1642 2500 doctrinam
1666 2431 1710 2500 de
1736 2455 1839 2500 causa
1863 2431 2079 2502 infirmitatis

10 2572 12 2601 ;
68 2529 182 2631 loann.
197 2533 235 2615 8,
250 2529 320 2626 8.);
342 2528 454 2600 Filius
470 2528 539 2599 Dei
555 2529 672 2614 uenit,
697 2542 739 2600 ut
756 2531 915 2598 destruat
933 2552 1041 2619 opera
1092 2531 1290 2616 hnmanae,
1317 2546 1352 2602 et
1367 2535 1411 2603 de
1427 2533 1586 2616 auxiliis,
1614 2557 1705 2626 quae
1722 2531 1882 2604 Christus
1896 2532 2079 2625 proponit.

69 2634 215 2705 Diaboli.
255 2633 444 2704 Postremo
459 2633 508 2702 ita
525 2633 670 2703 demum
686 2632 775 2703 illud
789 2632 920 2722 ipsum,
943 2631 1042 2723 quod
1194 2635 1371 2705 Recensui
1406 2636 1534 2704 ordine
1563 2648 1719 2728 quatuor
1746 2636 1864 2718 locos,
1896 2636 2080 2706 confutavi

69 2751 207 2808 vocatur
226 2732 385 2830 ἠθικὸν,
411 2735 449 2803 id
471 2747 542 2819 est,
567 2735 807 2829 tranquillitas
824 2745 858 2803 ct
878 2734 1041 2802 modera-
1092 2738 1250 2808 Stoicam
1267 2737 1496 2829 opinionem,
1522 2736 1596 2805 dixi
1609 2737 1649 2806 in
1664 2761 1792 2828 genere
1809 2737 1853 2806 de
1869 2737 2078 2828 contingen·

69 2840 293 2922 tioefficitur,
313 2863 394 2909 cum
408 2839 502 2908 lucet
517 2838 555 2906 in
570 2837 699 2908 animis
714 2861 797 2907 vera
813 2834 881 2905 Dei
894 2835 1042 2926 agnitio,
1092 2841 1163 2925 tia,
1198 2841 1328 2910 deinde
1359 2842 1402 2910 de
1426 2841 1589 2910 libertate
1623 2839 1661 2908 in
1691 2838 1844 2909 externis
1866 2839 2078 2923 actionibus,

67 2968 147 3037 quae
172 2964 296 3013 reram
320 2940 600 3012 consolationem
621 2940 737 3034 parit,
763 2952 799 3008 et
812 2939 904 3029 regit
917 2963 1041 3009 omnes
1092 2957 1274 3035 postremo
1299 2944 1343 3013 de
1365 2943 1609 3034 spiritualibus
1629 2941 1848 3024 actionibus,
1874 2936 1943 3011 boc
1956 2942 2079 3012 discri-

66 3060 174 3116 notus
199 3043 331 3128 animi,
362 3068 403 3113 ac
424 3044 533 3114 refert
553 3045 600 3114 ad
618 3043 886 3133 glorificandum
911 3040 1041 3112 Deum.
1091 3072 1176 3116 men
1188 3043 1357 3117 nonnihil
1370 3045 1460 3117 lucis
1477 3045 1613 3115 addidit
1627 3043 1674 3139 ω)
1700 3040 1783 3115 huic
1800 3045 2077 3116 controversiae.

64 3149 153 3219 Sicut
172 3160 210 3217 et
225 3147 359 3217 Paulus
385 3142 692 3242 (Coloss.8,15.)
719 3145 854 3240 inquit:
882 3144 959 3214 Pax
972 3143 1042 3213 Dei
1447 3222 1455 3237 ι

63 3253 231 3342 gubernet
243 3248 291 3345 ⁶¹)
326 3250 435 3318 corda
470 3262 599 3333 vestra.
656 3248 750 3320 Nam
779 3247 929 3330 fiducia,
968 3270 1039 3341 qna
1383 3215 1483 3304 Quid
1510 3227 1569 3289 Μ
1595 3211 1787 3314 “ileclffli

62 3353 245 3424 statuimus
275 3352 379 3423 nobis
407 3351 525 3422 Deum
560 3351 756 3444 propitium
788 3375 861 3421 esse
893 3361 1041 3442 propter
1193 3353 1372 3424 Hactenus
1394 3353 1529 3422 dictum
1554 3366 1626 3436 est,
1651 3353 1738 3447 quid
1758 3351 1806 3423 sit
1825 3351 1958 3435 virtus,
1985 3376 2077 3446 quae

62 3453 261 3538 Christum,
291 3479 360 3525 nos
391 3454 571 3537 exaudiri,
604 3465 640 3523 et
663 3453 802 3536 iuvari,
836 3453 1041 3522 consolatur
1092 3456 1164 3526 sint
1178 3457 1253 3527 eius
1270 3480 1408 3527 causae.
1451 3456 1556 3525 Nunc
1572 3456 1785 3525 conserenda
1802 3467 1855 3523 est
1868 3454 1981 3525 virtus
1997 3479 2076 3524 cum

10 3600 13 3657 q
59 3583 119 3630 nos
136 3559 178 3628 in
193 3557 361 3628 omnibus
376 3557 625 3627 afflictionibus
639 3569 704 3628 etc.
1093 3559 1304 3653 quibusdam
1335 3557 1510 3628 affinibus.
1563 3556 1628 3628 Est
1650 3570 1768 3627 autem
1793 3556 1952 3627 vicinum
1974 3555 2079 3650 quid-

10 3676 12 3685 '
157 3661 207 3731 Et
221 3659 306 3754 quia
321 3662 359 3729 in
373 3661 442 3753 piis
457 3671 631 3752 reguntur
647 3659 793 3728 affectus
807 3679 894 3726 vero
909 3655 1041 3725 timore
1092 3662 1175 3731 dam
1197 3662 1362 3732 affectus:
1390 3660 1478 3730 alias
1502 3659 1598 3730 enim
1623 3672 1826 3751 repugnant
1841 3659 1989 3729 affectus
2005 3658 2077 3728 vir·

61 3763 143 3848 Dei,
168 3777 206 3834 et
228 3786 312 3832 vcra
335 3763 484 3846 fiducia,
508 3775 592 3833 sunt
611 3762 726 3852 magis
747 3758 936 3851 compositi
963 3782 1042 3828 mo·
1092 3763 1196 3848 tutis,
1222 3763 1310 3834 alias
1332 3787 1411 3832 eam
1433 3763 1616 3833 adiuvant.
1666 3762 1718 3831 Ac
1733 3763 1868 3832 multae
1892 3775 1975 3833 sunt
1996 3785 2077 3832 cau-

60 3879 124 3938 tus.
175 3864 229 3937 Ita
251 3865 369 3935 David
390 3878 443 3936 est
458 3859 687 3960 ἠθικώτερος
714 3887 823 3957 quam
850 3860 1041 3952 Augustus,
1091 3891 1170 3950 sae,
1213 3890 1325 3960 quare
1355 3865 1470 3957 prosit
1499 3863 1703 3957 diligentius
1737 3864 1961 3935 considerare
1992 3864 2077 3933 affe·

59 3970 176 4039 miuus
202 3968 382 4039 insolescit
411 3968 450 4037 in
471 3968 577 4038 rebus
605 3965 789 4049 secundis,
825 3965 908 4059 quia
939 3963 1042 4032 timet
1093 3982 1212 4041 ctuum
1227 3971 1342 4038 fontes
1361 3981 1396 4036 ct
1409 3980 1589 4038 naturam.
1644 3966 1808 4037 Primum
1824 3966 1919 4036 enim
1936 3989 2076 4036 necesse

57 4070 197 4155 Deum,
228 4065 336 4142 babet
364 4071 404 4140 in
429 4072 535 4141 rebus
564 4068 720 4139 adversis
747 4066 1042 4149 consolationem,
1093 4085 1146 4142 cst
1173 4083 1294 4141 tenere
1328 4070 1519 4140 discrimen
1544 4070 1638 4138 inter
1663 4071 1809 4138 affectus
1837 4082 1874 4137 et
1894 4066 2075 4137 virtutem.

57 4174 188 4244 tolerat
211 4174 364 4244 iniurias
387 4173 554 4268 aequiore
576 4171 710 4263 animo.
761 4170 809 4240 Hi
822 4182 942 4239 motus
959 4180 1043 4237 sunt
1092 4175 1274 4256 Secundo,
1308 4174 1391 4268 quia
1423 4175 1467 4243 de
1497 4171 1680 4243 affectibus
1704 4173 1871 4260 leguntur
1901 4170 2075 4239 absurdae

57 4275 281 4347 excitatiores
304 4289 339 4345 et
360 4277 536 4346 dulciores
557 4274 595 4343 in
611 4273 768 4358 Davide,
793 4296 902 4368 quam
915 4272 954 4340 in
968 4268 1042 4340 Au·
1094 4277 1281 4370 opiniones
1295 4276 1497 4346 Stoicorum
1523 4287 1559 4344 et
1576 4270 1632 4344 his
1653 4273 1758 4342 multi
1773 4284 1920 4363 propter
1935 4272 2075 4342 novita-

57 4393 181 4470 gusto,
208 4378 274 4449 etsi
287 4374 346 4448 hic
362 4403 506 4473 quoque
519 4377 587 4448 fuit
602 4370 746 4471 ἠθικός.
1093 4394 1165 4451 tem
1179 4380 1420 4471 applaudunt,
1434 4377 1580 4470 prodest
1592 4374 1859 4445 commoneberi
1873 4375 2076 4445 adolescen-

159 4481 312 4575 Reliqua
334 4495 388 4552 est
404 4480 565 4577 quaestio
582 4481 626 4549 de
649 4478 848 4549 actionibus
862 4475 1042 4546 interiori·
1094 4497 1166 4566 tes,
1193 4481 1279 4575 quid
1306 4482 1350 4551 de
1373 4481 1442 4550 illis
1459 4478 1586 4548 Stoicis
1604 4477 1834 4569 opinionibus
1849 4476 2075 4549 sentiendum

56 4585 122 4656 bus
146 4608 229 4675 erga
254 4583 391 4668 Deum,
416 4584 549 4654 scilicet
569 4585 613 4652 de
636 4581 767 4652 timore
783 4580 870 4663 Dei,
892 4582 937 4650 de
953 4579 1042 4648 fidu·
1094 4588 1150 4656 sit.
1200 4584 1383 4654 Interdum
1407 4581 1502 4651 enim
1528 4581 1647 4672 inepte
1667 4576 1887 4651 invehuntur
1901 4580 1940 4648 in
1957 4581 2075 4651 Eccle-

57 4689 132 4769 cia,
159 4687 349 4757 dilectione
370 4686 459 4769 Dei,
484 4710 568 4755 vera
592 4685 785 4777 patientia,
812 4695 848 4753 et
868 4681 1043 4751 similibus
1094 4689 1202 4772 siam,
1234 4688 1298 4757 ubi
1328 4708 1430 4754 error
1453 4684 1566 4753 multa
1590 4683 1687 4775 parit
1713 4683 1952 4755 incommoda.
2004 4683 2076 4775 Ap-

57 4790 258 4860 actionibus
267 4788 523 4881 spiritualibus,
539 4811 627 4882 quas
642 4786 682 4857 in
692 4787 761 4880 piis
773 4784 921 4857 existere
936 4808 1043 4876 opor·
1093 4790 1239 4882 pallatio
1264 4801 1385 4858 antem
1410 4786 1555 4857 affectus
1571 4784 1716 4878 proprie
1738 4785 1893 4877 pertinet
1908 4786 1954 4855 ad
1971 4810 2076 4878 appe-

58 4906 118 4963 tet.
178 4892 233 4962 Dc
261 4888 317 4962 his
340 4893 485 4984 proprie
512 4890 716 4984 quaeritur,
751 4914 797 4958 an
826 4883 937 4958 bomo
967 4888 1043 4957 siue
1094 4894 1237 4963 titiones
1260 4914 1429 4961 sensuum
1458 4901 1492 4959 et
1520 4887 1724 4958 voltmtatis.
1775 4887 1871 4957 Fons
1899 4899 1951 4957 est
1970 4888 2078 4980 igitur

185 961 236 1023 Sic
257 978 323 1018 cum
347 971 498 1040 gravatam
519 944 619 1019 navita
640 958 764 1018 adversa
785 971 880 1019 ratem

129 1060 135 1073 ‘
186 1060 332 1141 Propellit
352 1060 452 1134 unda,
473 1061 552 1122 cedit
572 1061 601 1119 in
625 1079 731 1119 vanum
754 1061 847 1136 labor,

184 1165 226 1224 Et
247 1165 324 1237 ricta
344 1181 439 1243 prono
460 1165 568 1243 puppis
585 1161 719 1222 aufertur
739 1162 825 1221 rado.

182 1266 272 1338 Quod
294 1267 368 1326 ratio
389 1267 497 1346 poscit,
522 1266 611 1326 riocit
631 1283 665 1325 ac
686 1244 791 1344 regnat
810 1262 901 1324 furor.

60 4994 194 5088 Spiritu
215 5007 338 5065 sancto
356 4994 467 5089 possit
487 4995 623 5062 efficere
638 5016 763 5062 verum
780 4991 947 5061 timorem
962 4988 1044 5071 Dei,
1095 4992 1200 5066 huius
1215 4988 1466 5085 disputationis
1482 4988 1671 5062 discrimen
1688 4988 1959 5083 appetitionum.
2005 4991 2077 5082 Ap-

60 5122 179 5167 seram
206 5097 392 5181 liduciam,
415 5121 537 5168 veram
558 5094 785 5165 dilectionem
802 5105 867 5164 etc.
911 5088 1044 5163 Deliis
1094 5096 1284 5190 petitiones
1305 5108 1388 5166 sunt
1412 5094 1569 5186 triplices
1592 5091 1630 5162 iu
1653 5107 1782 5162 natura
1804 5087 1979 5164 hominis:
2005 5092 2077 5187 Ap-

1096 5198 1220 5293 petitio
1245 5196 1463 5290 vegetativae
1486 5194 1666 5287 potentiae
1688 5207 1760 5276 cst,
1786 5207 1827 5263 ut
1841 5196 1952 5266 fames
1976 5220 2015 5263 ac
2032 5194 2077 5264 si-

93 5332 139 5399 tu)
156 5335 281 5385 serm
298 5328 466 5393 Hippolytus
484 5328 544 5378 Aet.
563 5324 583 5377 t
602 5339 629 5375 v.
644 5325 799 5375 181-184,
1099 5351 1302 5366 ..-.-.-.
1491 5350 1503 5363 ..

97 5437 145 5503 at)
162 5436 312 5501 gemm]
330 5434 373 5484 sto
388 5431 440 5483 ut.
459 5430 553 5493 tows
570 5429 620 5481 Ed
640 5428 715 5482 tw).
734 5428 876 5493 emerunt.
1131 5419 1180 5487 ω)
1199 5420 1317 5482 eddidit]
1335 5420 1377 5472 stc
1391 5418 1443 5470 Ed.
1461 5417 1556 5482 tam
1582 5416 1632 5469 Ed.
1654 5417 1728 5481 11411.
1746 5417 1828 5469 erut.

67 5521 243 5586 urcisci.
269 5516 378 5583 Orsa.
408 5517 493 5580 Ver..
517 5511 607 5576 xvt.
1432 5485 1456 5558 4
