4544 5766
109 175 215 254 1006
2023 174 2127 265 'tm

464 183 508 259 X.
559 180 841 258 Enauutrlo
859 168 1138 256 ‘ananelus'
1165 168 1416 255 CICERONIS
1447 178 1548 256 PRO
1578 180 1777 256 MILONE.

700 453 1520 558 ‚sunsascnonruet

213 654 371 726 Imitatio
393 658 506 751 magis
530 659 636 730 efficit
657 661 840 746 artificem,
865 686 971 757 quam
990 684 1091 752 prae-
1142 660 1226 728 dam
1248 667 1336 742 erat,
1363 658 1446 752 quia
1463 672 1540 729 erat
1558 660 1644 731 civis
1660 661 1894 743 turbulentus,
1919 672 1955 731 et
1973 673 2121 753 propter

109 770 225 850 cepta.
276 757 387 850 Igitur
409 763 525 832 danda
549 776 602 835 est
623 788 751 856 opera,
772 776 813 834 ut
834 766 955 858 aliquo
981 765 1089 832 modo
1141 785 1241 832 suam
1263 754 1445 831 fortunari
1467 762 1529 831 diu
1545 764 1778 833 tumultuatus
1792 763 1860 832 fuit
1874 763 1912 831 in
1927 763 2119 855 republica,

108 862 221 931 simus
244 861 377 932 similes
401 865 562 957 exemplo
583 878 762 950 veterum,
788 880 823 936 et
835 879 980 936 utamur
994 880 1089 935 certa
1139 859 1223 933 ldeo
1238 864 1370 933 Brutus
1385 865 1499 934 voluit
1512 866 1566 934 uti
1579 861 1646 935 hac
1663 866 1877 936 defensione.
1917 865 1986 936 Sed
2002 864 2119 935 noluit

109 964 232 1056 aliqua
251 965 367 1033 forma
390 967 542 1038 dicendi.
591 969 680 1038 Milo
703 981 779 1038 erat
800 969 1089 1060 tribunusplebis
1140 967 1285 1048 Cicero,
1312 966 1395 1060 quia
1416 968 1555 1059 putavit
1583 992 1662 1037 eam
1691 968 1872 1037 infirmam
1895 992 1988 1052 esse,
2019 968 2118 1062 quod

107 1077 193 1156 post
215 1065 393 1138 Clodium.
446 1069 534 1138 Milo
565 1071 647 1140 tulit
675 1071 897 1163 rogationem
922 1074 965 1140 de
985 1095 1088 1140 revo
1139 1070 1310 1138 debuerat
1337 1069 1512 1151 accusari,
1556 1070 1586 1139 si
1617 1071 1704 1163 quid
1734 1070 1821 1139 mali
1851 1070 1999 1140 fecisset.
2075 1066 2118 1138 ln

107 1170 226 1236 cando
247 1170 430 1252 Cicerone,
457 1184 492 1241 et
512 1168 604 1241 hanc
627 1199 702 1242 rem
725 1175 891 1244 iuverunt
911 1175 1087 1266 principes
1138 1194 1296 1254 summa,
1322 1194 1396 1239 non
1419 1173 1487 1241 fuit
1501 1172 1703 1257 notorium,
1727 1197 1808 1243 euru
1822 1196 1896 1243 esse
1911 1184 2117 1266 tyrannum,

107 1270 335 1361 reipublicae.
389 1269 441 1341 lta
470 1288 655 1345 revocatus
685 1276 752 1346 fuit
780 1277 904 1346 Cicero
917 1277 976 1374 ⁹⁸).
1034 1275 1088 1344 Ex
1137 1276 1198 1344 sed
1219 1273 1333 1343 voluit
1353 1273 1406 1344 uti
1425 1274 1487 1343 illo
1513 1287 1740 1366 argumento:
1774 1275 1857 1345 Vim
1885 1273 1924 1343 vi
1942 1274 2116 1366 depellere

105 1372 170 1440 illo
191 1384 354 1465 tempore
376 1389 547 1466 perpetua
567 1378 711 1448 fuerunt
732 1380 947 1462 certamina,
978 1377 1027 1445 ita
1048 1391 1088 1447 ut
1137 1375 1235 1455 licet;
1266 1375 1354 1444 Milo
1374 1375 1454 1453 ,vim
1476 1376 1514 1443 vi
1535 1378 1689 1469 depulit:
1724 1402 1808 1469 ergo
1835 1378 1912 1447 iure
1942 1375 2117 1447 interfecit

108 1475 278 1570 credibile
299 1476 345 1546 sit
360 1477 466 1547 fixisse
490 1479 702 1550 acerrimum
726 1482 848 1551 odium
873 1483 965 1550 inter
981 1479 1087 1548 Milo·
1138 1476 1314 1548 Clodium.
1372 1474 1565 1549 Iamtenes
1587 1478 1768 1549 inanimo
1791 1480 1982 1571 imaginem
2007 1478 2117 1549 totius

106 1601 191 1646 nem
213 1590 248 1648 et
264 1577 440 1650 Clodium.
491 1581 600 1651 Forte
623 1585 768 1668 accidit,
798 1597 839 1654 ut
862 1596 1088 1653 occurrerent
1138 1578 1322 1650 orationis.
1397 1577 1443 1651 D.
1474 1576 1746 1678 Philippum)
1767 1594 1870 1673 putat
1889 1581 2021 1653 iniuste
2043 1605 2117 1652 esse

105 1678 173 1750 sibi
188 1692 314 1750 mutuo
330 1681 368 1750 in
383 1681 528 1769 itinere,
553 1685 603 1753 ibi
620 1685 764 1757 Clodius
784 1687 900 1778 coepit
915 1709 1085 1778 pugnare,
1137 1684 1412 1752 condemnatum
1431 1683 1620 1764 Milonem
1653 1685 1737 1779 quia
1761 1685 1850 1753 alter
1870 1686 2002 1753 fecerat
2015 1684 2115 1774 prin·

107 1794 141 1851 et
165 1782 297 1855 invasit
318 1783 512 1870 Milonem,
546 1787 607 1880 qui
638 1789 778 1858 fortiter
808 1789 881 1856 vim
904 1787 1041 1879 deptdit
1065 1811 1083 1855 a
1137 1784 1267 1877 cipinm
1284 1809 1443 1879 pugnae,
1470 1786 1800 1877 ideomitigandam
1818 1786 1924 1857 ftllsse
1940 1809 2113 1878 poenam3

106 1887 329 1977 suocapite,
356 1886 403 1955 ita
426 1901 466 1956 ut
490 1890 634 1960 Clodius
656 1891 696 1959 in
716 1914 915 1983 cauponam
931 1890 1084 1959 vicinam
1137 1887 1219 1982 quia
1242 1887 1353 1955 civem
1377 1886 1583 1958 Romanum
1610 1913 1685 1959 non
1712 1889 1812 1958 licuit
1842 1888 2017 1972 occidere,
2051 1888 2115 1958 sed

106 1988 253 2078 ingerit,
287 2012 392 2081 quem
415 1989 503 2060 Milo
536 1992 683 2084 cupidus
711 1993 888 2063 vindictae
915 1993 1086 2087 sequitur,
1135 1990 1312 2081 relegatur
1327 1990 1365 2058 in
1381 1990 1525 2059 exilium
1540 1991 1606 2060 sub
1620 1987 1721 2060 basta
1735 1991 1888 2062 venditis
1902 1990 1977 2061 eius
1991 1991 2111 2060 bonis:

107 2102 139 2158 et
161 2103 287 2159 nactus
309 2093 528 2165 occasionem
559 2095 665 2164 irruit
690 2095 728 2163 in
760 2097 946 2166 tabernam
970 2109 1005 2164 et
1029 2119 1085 2163 ex·
1135 2116 1219 2183 ergo
1251 2093 1311 2160 illa
1341 2115 1464 2184 poena·
1489 2093 1619 2162 summi
1646 2093 1733 2164 iuris
1753 2093 1911 2164 Romani
1933 2091 2002 2164 suit
2018 2091 2114 2161 miti-

105 2203 261 2283 pugnata
285 2194 431 2264 taberna
455 2197 582 2266 occidit
597 2197 772 2268 Clodium.
824 2196 876 2266 lbi
892 2223 972 2267 cum
988 2197 1086 2265 venit
1135 2196 1271 2285 ganda,
1309 2207 1345 2263 et
1372 2196 1555 2264 contendit
1591 2197 1693 2265 valde
1723 2196 1940 2291 principium
1972 2211 2113 2287 pugnae

105 2294 194 2362 Milo
219 2294 394 2380 Romam,
417 2299 552 2367 familia
572 2299 744 2369 Clodiana
762 2301 879 2392 coepit
894 2302 1083 2392 deposcere
1134 2299 1264 2365 iactum
1288 2321 1360 2366 esse
1383 2321 1403 2366 a
1428 2297 1567 2367 Clodio.
1617 2298 1892 2390 Minorigitur,
1923 2297 2014 2367 Milo
2037 2296 2112 2367 vim

103 2397 279 2466 Milouem
300 2401 345 2467 ad
371 2424 536 2491 poenam.
588 2402 677 2472 Milo
709 2403 847 2472 dicebat
874 2427 910 2472 se
935 2426 1008 2470 non
1029 2426 1084 2470 re·
1119 2399 1171 2466 »vi
1190 2399 1345 2490 depulit,
1370 2400 1464 2468 fitin
1480 2394 1706 2491 hocnegotio
1722 2400 1954 2496 κρινόμενον.
2004 2399 2114 2470 Asco-

103 2524 284 2590 pngnare,
312 2503 524 2592 quominus
550 2519 783 2595 cognoscatur
802 2529 870 2575 res.
921 2501 975 2573 lbi
1000 2528 1083 2573 eon-

103 2602 265 2671 stitutum
303 2615 355 2671 est
383 2604 552 2674 iudicium
588 2621 668 2697 post
695 2609 803 2698 longa
838 2606 1031 2675 certamina
1062 2632 1082 2674 a

103 2704 296 2797 Pompeio,
323 2704 360 2773 in
383 2731 455 2799 quo
471 2722 650 2780 accusatus
663 2723 716 2780 est
738 2735 759 2778 a
775 2709 957 2778 Clodianis
971 2710 1082 2778 factae

103 2809 232 2876 caedis.
282 2804 337 2875 lbi
357 2809 481 2878 Cicero
512 2812 682 2881 acerrime
712 2812 869 2881 defendit
896 2812 1081 2883 Milonem.

103 2908 176 2977 lam
199 2909 324 2978 incidit
347 2912 524 3003 quaestio:
558 2913 615 2981 An
638 2915 727 2982 Milo
758 2915 805 2984 sit
834 2912 1081 2998 absolvendus,

103 3013 159 3081 vel
190 3037 277 3081 non.
328 3011 451 3083 Testes
487 3026 604 3083 autem
637 3018 939 3086 confirmaverunt
960 3041 1082 3086 omnes

103 3115 268 3184 Clodium
282 3115 403 3184 fecisse
418 3115 632 3208 principium
648 3143 807 3211 pugnae,
831 3122 893 3190 sed
908 3119 1080 3188 Milonem

102 3217 317 3286 interfecisse
341 3218 503 3286 Clodium
531 3222 568 3288 in
591 3222 758 3304 taberna,
790 3234 981 3315 postquam
1003 3223 1082 3290 lati-

103 3333 205 3389 taret.
257 3319 380 3388 Cicero
402 3323 577 3404 defendit,
609 3326 705 3417 quod
732 3324 805 3391 vim
835 3326 872 3392 vi
893 3325 1080 3415 depulerit.

103 3422 262 3491 Tantum
285 3436 407 3492 manet
433 3425 491 3492 illa
522 3426 702 3518 quaestio,
735 3439 856 3496 tetrum
887 3428 1082 3496 servaverit

103 3528 251 3594 modum
288 3525 488 3616 inculpatae
525 3528 666 3599 tutelae.
756 3528 936 3622 Relinque
977 3530 1080 3600 istam

103 3627 345 3722 quaestionem
370 3628 636 3700 discernendam
655 3630 819 3701 studiosis
835 3631 934 3714 iuris,
958 3645 1078 3701 utrum

102 3730 260 3822 potuerit
285 3731 421 3801 absolvi
450 3733 545 3818 iure,
579 3746 698 3802 tamen
730 3736 984 3804 condemnatus
1012 3735 1081 3804 fuit

103 3833 191 3901 Milo
221 3833 260 3900 in
289 3834 350 3902 illo
379 3834 521 3905 iudicio.
592 3836 774 3929 Principio
813 3849 932 3906 autem
969 3849 1080 3907 status

103 3937 325 4030 quaerendus
344 3949 397 4006 est
418 3937 456 4004 in
482 3938 703 4010 orationibus
723 3939 898 4030 legendis,
929 3938 1019 4010 sicut
1041 3941 1080 4008 in

103 4034 169 4107 boc
196 4039 340 4129 negotiu
366 4052 417 4108 est
433 4040 638 4131 principalis
656 4042 872 4133 propositio:
895 4040 984 4110 Milo
1001 4042 1078 4110 iure

102 4141 276 4209 interiecit
295 4141 472 4212 Clodium.
523 4141 675 4233 Oportet
705 4144 812 4212 etiam
834 4144 955 4213 videre
977 4168 1079 4235 prae-

103 4244 243 4335 cipuum
265 4257 526 4334 argumentum,
553 4269 624 4337 quo
647 4268 749 4315 causa
771 4247 909 4315 nititur.
961 4247 1079 4338 Quae·

103 4346 185 4415 libet
207 4345 302 4414 enim
323 4371 427 4417 causa
443 4342 550 4415 habet
562 4371 674 4417 unum
690 4359 797 4442 atque
813 4349 965 4417 alterum
980 4348 1079 4442 prin-

103 4448 212 4541 cipale
235 4461 504 4539 argumentum,
530 4449 620 4519 sicut
640 4449 771 4541 duplex
788 4450 997 4519 deliberatio
1011 4453 1080 4522 fuit

103 4552 143 4621 de
166 4553 387 4620 defendendo
405 4551 551 4622 Milone.
602 4551 735 4622 Brutus
749 4554 898 4644 putabat
911 4551 1076 4626 Clodium

103 4655 176 4725 iure
189 4653 413 4725 interiectum
427 4668 574 4747 propter
589 4655 833 4748 tyrannidem,
860 4655 942 4749 quia
957 4668 1079 4748 tyran-

103 4782 164 4827 nos
185 4757 290 4826 licere
312 4757 457 4848 impune
481 4757 688 4828 interficere.
739 4756 847 4852 Quod
860 4782 985 4827 verum
1000 4760 1078 4852 qni-

128 4973 180 5034 97)
200 4974 275 5023 llaec
292 4973 396 5022 sobolts
412 4971 440 5021 lu
457 4972 507 5022 tta
527 4973 618 5036 tm,
636 4970 663 5022 lu
682 4983 735 5035 que
752 4971 815 5023 sola
831 4969 1021 5033 inveniuntur,
1039 4969 1079 5022 sio

164 5043 301 5103 tosertpts
316 5046 394 5091 sunt:
413 5040 476 5090 Alte
491 5040 600 5091 sobolis
617 5041 712 5103 Pbtltp.
729 5042 793 5094 Met.
811 5042 839 5090 tu
858 5039 1009 5089 orationem
1028 5052 1078 5102 pro

164 5111 269 5161 Mltoue
284 5111 360 5162 tata.
373 5110 471 5173 partim
484 5109 595 5174 dietata,
605 5108 706 5172 partin
718 5123 752 5160 ex
763 5122 812 5160 oro
825 5109 942 5174 tegentis
956 5111 1077 5170 excepte.

128 5192 181 5252 w)
199 5191 311 5255 cicero,
329 5192 375 5256 qul
391 5203 417 5242 a.
435 5203 462 5240 ιι.
480 5204 501 5240 o
519 5191 580 5241 896.
598 5193 651 5242 aet.
670 5191 769 5244 xle.
786 5203 804 5242 e
821 5190 978 5243 consulibus
997 5194 1024 5241 et
1042 5193 1076 5242 ab

163 5262 227 5324 ipso
244 5260 294 5312 cn
310 5261 438 5323 Pompelo
462 5260 588 5310 desertus
611 5263 679 5310 urbe
700 5263 840 5325 cesserat,
865 5272 891 5311 a
918 5273 944 5310 u.
968 5273 992 5313 c.
1015 5260 1077 5311 691.

163 5332 221 5381 eet.
238 5330 271 5378 b.
287 5328 318 5379 P.
336 5329 464 5381 cornelio
484 5330 599 5380 Lentulo
617 5329 762 5394 Spinthere
779 5333 808 5381 et
827 5332 860 5392 0.
879 5328 998 5382 caecilio
1012 5331 1074 5380 tte·

159 5398 232 5450 tetro
246 5398 403 5449 comtibus
420 5402 567 5450 revocatus
584 5401 637 5451 est.

1134 2500 1214 2569 nius
1235 2501 1413 2571 Pedianus
1427 2500 1475 2597 ⁹⁹)
1497 2501 1583 2570 dicit
1598 2504 1819 2574 adversarios
1834 2503 1874 2574 in
1889 2501 2113 2573 accusatione

1134 2605 1311 2694 posuisse,
1344 2604 1559 2696 principium
1581 2629 1721 2696 pugnae
1745 2606 1877 2675 sactum
1902 2627 1977 2674 esse
2000 2628 2020 2674 a
2042 2602 2113 2673 Mi·

1132 2706 1227 2776 lone.
1277 2705 1361 2775 ldeo
1383 2706 1506 2777 Cicero
1528 2707 1682 2777 maxime
1705 2720 1867 2780 versatur
1881 2709 1920 2776 in
1943 2706 2113 2777 illorefu-

1133 2810 1255 2879 tando.
1306 2808 1398 2880 Satis
1418 2810 1464 2879 sit
1478 2805 1565 2879 haec
1595 2810 1721 2882 dixisse
1746 2811 1790 2881 de
1815 2808 1987 2881 orationis
2007 2831 2113 2900 argu·

1132 2922 1267 2981 mento.
1857 2956 1860 2961 -

1234 3012 1362 3084 Oratio
1385 3025 1438 3084 est
1459 3013 1598 3104 generis
1611 3013 1797 3084 iudicialis.
1844 3011 2111 3084 Intentioenim

1133 3115 1314 3186 Ciceronis
1346 3127 1415 3200 est,
1456 3129 1498 3186 ut
1526 3116 1653 3186 liberet
1681 3117 1873 3197 Milonem;
1912 3128 2022 3189 status
2058 3129 2111 3187 est

1131 3219 1356 3303 iuridicialis,
1389 3230 1425 3288 et
1450 3231 1719 3311 argumentatur
1748 3244 1769 3288 a
1799 3219 1893 3310 lege,
1930 3243 2021 3312 quae
2042 3218 2109 3288 im-

1130 3346 1249 3414 pressa
1272 3334 1324 3391 est
1348 3321 1509 3391 omnium
1531 3318 1719 3392 hominnm
1741 3322 1870 3392 animis
1885 3321 2110 3406 naturaiiter,

1132 3428 1228 3519 quod
1253 3424 1326 3492 vim
1348 3424 1385 3491 vi
1403 3423 1508 3492 liceat
1530 3424 1716 3516 depellere.
1772 3424 1878 3496 Nunc
1896 3424 1939 3492 de
1962 3423 2108 3494 exordio

1131 3529 1308 3611 dicemus,
1333 3527 1431 3620 quod
1454 3525 1598 3620 quidem
1622 3526 1763 3596 videtur
1785 3527 1995 3610 obscurum,
2027 3551 2109 3597 curn

1131 3655 1169 3700 re
1197 3653 1281 3698 vera
1311 3653 1387 3697 non
1417 3627 1473 3698 sit.
1524 3626 1576 3697 lta
1605 3623 1664 3697 hic
1690 3627 1879 3720 diligenter
1912 3628 2108 3721 componit,

1131 3745 1167 3802 et
1186 3732 1342 3823 singulas
1364 3729 1555 3800 sententias
1577 3731 1774 3816 illuminat,
1798 3745 1833 3803 et
1856 3731 1956 3801 addit
1973 3730 2108 3826 aliquid

1129 3835 1393 3928 pigmentorum
1416 3846 1451 3903 et
1474 3847 1780 3905 ornamentorum.
1832 3832 1873 3904 ln
1894 3830 1949 3904 his
1969 3847 2108 3904 senten·

1130 3939 1188 4008 tiis
1205 3937 1424 4007 consumitur
1439 3936 1635 4008 exordium.
1675 3940 1708 4009 1.
1732 3938 1788 4006 Ab
1804 3939 1931 4005 affectu
1949 3936 2105 4005 orditur:

1131 4035 1450 4111 Commoveor-hac
1465 4062 1558 4108 nova
1575 4042 1691 4109 forma
1708 4038 1851 4123 iudicii,
1876 4039 1973 4131 quod
1987 4039 2106 4106 forum

1128 4146 1275 4236 plenum
1297 4155 1350 4213 est
1370 4154 1611 4224 armatorum,
1637 4142 1698 4235 qui
1716 4142 1840 4209 delecti
1859 4139 2045 4222 videntur,
2066 4151 2108 4209 ut

1129 4246 1314 4317 debilitent
1336 4244 1451 4316 studia
1474 4255 1509 4312 et
1532 4245 1670 4312 animos
1692 4266 1836 4326 eorum,
1861 4243 1923 4336 qui
1942 4242 2107 4313 nituntur

1128 4374 1196 4442 pro
1226 4348 1373 4418 Milone.
1423 4351 1459 4418 2.
1485 4343 1661 4415 Inversio:
1693 4345 1763 4416 Sed
1793 4359 1912 4414 tamen
1944 4344 2107 4416 existimo

1128 4448 1217 4521 haec
1240 4475 1338 4520 arma
1362 4447 1532 4539 disposita
1557 4472 1630 4519 esse
1653 4471 1720 4539 pro
1735 4448 1918 4518 communi
1932 4448 2108 4542 tranquil-

1128 4556 1245 4637 litate,
1277 4565 1317 4623 ut
1338 4548 1470 4620 iudices
1492 4551 1602 4620 libere
1631 4553 1818 4620 decernere
1840 4550 1988 4642 possint.
2038 4548 2108 4619 lta-

1129 4682 1197 4752 que
1222 4655 1351 4724 armati
1371 4677 1446 4721 non
1462 4655 1696 4724 adversantur
1709 4654 1833 4738 nobis,
1857 4653 2107 4724 multominus

1128 4763 1281 4829 inermes
1302 4770 1339 4827 et
1360 4751 1502 4825 honesti
1518 4756 1629 4839 cives,
1656 4769 1795 4828 tantum
1817 4755 2013 4829 turbulenti
2027 4754 2105 4849 qui-

1127 4865 1210 4932 dam
1240 4874 1322 4931 sunt
1359 4858 1473 4952 iniqui
1506 4858 1654 4944 Miloni,
1694 4860 1757 4955 qui
1792 4885 1892 4932 suam
1933 4856 2103 4949 inopiam,

1159 5105 1196 5156 98
1207 5105 1233 5163 t)
1251 5102 1270 5156 Ι.
1289 5116 1313 5154 ο.
1329 5101 1497 5153 Melantbon.

1158 5192 1209 5250 90)
1229 5190 1291 5241 th
1310 5192 1343 5252 o.
1358 5188 1470 5238 Asconii
1481 5185 1611 5236 Procliani
1628 5184 1656 5235 iu
1674 5184 1786 5235 eunden
1799 5177 1940 5233 ciceronis
1952 5177 2104 5229 undum

1193 5262 1397 5320 argumentum,
1422 5256 1493 5319 quod
1516 5255 1544 5305 lu
1560 5256 1641 5305 tutus
1665 5251 1802 5304 untionis
1819 5249 1866 5298 Pb.
1885 5247 2102 5298 Meteuettbouts

1194 5332 1223 5380 et
1235 5330 1265 5380 c.
1277 5327 1384 5378 Letomt
1401 5324 1623 5376 adnotationibus
1640 5326 1669 5372 et
1686 5319 1801 5370 erttttcto
1819 5316 1977 5366 illustratae
1993 5313 2101 5366 utrib-

1193 5398 1272 5448 nttes
1291 5394 1500 5449 coloeterstbus
1535 5393 1564 5442 tn
1581 5394 1636 5444 une
1652 5398 1788 5441 ιιιιιοκιιιι
1804 5385 1953 5438 iuvenitur.
