4544 5766
120 190 196 269 soa
383 185 584 258 scurra
608 184 685 257 ra.
712 178 925 257 unu-an.
950 177 1160 274 rameru
1185 176 1536 260 nrtrorm‘oru
1553 180 1871 259 erroreum.
2069 162 2148 255 ut

124 364 274 443 docent,
299 361 479 454 peculiare
493 384 582 452 opus
596 382 670 427 esse
683 357 851 440 iustitiae,
874 380 950 425 non
965 354 1107 425 laedere
1262 361 1384 456 Quare
1398 361 1505 432 etiam
1520 384 1602 431 cum
1619 358 1684 428 alii
1704 357 1899 428 creditores
1920 349 2153 443 retineripee'

126 462 296 557 hospites.
346 461 422 533 lmo
440 488 507 555 pro
527 461 699 532 beneficio
715 463 865 531 reddere
877 460 1060 529 beneficia.
1161 474 1242 533 tunt
1257 489 1315 535 res
1329 486 1473 546 eorum,
1498 464 1563 557 qui
1578 463 1663 556 ipsis
1679 462 1828 544 debent,
1858 471 1981 527 tamen
1995 453 2153 524 locatori

228 568 279 636 Ac
301 567 387 635 utile
412 579 465 637 est
487 566 653 635 omnibus
673 560 880 635 hominibus
906 559 1111 633 familiaris·
1161 565 1260 657 prius
1276 593 1333 638 res
1351 568 1470 639 illotae
1487 566 1526 634 iu
1541 568 1688 636 domum
1704 565 1882 654 obligatae
1897 570 1991 631 sunt.
2024 556 2152 627 'Prae'-

127 674 215 741 sime
232 682 356 738 notum
375 694 447 738 esse
464 669 656 740 discrimen
672 679 919 737 contractuum
943 690 985 735 ex
1008 675 1112 735 natu·
1163 668 1264 760 cipue
1280 671 1375 741 enim
1391 671 1484 739 ratio
1499 665 1648 760 hospitii
1660 664 1824 738 habenda
1841 677 1904 748 est,
1932 662 2016 758 qnia
2031 656 2152 731 domt-

127 798 188 842 rac
203 771 359 842 fontibus
374 786 515 859 ortum,
539 772 706 841 videlicet
719 780 922 841 contractus
936 767 1027 838 alios
1041 765 1113 835 dici
1164 771 1236 840 cilii
1250 771 1527 844 communicatio
1544 784 1615 855 est,
1638 771 1692 840 rei
1715 769 1916 841 carissimae
1934 788 2042 836 usum
2066 784 2152 833 con-

127 878 243 946 bonae
259 875 361 959 fidei,
388 877 478 947 alios
495 876 606 947 stricti
623 875 720 946 iuris.
767 874 978 942 Contractus
994 871 1112 940 bonae
1165 876 1307 960 cedere,
1333 889 1496 966 utsupra
1514 875 1648 944 dicttun
1672 887 1741 943 est:
1774 873 1847 942 Sua
1870 869 1998 964 cuique
2018 868 2151 938 domna

128 977 210 1047 fidei
233 989 332 1059 sunl,
365 979 404 1046 in
428 980 557 1075 quibus
580 978 698 1072 aliqua
722 1000 796 1046 non
818 987 1023 1066 nuncupata
1045 972 1114 1040 lin·
1164 992 1325 1071 receptus
1339 979 1385 1049 sit
1400 1004 1476 1047 non
1490 977 1689 1047 violandus.
1742 976 1843 1067 Quae
1861 974 1967 1042 verba
1987 994 2029 1040 er
2044 970 2154 1061 septi-

127 1105 208 1172 gua,
227 1093 348 1149 tamen
362 1096 511 1174 propter
527 1082 776 1177 aequalitatem
791 1080 974 1149 debentur.
1008 1075 1114 1145 Unde
1166 1106 1225 1148 mo
1250 1083 1341 1150 libro
1357 1077 1607 1173 Xenophontis
1627 1081 1666 1148 in
1685 1078 1819 1149 Paedia
1837 1073 2020 1171 Cyri³)·a
2044 1074 2153 1145 ioris·-

129 1180 217 1252 haec
244 1178 493 1281 honestissima
524 1187 641 1255 forma
672 1186 865 1254 verborum
895 1180 990 1272 apud
1020 1190 1115 1247 vete·
1167 1183 1395 1279 consultisffi)
1426 1196 1567 1274 sumpta
1590 1195 1687 1252 sunt:
1722 1181 1847 1276 Neque
1867 1179 2022 1251 sanctior
2052 1179 2153 1250 locus

129 1311 186 1356 res
207 1300 377 1377 usurpata
402 1302 472 1358 est:
505 1286 601 1357 lnter
621 1290 736 1358 bonos
757 1288 848 1354 bene
873 1281 1044 1378 agier‘fl),
1077 1281 1116 1348 id
1166 1283 1372 1358 hominibus
1387 1301 1459 1371 est,
1483 1310 1600 1380 neque
1614 1286 1768 1377 gratior,
1793 1307 1909 1378 neque
1929 1278 2046 1371 magis
2067 1290 2155 1377 pre-²

132 1402 202 1472 est,
229 1403 384 1480 praestet
396 1389 507 1460 homo
523 1386 694 1461 honestus
712 1415 773 1472 ea,
800 1411 891 1482 qnae
916 1383 1116 1455 communis
1166 1391 1247 1481 pius
1273 1415 1335 1460 sua
1360 1391 1486 1486 cuique
1509 1392 1630 1459 domo.
1681 1388 1799 1456 Verba
1815 1384 2024 1456 haecsnntf
2053 1379 2159 1462 Οὐδὲ

130 1491 224 1562 ratio
246 1491 381 1563 iudicat
403 1495 565 1589 aequalia
590 1519 674 1563 esse.
739 1491 786 1560 Et
810 1503 894 1561 sunt
915 1499 1116 1559 contractus
1167 1486 1366 1588 ὁσιώτερον
1393 1488 1535 1586 χωρίον
1568 1491 1609 1564 ἐν
1640 1485 1876 1587 ἀνθρώποις,
1915 1480 2154 1582 oddl'ddtor,

129 1596 369 1688 bonae-fidel,
401 1597 554 1690 emptio,
586 1595 764 1676 vcntllliO,
798 1591 949 1675 locatio,
984 1591 1117 1659 condu-
1168 1589 1255 1668 οὐδὲ
1272 1589 1491 1691 οἰκειότερόν
1509 1594 1609 1667 ἐστιν
1624 1589 1735 1666 οὐδὲν
1750 1593 1855 1665 οἴκου
1869 1586 2038 1685 most).

132 1698 221 1781 ctio,
262 1699 484 1791 depositum,
525 1701 693 1782 societas,
728 1699 874 1789 pignus,
912 1692 1117 1763 commoda-

131 1813 206 1871 tum
231 1813 296 1871 etc.
1169 1770 1226 1838 An
1251 1763 1457 1838 conductor
1481 1769 1671 1860 integram
1688 1763 1897 1835 mercedem
1916 1759 2066 1849 debeat,
2092 1785 2155 1837 re·

235 1904 303 1972 Sed
319 1902 434 1972 stricti
449 1904 537 1974 iuris
553 1916 755 1972 contractus
772 1902 958 1982 dicuntur,
985 1898 1026 1966 in
1040 1897 1117 1990 qui-

129 2008 196 2076 bus
225 2017 365 2074 tantum
391 2020 595 2099 nuncupata
626 2007 746 2097 lingua
773 2006 966 2086 debentur,
1006 2012 1047 2070 ut
1079 1998 1118 2067 in

130 2121 268 2178 mutuo.
314 2108 414 2200 Quia
431 2111 520 2180 dans
537 2120 683 2192 mutuo,
709 2134 788 2177 cum
803 2105 961 2198 potuerit
976 2098 1044 2172 hoc
1067 2103 1119 2170 os·

1283 1870 1455 1962 linquens
1478 1890 1557 1939 rem
1582 1870 1748 1937 locatam
1772 1876 1863 1937 ante
1889 1874 2038 1960 tempus

1532 1974 1784 2042 constitutum.

1270 2105 1562 2175 Familiarissime
1589 2117 1675 2174 nota
1704 2104 1751 2175 sit
1777 2105 1919 2197 regula,
1960 2099 2156 2199 aequalita-

131 2210 250 2280 ficium
268 2211 445 2293 omittere,
463 2237 692 2307 nequaqnam
706 2212 786 2302 plus
804 2208 1014 2298 intelligitur
1028 2205 1119 2273 velle
1170 2221 1241 2277 tem
1257 2234 1330 2279 esse
1347 2212 1484 2283 sontem
1505 2208 1671 2279 iustitiae.
1723 2208 1817 2301 Quia
1840 2206 2069 2279 manifestum
2092 2218 2157 2290 est,

132 2325 168 2383 et
182 2315 309 2382 debere
325 2315 502 2404 recipere,
530 2338 638 2409 quam
655 2325 831 2408 quantum
846 2312 954 2394 dedit,
980 2321 1015 2378 et
1029 2308 1120 2378 sicut
1171 2314 1311 2406 aequali
1327 2311 1615 2404 compensatione
1631 2311 1767 2381 servari
1780 2309 1956 2382 homines.
2006 2299 2104 2382 Nani
2127 2308 2158 2381 si

130 2429 254 2508 pactus
272 2429 335 2487 est.
1170 2440 1340 2507 unapars
1357 2411 1623 2497 exhauriretur,
1649 2413 1767 2505 perire
1791 2439 1869 2485 eam
1892 2426 2032 2485 ne'cesse
2053 2426 2158 2485 esset.

235 2519 440 2589 Conclusio:
482 2518 653 2602 Locutio,
688 2529 889 2588 contractus
919 2526 972 2583 est
1001 2515 1118 2583 bonae
1169 2518 1216 2586 Et
1241 2518 1337 2588 Deus
1365 2512 1457 2587 hanc
1484 2518 1736 2613 aequalitatem
1771 2515 1944 2603 instituit,
1987 2510 2158 2612 inquiens

128 2621 232 2704 fidei,
267 2636 301 2690 et
326 2635 366 2691 ut
391 2623 586 2716 aequalitas
609 2635 788 2705 servetur,
823 2620 1024 2687 conducens
1044 2639 1118 2683 non
1171 2618 1316 2715 (Matth.
1346 2620 1413 2706 19,
1442 2619 1541 2717 19.):
1593 2619 1726 2710 Diliges
1759 2621 1963 2712 proximum
1997 2618 2090 2691 sicut
2122 2631 2158 2688 te

132 2738 339 2817 corrumpat
362 2748 419 2795 res
441 2727 592 2808 locatas,
619 2752 684 2795 nec
703 2723 889 2793 defraudet
910 2721 1118 2788 locatorem.
1171 2725 1307 2816 ipsum,
1342 2737 1382 2793 ut
1407 2749 1638 2815 agnoscamus
1661 2735 1697 2791 et
1719 2723 1835 2816 ipsum
1860 2722 2045 2819 aequalem
2070 2744 2162 2806 esse,

129 2824 215 2896 ldeo
233 2854 290 2898 res
306 2830 535 2897 conducentis
556 2830 715 2897 invectae
733 2828 771 2894 in
788 2829 935 2895 domum
953 2824 1119 2903 locatam,
1171 2854 1245 2896 non
1261 2841 1474 2921 tyranuum,
1501 2839 1535 2896 et
1557 2826 1646 2895 velle
1669 2822 1833 2898 homines
1857 2841 1892 2895 et
1913 2827 2067 2921 angelo-s¹
2081 2850 2161 2927 nou

133 2931 309 3020 obligatae
333 2942 416 2999 sunt
436 2931 590 3001 locatori
614 2945 787 3023 tanquam
807 2928 956 3019 pignus,
980 2936 1014 2993 et
1035 2949 1119 3015 pro-

131 3044 213 3124 pter
229 3034 429 3101 mercedem
451 3035 657 3116 locationis,
692 3045 727 3100 et
747 3041 895 3124 propter
919 3053 976 3097 res
998 3051 1119 3094 corrn-

132 3147 223 3226 ptas.
266 3134 385 3203 Verba
402 3147 518 3206 textus
535 3136 574 3204 in
590 3135 743 3227 Digestis
757 3130 844 3204 haec
862 3143 954 3203 sunt.
980 3130 1042 3199 lib.
1056 3131 1118 3202 20.

132 3237 171 3304 in
201 3237 305 3306 titulo
332 3235 374 3306 ln
406 3238 597 3334 quibusffl)
627 3238 739 3309 causis
778 3236 906 3329 pignus
928 3233 985 3300 vel
1006 3229 1120 3325 hypo-

132 3334 353 3411 thecatacite
369 3339 612 3426 contrahitur,
634 3334 1120 3433 tegeP01np0niuse),P0m-

132 3441 263 3533 penius
287 3444 426 3528 scribit,
457 3470 534 3514 non
555 3446 671 3515 solum
691 3462 758 3536 pro
780 3439 1032 3533 pensionibus,
1058 3439 1120 3507 scd

133 3543 240 3613 etiam
258 3546 342 3642 sim)
359 3548 572 3617 deteriorem
588 3545 848 3616 habitationem
871 3542 995 3612 fecerit
1017 3542 1118 3632 culpa

134 3671 198 3718 sua
212 3647 430 3741 inquilinus,
452 3650 647 3745 invectam)
670 3663 705 3718 et
730 3649 827 3715 illata
850 3645 994 3738 pignori
1017 3656 1123 3713 erunt

134 3749 301 3841 obligata.
351 3750 398 3820 Et
414 3754 453 3820 in
468 3753 598 3822 Codice
619 3753 658 3820 in
675 3752 779 3820 titulo
795 3752 838 3818 de
857 3751 973 3817 locato
990 3761 1024 3816 ct
1039 3771 1122 3814 con-

133 3854 259 3936 ducto,
283 3854 362 3944 lege
379 3854 475 3924 Certi
489 3855 578 3925 iuris
595 3853 726 3947 est³²),
756 3877 812 3922 res
827 3851 944 3920 illatas
960 3849 1122 3941 pignoris

133 3955 211 4026 iure
228 3957 354 4028 teneri.

166 4226 215 4296 27)
235 4229 291 4282 Clo.
310 4230 343 4279 de
361 4226 431 4278 offic.
450 4225 495 4275 111.
513 4238 536 4277 e.
553 4224 592 4276 11.
612 4222 638 4285 S.
658 4223 702 4272 61.
721 4221 803 4272 ettam
821 4221 900 4284 epist.
912 4221 948 4271 ad
965 4221 1028 4270 lom.
1041 4220 1068 4285 7,
1084 4221 1124 4270 12.

167 4328 265 4396 28J1n
291 4329 402 4393 quibos]
437 4328 478 4377 sic
509 4329 536 4376 in
561 4328 611 4376 boc
636 4324 717 4375 titulo
742 4323 882 4388 Digestor.
908 4322 1040 4385 scriptum
1064 4326 1124 4388 cst3

202 4400 288 4449 satu.
305 4399 410 4448 Emis:
435 4410 469 4445 ex
485 4397 589 4459 qulbus.

169 4499 224 4619 29}
237 4501 345 4617 llttglqstl.
362 4501 382 4548 1.
399 4500 464 4617 19719
474 4500 527 4626 jtit.
539 4498 565 4550 2.
589 4499 652 4563 lege
664 4498 691 4548 2.
715 4495 813 4559 (corp.
839 4493 891 4546 tur.
915 4493 969 4548 civ.
993 4495 1036 4545 ed.
1050 4495 1125 4545 Beck

168 4672 217 4732 ³⁰)
236 4669 319 4720 etiam
338 4668 378 4728 st]
398 4669 440 4717 sic
457 4668 542 4718 Editt.
559 4668 663 4733 Ethtc.;
688 4668 718 4718 tn
735 4667 842 4728 uigeat.
858 4665 978 4733 legttur:
1005 4667 1033 4714 et
1052 4665 1084 4718 st.

167 4776 216 4836 at)
234 4771 400 4836 inquilinus,
425 4770 548 4830 travecta]
572 4770 613 4819 sic
630 4770 714 4822 utut.
732 4772 837 4834 Ethtc.;
867 4769 984 4832 Digesta
1009 4769 1123 4820 habent:

203 4842 370 4962 ivfflmus'
402 4850 454 4902 quo
476 4839 584 4888 nomino
602 4852 635 4888 ex
653 4840 744 4890 locato
762 4854 822 4891 cum
841 4851 873 4890 eo
892 4839 946 4888 erit
963 4838 1051 4904 actio,
1078 4837 1124 4886 in-

167 5013 216 5079 82)
235 5013 302 5063 Cod.
315 5012 363 5062 tv.
381 5010 422 5059 tit.
437 5009 480 5057 65.
497 5009 561 5070 lege
573 5008 597 5058 5.
629 5008 727 5068 (corp.
746 5008 797 5058 tur.
815 5009 867 5058 etv.
885 5009 928 5058 ed.
947 5009 1020 5058 Beck
1045 5008 1075 5059 ’1.
1091 5007 1122 5058 ll.

202 5084 232 5134 Ρ.
249 5082 269 5132 l.
289 5095 314 5145 p.
328 5077 402 5142 4¹2.)
422 5078 553 5139 scriptum
572 5079 630 5128 est:
656 5077 733 5126 Certi
752 5077 819 5125 turis
839 5082 897 5133 est,
916 5090 964 5141 eo,
984 5089 1054 5142 igniac
1071 5089 1123 5125 vo-

201 5152 307 5204 luntate
333 5147 503 5198 dominorum
527 5145 618 5195 coloni
643 5146 670 5195 tu
695 5145 803 5195 tenditur
827 5146 988 5197 conductum
1006 5147 1122 5195 traduxe-

201 5222 275 5284 rint,
302 5217 425 5282 pigrioris
449 5215 508 5265 ture
532 5214 650 5264 dontnls
674 5214 848 5276 praediorum
874 5215 971 5264 teneri.
1009 5215 1122 5275 ociando

201 5292 293 5342 cutem
311 5286 547 5347 comunimus,
572 5295 627 5333 non
644 5286 689 5332 est
706 5282 866 5332 necamur
881 5283 910 5332 to
936 5285 1018 5334 retus
1042 5282 1122 5331 todit-

202 5359 255 5411 otts
273 5357 318 5408 vet
335 5354 422 5406 illotis
439 5353 556 5407 scteotta
573 5351 691 5419 tantun
722 5361 786 5403 nan
809 5363 842 5402 eo
865 5362 974 5416 quoque
996 5350 1122 5417 otgoorts

201 5426 263 5479 lure
281 5428 419 5477 tenentur.

1172 2956 1244 3000 esse
1267 2944 1459 3024 tyrannos,
1492 2930 1529 2998 id
1552 2942 1623 3013 est,
1654 2954 1729 2997 non
1747 2932 1898 3023 superbe
1920 2930 2009 3017 alios
2035 2926 2160 3023 oppri-

1171 3058 1287 3116 mere,
1313 3033 1385 3101 imo
1404 3032 1520 3124 angeli
1536 3030 1613 3101 Deo
1636 3034 1833 3126 placentes,
1869 3026 2077 3128 quanquam
2099 3056 2161 3102 eo·

1172 3162 1252 3206 rum
1270 3149 1396 3204 natura
1422 3135 1661 3226 praestantior
1685 3147 1737 3204 est
1761 3161 1868 3230 quam
1892 3133 2073 3220 humana,
2106 3148 2161 3235 ta-

1171 3264 1255 3308 men
1271 3238 1361 3307 inira
1379 3234 1543 3308 homines
1558 3264 1632 3310 sese
1649 3237 1839 3322 abiiciunt,
1865 3240 1949 3334 qnia
1964 3237 2069 3309 nobis
2085 3262 2161 3309 ser-

1174 3344 1293 3425 viunt,
1319 3354 1441 3411 nostra
1458 3366 1630 3435 corpora,
1657 3354 1766 3425 tecta,
1792 3343 1959 3425 lectulos,
1983 3342 2083 3413 locos
2100 3364 2160 3411 cu·

1173 3447 1333 3516 stodiunt
1357 3457 1421 3514 etc.
1480 3446 1595 3536 Magis
1620 3445 1728 3514 etiaim
1749 3445 1877 3514 abIecit
1897 3470 1934 3514 se
1953 3444 1982 3514 F
1984 3444 2071 3516 ilius.
2090 3442 2161 3514 Dei

1174 3549 1417 3642 omnipotens,
1467 3549 1530 3643 qni
1557 3574 1624 3641 pro
1655 3549 1758 3618 nobis
1788 3562 1940 3617 mortem
1979 3544 2161 3620 sustinuit.

1174 3652 1269 3720 Hace
1296 3664 1498 3741 congruunt
1519 3678 1598 3721 curu
1625 3650 1718 3721 dicto
1741 3649 1889 3745 (Psalm.
1912 3651 2004 3737 115,
2024 3646 2060 3723 5.
2079 3650 2160 3745 ’6.);

1174 3757 1270 3825 Deus
1293 3757 1411 3849 quiin
1433 3754 1512 3823 altis
1535 3750 1690 3837 habitat,
1724 3764 1759 3823 et
1781 3749 1932 3824 humilia
1953 3753 2100 3847 respicit
2122 3755 2164 3825 in

1175 3860 1272 3927 coelo
1290 3872 1324 3927 et
1341 3859 1379 3927 in
1395 3872 1503 3928 terra.

1277 3961 1367 4031 Cum
1383 3959 1493 4053 igitur
1511 3958 1707 4054 aequalitas
1730 3958 1769 4027 in
1790 3960 2029 4033 contractibus
2050 3958 2161 4057 quac·

1174 4065 1284 4133 reuda
1299 4065 1363 4149 sit,
1388 4062 1446 4133 hic
1462 4064 1569 4133 etiam
1585 4063 1829 4132 consideretur
1847 4062 2041 4157 aequalitas
2066 4062 2168 4137 inter

1175 4172 1374 4237 mercedem
1396 4179 1432 4236 et
1454 4169 1607 4237 fructum
1634 4167 1874 4237 conducentis.
1926 4165 2050 4261 Sitque
2073 4164 2164 4238 haec

1175 4270 1292 4364 prima
1316 4271 1521 4364 responsio:
1556 4270 1646 4339 Cum
1668 4271 1870 4339 conducens
1889 4269 2062 4364 relinquit
2082 4294 2161 4343 rem

1175 4378 1330 4445 locatam
1350 4375 1425 4446 sine
1440 4396 1544 4443 cansa
1568 4373 1785 4456 necessaria,
1811 4372 2013 4466 pertinente
2038 4374 2086 4445 ad
2107 4374 2163 4445 lo-

1176 4491 1354 4562 catorem,
1393 4490 1455 4548 aut
1476 4501 1572 4559 rem,
1612 4477 1716 4546 debet
1743 4476 1916 4565 integram
1947 4479 2163 4564 mercedem,

1176 4583 1260 4677 qnia
1275 4581 1401 4652 similis
1417 4593 1468 4649 est
1483 4579 1726 4662 defraudanti,
1751 4578 1814 4672 qui
1828 4580 1975 4672 praebet
1988 4581 2162 4671 damnum

1175 4686 1345 4769 locatori,
1380 4686 1435 4754 cui
1457 4685 1585 4753 domus
1606 4695 1668 4752 aut
1685 4682 1816 4752 fundus
1838 4683 1878 4750 ht
1897 4682 2033 4755 inutilis
2056 4686 2162 4777 culpa

1175 4789 1423 4871 conducentis,
1448 4787 1524 4877 lege
1541 4786 1711 4870 Colonns,
1727 4783 1956 4877 Digestorum
1980 4786 2090 4877 locati
2100 4786 2163 4885 ⁸³).

1208 5025 1256 5083 31]
1275 5021 1400 5082 Xenopb.
1419 5017 1574 5082 Cyrenaeo.
1594 5014 1653 5066 vlt.
1673 5027 1696 5065 c.
1711 5015 1738 5064 t.
1757 5013 1783 5076 ς.
1800 5014 1841 5065 19.

1208 5112 1257 5170 34)
1277 5108 1357 5159 cont.
1375 5119 1460 5169 eriora
1477 5121 1503 5169 o.
1516 5106 1577 5158 262.
1595 5103 1719 5155 1101119.

1206 5193 1255 5260 16)
1272 5184 1391 5247 01δὲ-
1407 5186 1505 5250 thou]
1522 5189 1564 5238 ste
1576 5187 1659 5236 111111.
1673 5184 1778 5247 Erotes
1800 5183 1992 5245 xenophontis
2009 5187 2098 5238 verbe
2111 5198 2166 5254 ge-

1242 5265 1327 5312 nutne
1345 5272 1431 5323 supro
1449 5274 1474 5321 p.
1488 5258 1548 5309 262.
1566 5261 1632 5306 atate
1650 5256 1689 5304 18.
1708 5254 1915 5316 exscripstmus.
2008 5276 2011 5281 >
2103 5264 2106 5268 ·

1205 5349 1256 5414 86)
1273 5349 1381 5413 Digest.
1398 5346 1476 5396 xlx.
1494 5345 1535 5396 ttt
1548 5345 1575 5394 2.
1591 5342 1689 5394 boeoti
1707 5340 1848 5406 conducti,
1874 5340 1918 5391 ter
1929 5339 1974 5394 st.
1992 5337 2094 5408 (oocp
2109 5341 2165 5397 lor.

1242 5420 1294 5470 otv.
1315 5418 1357 5470 cd.
1372 5417 1445 5468 Beck
1463 5414 1527 5469 ’1.1.
1546 5413 1577 5465 P.
1594 5413 1614 5464 1.
1632 5426 1658 5475 p.
1672 5410 1759 5467 m).
