4566 5760
124 198 174 276 rs
388 188 1866 269 someraco.uro.anarruoanrrroo1rrcrusraemurn.
1945 142 1949 147 ’
2030 233 2033 241 ,
2090 198 2139 272 rr

125 400 202 468 ges,
225 373 291 442 sed
319 369 512 465 aliquando
542 364 684 455 mitigat
712 366 1015 437 circumstantiam
1043 366 1107 434 ali·
1159 362 1276 447 ciunt,
1300 365 1392 435 fiunt
1412 364 1754 461 calumniatores⁶):
1780 361 1868 435 haec
1891 379 1975 436 sunt
1991 368 2142 441 Menan·

127 500 257 571 quarn,
282 472 491 567 praesertim
513 469 552 537 in
569 469 726 553 casibus,
752 470 941 563 dequibus
961 470 1019 539 lex
1033 493 1109 537 non
1159 465 1216 536 dri
1227 468 1355 552 verba,
1381 492 1473 559 quae
1489 468 1673 538 continent
1686 469 1911 540 utilissimam
1927 471 2144 545 admonitio·

126 578 371 673 principaliter
389 573 560 667 loquitur.
609 570 715 642 Nulla
734 572 830 642 enim
850 572 906 641 lex
923 571 1108 664 complecti
1158 593 1264 651 nem,
1297 570 1328 639 si
1352 571 1474 640 dextre
1501 571 1766 661 intelligantur,
1799 571 2015 662 experientia
2045 579 2142 647 enim

128 706 252 752 omnes
274 702 373 748 casus
395 689 430 745 et
450 676 733 744 circumstantias
746 687 873 766 potest.
924 672 1008 742 ldeo
1023 674 1109 743 dici·
1160 671 1332 758 ostendit,
1358 696 1461 765 saepe
1480 673 1674 744 rectissime
1697 673 1791 743 dicta
1813 675 1851 742 in
1865 676 2068 766 scripturis,
2093 681 2143 751 le-

127 799 186 855 tnr
208 777 374 856 ἐπιείκεια
396 803 469 850 esse
489 779 607 869 legum
624 776 798 870 interpres
809 778 863 872 ι),
891 791 926 846 et
939 773 1027 846 hacc
1042 777 1110 845 mi·
1160 773 1283 864 gibus,
1314 776 1447 866 pactis,
1479 776 1681 846 foederibus
1713 790 1749 846 et
1773 779 2012 850 contractibus
2043 784 2144 853 miri·

127 887 251 977 tigatio
275 907 350 951 non
376 895 472 951 caret
491 881 651 965 ratione,
684 883 746 950 sed
768 880 925 975 aliquam
937 879 1110 973 Superio·
1160 878 1223 946 fiee
1245 878 1454 968 depravari,
1481 891 1671 972 propterea
1699 904 1840 972 semper
1864 887 2069 973 quaerenda
2089 901 2145 974 est

127 1015 203 1059 rem
226 989 340 1078 legem
368 984 539 1080 sequitur.
591 982 681 1052 Cum
703 982 799 1053 enirn
823 996 1042 1053 concurrunt
1057 982 1110 1052 di·
1159 979 1366 1072 principalis
1380 981 1576 1063 sententia,
1598 983 1642 1049 de
1659 1006 1729 1075 qua
1742 984 1800 1052 lex
1812 983 1991 1076 loquitur,
2012 988 2144 1060 deinde

128 1115 249 1161 versae
269 1091 381 1178 leges,
414 1110 505 1180 quae
527 1086 663 1177 pariter
684 1085 822 1156 servari
846 1110 921 1155 non
948 1098 1110 1178 possunt,
1160 1081 1223 1151 nbi
1247 1082 1531 1154 circumstantiae
1553 1083 1712 1155 diversae
1735 1097 1840 1169 sunt,
1867 1093 2070 1180 quaerenda
2092 1108 2146 1166 est

127 1191 361 1287 praeferenda
382 1203 435 1260 est
453 1188 637 1281 superior,
660 1200 719 1272 ut,
744 1189 775 1258 si
790 1188 869 1282 quis
892 1191 988 1281 apud
1006 1201 1039 1257 te
1056 1212 1110 1257 sa·
1162 1184 1397 1277 dispensatio,
1431 1187 1471 1255 in
1494 1187 1647 1276 Digestis
1679 1189 1724 1257 ad
1750 1189 1864 1278 legem
1885 1190 2144 1293 Pompeiam⁷)

128 1322 196 1367 nus
218 1295 376 1386 gladium
396 1292 621 1383 deposuerit,
647 1315 800 1385 eumque
821 1305 984 1382 reposcat
1000 1291 1111 1361 furio·
1162 1290 1206 1356 de
1227 1287 1426 1379 parricidiis
1442 1284 1493 1385 ⁸³).
1544 1287 1742 1381 Imperator
1755 1291 1936 1363 Adrianus
1951 1319 2056 1383 eum,
2082 1301 2145 1394 qni

128 1425 207 1481 sus,
239 1399 295 1466 lex
315 1396 464 1464 inferior
487 1394 585 1464 iubet
605 1394 775 1479 reddere,
810 1407 847 1462 at
869 1395 926 1464 lex
949 1396 1112 1486 superior
1162 1390 1274 1459 filium
1296 1391 1493 1475 occiderat,
1516 1405 1705 1484 propterea
1722 1394 1819 1486 quod
1834 1419 2027 1467 novercam
2045 1404 2145 1474 adul-

128 1512 366 1571 vetatnoeere
381 1498 539 1581 furioso,
563 1495 744 1566 videlicet:
770 1496 959 1568 Neminem
980 1498 1111 1566 laedas.
1163 1505 1326 1577 terasset,
1360 1505 1500 1564 tanturn
1527 1495 1710 1587 deportari
1739 1497 1856 1581 iubet,
1889 1523 1969 1569 cum
2001 1527 2144 1577 summo

128 1602 212 1673 ldeo
235 1602 336 1672 reddi
361 1600 519 1691 gladium
540 1611 648 1670 vetat.
699 1600 772 1671 Nec
796 1612 850 1669 est
870 1596 1039 1672 ἐπιείκεια
1061 1612 1112 1668 te·
1163 1598 1239 1664 iure
1254 1596 1430 1685 privatam
1450 1598 1592 1666 caedem
1607 1597 1730 1668 durius
1744 1599 1865 1669 ulcisci
1880 1606 2049 1693 potuerit.
2077 1609 2146 1681 Sed

129 1708 283 1776 meraria
298 1707 418 1795 legum
433 1716 468 1772 et
483 1701 690 1794 disciplinae
705 1702 858 1785 laxatio,
883 1705 944 1772 sed
958 1704 1111 1793 regenda
1165 1693 1327 1768 adhibuit
1351 1699 1390 1767 in
1416 1700 1604 1771 consilium
1630 1702 1951 1790 circumstantiam,
1982 1708 2147 1783 videlicet

128 1823 180 1880 est
213 1821 307 1877 certa
335 1807 497 1889 ratione,
527 1805 618 1875 sicut
647 1806 754 1897 vulgo
784 1805 929 1875 dicitur:
962 1805 1113 1896 Dispen·
1164 1801 1298 1870 iustum
1319 1802 1431 1893 patris
1461 1804 1635 1875 dolorem.
1692 1804 1799 1896 Apud
1820 1806 2066 1899 Gellinmdib.
2085 1817 2145 1892 12.

129 1912 220 1983 satio
236 1911 268 2005 ⁶)
303 1932 377 1978 non
412 1909 458 1977 sit
492 1906 689 1997 dissipatio.
755 1907 849 1978 Nam
880 1920 1004 1976 contra
1035 1908 1112 1976 iura
1165 1927 1242 1993 cap.
1258 1903 1293 1975 7.
1307 1903 1543 1996 Areopagitae
1558 1907 1712 1976 liberant
1726 1908 1913 1979 mulierem
1923 1913 2148 2007 Smyrneam,

131 2028 280 2083 naturae
297 2025 331 2080 et
346 2023 471 2079 contra
487 2010 541 2080 ius
555 2009 719 2079 divinum
733 2035 808 2079 non
822 2023 906 2081 sunt
919 2012 1114 2079 conceden-
1166 2030 1258 2108 quae
1282 2031 1420 2076 veneno
1445 2009 1615 2079 maritum
1644 2011 1778 2081 eteius
1807 2012 1920 2082 filium
1945 2036 2147 2106 necaverat,

130 2119 197 2186 dae
228 2114 437 2184 laxationes.
497 2113 567 2183 Sed
601 2114 771 2205 exemplis
802 2109 890 2182 haec
923 2115 1010 2183 fient
1035 2114 1114 2182 illu·
1166 2108 1230 2201 qui
1251 2121 1372 2179 tamen
1394 2110 1492 2201 prius
1516 2113 1721 2182 occiderant
1742 2115 1902 2187 mulieris
1924 2120 2059 2207 filium,
2084 2150 2148 2195 na·

131 2220 273 2289 striora.
316 2214 358 2284 ln
373 2216 528 2286 sabbatis
544 2212 799 2287 erantludaeis
813 2212 1015 2307 prohibitae
1032 2240 1115 2308 ope·
1165 2222 1243 2279 turn
1272 2211 1312 2280 in
1343 2213 1459 2304 priori
1485 2215 1665 2307 coniugio.
1720 2215 1958 2311 Areopagitae
1990 2228 2150 2299 tulerunt

131 2347 192 2391 rae
210 2320 439 2415 quotidianae
453 2331 489 2387 et
503 2319 714 2402 continuae,
739 2343 784 2388 ne
802 2318 1034 2411 impediretur
1048 2318 1116 2387 mi·
1166 2314 1398 2399 sententiam,
1424 2329 1465 2385 ut
1492 2319 1683 2389 centesimo
1708 2344 1804 2388 anno
1827 2336 1927 2414 post,
1956 2352 2063 2400 causa
2084 2332 2149 2401 ite·

131 2424 320 2494 nisterium
341 2421 451 2489 verbi.
511 2420 566 2490 De
588 2416 658 2489 hoc
686 2446 770 2492 casu
790 2423 846 2490 lex
869 2421 1116 2514 principaliter
1166 2440 1248 2484 rum
1265 2432 1547 2507 cognosceretur.
1599 2419 1651 2489 lta
1666 2445 1782 2515 neque
1803 2427 1960 2514 probant
1974 2445 2078 2503 atrox
2098 2436 2150 2505 fo-

131 2528 303 2620 loquitur.
340 2525 424 2595 Non
439 2521 547 2613 igitur
561 2523 720 2593 violabat
740 2521 900 2596 Christus
915 2526 1115 2608 sabbatum,
1166 2518 1277 2602 cinus,
1296 2532 1464 2590 ettamen
1480 2523 1667 2594 remittunt
1682 2550 1837 2616 poenam
1852 2545 2001 2623 propter
2016 2535 2150 2610 iustum

133 2655 213 2699 cum
235 2639 375 2698 curaret
395 2640 599 2716 aegrotum,
620 2650 686 2695 nec
707 2627 890 2720 discipuli,
917 2653 997 2698 curn
1011 2629 1116 2697 velle·
1167 2621 1291 2692 matris
1315 2623 1489 2695 dolorem.
1538 2625 1749 2697 Recitantur
1770 2629 1808 2698 in
1827 2633 1957 2705 fabulis
1971 2639 2080 2708 etiarn
2096 2641 2149 2711 iu·

131 2745 213 2800 rent
240 2731 372 2822 spicas,
410 2727 495 2822 quia
521 2723 589 2797 hae
615 2753 745 2821 operae
773 2753 848 2799 non
872 2731 1116 2822 impediebant
1169 2723 1260 2791 dicia
1285 2725 1425 2810 divina,
1451 2727 1602 2822 ideoque
1625 2732 1670 2798 ad
1686 2730 1782 2802 Deos
1799 2738 1958 2828 exempla
1976 2746 2148 2814 translata

131 2831 371 2903 ministerium
386 2828 498 2901 verbi.
550 2829 646 2898 Haec
660 2832 835 2922 mitigatio
850 2846 927 2902 erat
940 2835 1116 2927 quaedam
1168 2838 1267 2910 sunt,
1296 2841 1337 2895 ut
1350 2829 1607 2918 significaretur
1629 2833 1751 2902 divina
1772 2839 1963 2926 autoritate
1986 2869 2151 2940 compro-

134 2930 302 3006 ἐπιείκεια
327 2934 413 3021 legis
440 2933 484 3000 de
507 2932 675 3015 sabbato,
709 2934 776 3003 etsi
803 2930 926 3003 ludaei
957 2935 1117 3004 acerbius
1166 2927 1247 2995 bari
1270 2929 1387 3019 legum
1411 2932 1694 3023 mitigationem,
1720 2944 2049 3039 propter'aliquam
2066 2974 2150 3041 pro-

133 3035 368 3126 intelligentcs
397 3034 512 3102 otium
542 3034 698 3117 sabbati,
739 3038 977 3126 depravarent
1003 3038 1116 3128 legem
1167 3031 1321 3103 habilem
1342 3033 1532 3105 rationem.
1583 3035 1840 3113 Demosthenes
1866 3060 1990 3118 contra
2013 3051 2153 3122 Aristo·

133 3140 220 3209 falsa
242 3137 536 3228 interpretatione
553 3148 588 3204 et
603 3136 714 3205 nimia
730 3138 940 3223 acerbitate,
965 3153 1007 3209 ut
1022 3164 1118 3211 nunc
1169 3144 1301 3202 cratem
1318 3133 1349 3229 ⁸)
1375 3137 1501 3205 recitat
1522 3140 1594 3207 duo
1617 3140 1747 3210 iudicia
1772 3145 1811 3212 in
1825 3145 2016 3243 Areopago
2035 3179 2057 3224 a
2073 3156 2152 3226 Diis

136 3265 280 3335 quoque
295 3234 592 3331 prohibentuflos
607 3240 703 3311 ribos
721 3240 828 3333 coqui
843 3254 909 3312 etc,
957 3241 1026 3312 sed
1042 3267 1117 3312 mr.
1168 3231 1302 3306 habita.
1354 3235 1397 3307 ln
1419 3240 1530 3308 altero
1544 3235 1644 3312 Mars
1664 3244 1845 3318 absolutus
1867 3264 1939 3337 est,
1964 3256 2152 3329 interfecto

137 3345 189 3435 gis
210 3343 366 3411 cernitur
385 3337 552 3413 ἐπιείκεια
575 3341 612 3409 in
629 3368 713 3412 casu
729 3339 1029 3431 Machabeorum,
1056 3346 1119 3439 qui
1168 3337 1328 3429 Neptuni
1361 3340 1435 3409 filio
1462 3340 1731 3430 Halirrhothio,
1774 3365 1924 3444 propter
1951 3371 2152 3453 stupratam

136 3447 404 3539 praeliabantur
419 3444 456 3512 in
470 3444 617 3514 sabbato
640 3444 693 3539 (1.
710 3446 822 3516 Mace.
839 3453 883 3532 2,
901 3446 991 3543 41.).
1035 3447 1119 3518 Fuit
1170 3440 1297 3512 Martis
1313 3442 1423 3512 filiam
1440 3444 1625 3538 Alcippen.
1656 3447 1795 3522 Deinde
1815 3454 1957 3531 Orestes
1971 3465 2154 3536 absolutus

137 3550 233 3618 enirn
262 3546 500 3617 necessarium
531 3547 686 3617 officium
711 3549 870 3620 defensio
901 3551 1052 3633 civium,
1086 3563 1120 3620 et
1172 3556 1224 3613 est
1246 3558 1394 3636 propter
1414 3547 1637 3619 interfectam
1658 3566 1822 3627 matrem.
1872 3556 1914 3628 ln
1930 3557 1986 3634 his
2001 3568 2153 3653 casibus,

137 3648 288 3720 moralia
313 3649 426 3718 officia
448 3650 645 3720 necessaria
670 3665 754 3721 sunt
769 3656 997 3723 anteferenda
1025 3679 1120 3722 cere·
1170 3646 1333 3716 Deorum
1355 3648 1486 3719 iudicio
1511 3652 1673 3744 mitigata
1697 3670 1749 3725 est
1773 3685 1901 3750 poena.
1953 3665 2031 3738 Etsi
2056 3671 2153 3741 enim

138 3753 289 3835 moniis,
315 3753 345 3822 si
367 3752 600 3844 nonpossint
622 3778 693 3822 una
717 3757 864 3827 servari.
914 3756 961 3825 Et
975 3754 1120 3825 Macha-
1172 3775 1311 3820 summo
1342 3751 1419 3820 iure
1441 3767 1610 3844 poterant
1638 3771 1780 3830 autores
1802 3766 1918 3837 caedis
1940 3768 2065 3844 durius
2089 3799 2155 3867 pu.

137 3857 197 3925 bei
216 3851 285 3926 hoc
310 3854 425 3925 officio
447 3856 637 3933 servabant
650 3858 758 3925 finem
777 3854 883 3928 huius
897 3860 995 3950 legis.
1038 3858 1122 3929 Non
1172 3852 1262 3936 oiri,
1287 3865 1408 3922 tamen
1431 3856 1523 3926 iusto
1545 3859 1663 3928 dolori
1678 3861 1816 3950 ignovit
1828 3866 1944 3940 iudex.
1994 3871 2047 3944 Ac
2067 3878 2156 3947 talia

140 3959 235 4029 enim
252 3953 322 4026 hoc
335 3959 503 4048 agebant,
528 3954 639 4029 uthis
656 3960 824 4051 exemplis
845 3962 1030 4030 abolerent
1043 3963 1122 4032 sah.
1173 3954 1305 4024 iudicia
1326 3959 1587 4030 transtulerunt
1608 3958 1771 4035 homines
1795 3969 1891 4038 docti
1910 3976 1958 4044 ad
1982 3980 2156 4050 autorita-

139 4065 274 4146 batum,
295 4062 356 4132 sed
370 4074 410 4129 ut
425 4060 662 4130 ministerium
674 4063 774 4131 verbi
790 4076 826 4134 et
839 4065 1026 4135 sabbatum
1039 4089 1122 4157 pro·
1174 4070 1246 4126 tem
1268 4057 1447 4145 divinam,
1472 4075 1514 4132 ut
1532 4063 1771 4154 significarent
1785 4084 1880 4142 recte
1898 4082 2045 4149 concedi
2060 4084 2157 4153 miti-

139 4176 342 4258 pugnarent
358 4177 392 4233 et
410 4164 652 4234 defenderent.
1175 4160 1355 4250 gationem
1370 4178 1519 4255 propter
1538 4167 1675 4260 aliquas
1690 4169 1983 4251 circumstantias.
2034 4184 2106 4256 Sed
2119 4189 2157 4257 in

1175 4263 1283 4334 sacris
1298 4263 1410 4335 literis
1427 4268 1581 4357 plurima
1598 4285 1681 4340 sunt
1696 4279 1868 4369 exempla.
1906 4281 2024 4354 David
2039 4287 2078 4356 in
2096 4314 2157 4360 nr.

244 4368 334 4440 Cum
355 4380 474 4436 antem
497 4381 596 4438 tanta
617 4369 664 4439 sit
679 4370 833 4442 varietas
847 4396 993 4444 casuum
1011 4387 1047 4443 et
1063 4399 1124 4444 ne·
1182 4414 1383 4441 ...ω-..-

142 4473 334 4564 gotiorum,
358 4483 488 4539 utnon
504 4471 615 4562 possit
632 4471 675 4541 de
690 4474 855 4543 omnibus
873 4477 999 4545 eodem
1015 4479 1124 4547 modo
1210 4502 1243 4564 o)
1260 4502 1355 4552 veroa
1371 4502 1514 4553 Menandri
1531 4515 1632 4566 preca
1646 4512 1728 4560 sunt:

144 4573 389 4668 pronuntiari,
411 4573 473 4642 sed
490 4572 669 4644 interdum
683 4589 832 4668 propter
845 4577 1126 4651 circumstantias
1278 4565 1636 4704 &ffassissdwlft'
1654 4579 1744 4697 ‘²⁶52
1762 4571 1777 4629 ὅ
1795 4573 1826 4632 δ’
1843 4578 1919 4651 spor
1934 4586 1998 4649 ²⁰⁶⁶
2014 4589 2121 4660 νόμως
2144 4638 2148 4651 ·

144 4703 233 4772 opus
254 4679 319 4759 sit,
349 4687 411 4744 aut
440 4677 706 4745 exacerbatione
731 4678 870 4771 aliqua,
903 4695 964 4751 aut
986 4684 1125 4774 mitiga·
1245 4707 1300 4756 vro.
1323 4655 1478 4758 Μειιιίίιιιί
1492 4713 1519 4760 et
1543 4658 1871 4783 Ριίιῗίίιίςιιιίαίίίιίίὶιιε
1899 4722 1942 4777 aa
1973 4728 2005 4778 A
2028 4728 2157 4788 nerum

144 4783 260 4864 tione,
287 4765 473 4868 diligenter
494 4774 583 4847 haec
606 4779 769 4848 doctrina
791 4783 839 4850 de
857 4779 1027 4856 ἐπιείκεια
1044 4811 1127 4854 con·
1246 4790 1272 4839 1²·
1289 4776 1350 4828 ²2⁵·
1367 4777 1401 4828 N·
1418 4779 1574 4833 ιιΧΧΧΙΧ.
1593 4785 1616 4836 ιι.

144 4885 331 4953 sideranda
350 4894 420 4961 est,
445 4880 553 4974 idque
569 4894 693 4950 monet
710 4884 901 4955 versiculus
918 4886 1125 4958 Menandri:
1211 4858 1243 4927 ⁷)
1249 4862 1968 5002 ,¹1¹¹¹⁰5¹&³2sso³lsslffgfflpffflffifl⁸lffaffigh?{³33
1968 4888 2068 5016 ἐξὲξ
2080 4891 2160 5014 3:⁰⁴

144 4986 255 5078 Leges
270 4997 352 5056 sunt
368 4982 543 5074 optimae,
567 4985 628 5054 sed
645 4983 708 5078 qui
723 4986 830 5056 nimis
846 5001 947 5058 acute
963 5015 1020 5061 cas
1036 4993 1128 5083 aspi·
1249 4998 1363 5116 {mll‘f
1381 5000 1461 5120 tupi
1477 5004 1499 5121 ti
1511 5005 1601 5069 Pomp.
1628 5007 1708 5090 conr.
1725 5014 1811 5092 arur.
1829 5018 1898 5070 onir.
1913 5020 2027 5075 cremer
2046 5024 2158 5082 dissert

145 5174 349 5189 ...........
1396 5076 2160 5218 ...tatu

1215 5201 1249 5267 a)
1267 5206 1372 5268 mrsu.
1391 5208 1515 5262 xrvtn.
1532 5213 1558 5262 ε.
1582 5210 1677 5276 (corr.
1696 5217 1746 5269 nr.
1770 5223 1822 5274 ur.
1848 5210 1889 5276 to.
1906 5231 1980 5281 nack
1998 5235 2027 5285 r.
2040 5236 2061 5286 1.
2080 5236 2111 5288 r.
2126 5238 2157 5292 u

179 5298 209 5362 l)
229 5299 383 5360 interpres]
403 5299 444 5350 sic
461 5301 511 5350 Ed.
529 5300 622 5366 taam
645 5303 695 5353 tot
716 5303 790 5354 ¹5⁴⁰.
809 5303 984 5367 interpretes.
1251 5287 1276 5335 Ρ·
1297 5275 1363 5323 ¹⁰⁰⁵
1381 5280 1448 5339 ull·

257 5400 262 5411 .
379 5399 385 5412 ,
915 5406 921 5418 ·
973 5405 979 5418 .
1216 5341 1249 5401 8)
1265 5343 1457 5396 Demosthenis
1469 5359 1539 5409 quoe
1552 5357 1862 5414 aspernamentum
1874 5366 1983 5428 pul..
2000 5371 2163 5430 mmo.

180 5399 209 5462 5)
231 5401 418 5461 aneruatro]
438 5401 478 5449 stc
495 5400 544 5452 Ed.
566 5401 657 5465 mog
682 5402 731 5453 Ed.
753 5403 826 5454 toto.
846 5404 1006 5468 Dtssrpotro.
1254 5409 1297 5461 ter
1315 5413 1389 5465 tom.
1408 5415 1427 5467 t
1445 5429 1472 5478 p.
1488 5417 1548 5473 4⁰8.
