4544 5766
80 192 180 268 1287
292 190 399 267 XVll.
448 190 731 267 ENARRATIO
764 188 1024 266 ousrtoltls
1058 186 1308 307 CICERONIS
1337 192 1440 266 PRO
1470 193 1601 271 REGE
1634 200 1898 284 DEIOTARO.
1999 206 2100 291 ΜΒ

76 380 147 440 tus.
231 367 362 463 Iamsit]
394 365 526 437 scilicet
548 379 742 437 accusator.
827 366 1066 460 Mniedimiot]
1115 363 1289 435 amisisset
1302 365 1347 436 ei.
1409 371 1593 467 Pmuisset]
1617 372 1749 448 scilicet
1760 377 1964 457 Deiotarus.
2031 388 2099 481 Eo]

76 470 210 540 Servus
240 468 398 540 Caesari.
503 471 642 561 liepem]
682 468 813 540 scilicet
840 467 1064 540 Deiotarum.
1098 467 1245 537 scilicet
1260 480 1399 559 partem
1414 472 1529 562 regni.

78 566 298 670 Tyrannum]
326 572 363 641 id
382 583 453 655 est,
476 596 543 642 nos
563 572 760 642 indicamus
782 584 816 641 te
842 571 1062 656 ¹clementem,
1216 566 1247 662 5.
1261 570 1323 642 86.
1356 575 1505 667 Etenim]
1529 574 1742 671 Exemplum
1767 598 1837 670 est,
1869 613 1942 682 quo
1967 584 2097 683 prohat

76 664 215 768 quanto
241 675 353 766 magis
375 674 513 765 cogitur
533 673 732 746 Blesamius
755 673 913 744 iudicare
934 686 969 743 te
994 674 1062 743 cle-
1112 669 1324 743 Deiotarum
1343 697 1419 742 non
1440 677 1594 749 alienato
1617 683 1738 754 animo
1757 688 1863 760 fuisse
1887 715 1907 759 a
1925 693 2093 767 Caesare:

72 789 245 847 mentem.
326 777 539 870 Tyrannum]
565 777 694 863 idest,
727 779 905 847 crudelem
928 800 1060 867 regern.
1111 771 1308 847 Antiochus
1322 775 1410 844 honi
1427 781 1603 852 consuluit
1615 785 1683 854 sihi
1698 788 1834 884 aliquid
1851 792 1978 864 adimi:
2009 823 2093 891 ergo

73 881 301 971 Existimmr]
333 879 465 963 idest,
507 876 643 952 haberi.
750 882 890 972 Statua]
929 880 1061 949 scilicet
1111 891 1146 947 et
1169 876 1361 949 Deiotarus
1380 879 1469 949 honi
1492 886 1654 956 consulit.
1713 890 1830 963 Verba
1850 895 2020 970 videntur
2038 926 2094 975 so·

72 980 162 1049 item
191 981 383 1052 scribebat:
427 983 645 1055 Confutatio.
719 983 816 1076 Istis]
849 982 981 1055 scilicet
1003 1006 1060 1051 ac·
1110 1003 1216 1064 nare,
1242 981 1345 1074 quasi
1362 981 1407 1052 sit
1418 985 1632 1080 σαρκασμὸς
1646 1003 1681 1059 et
1697 992 1832 1081 ironia,
1859 1001 1960 1092 quasi
1981 1003 2091 1077 dicat:

72 1084 308 1155 cusatoribus.
384 1088 573 1157 Multorum
589 1087 694 1177 enim]
726 1081 878 1156 lroniae.
961 1087 1060 1156 Mul-
1108 1079 1305 1153 Antiochus
1320 1083 1395 1176 ipse
1410 1085 1560 1158 irriserit
1575 1116 1678 1160 suum
1694 1096 1941 1174 infortunium.
2014 1110 2094 1181 Sei.

69 1189 200 1279 torum]
226 1188 359 1279 Aperta
376 1188 512 1271 ironia,
539 1189 641 1282 quasi
657 1187 769 1258 dicat:
796 1189 989 1281 Nunquam
1007 1187 1071 1254 vi--
1105 1188 1221 1278 piane]
1253 1184 1383 1258 Lucius
1413 1189 1532 1281 Scipio
1564 1192 1790 1288 intelligitur,
1827 1227 1901 1274 non
1933 1207 2092 1298 Publius,

72 1278 140 1359 dit.
217 1289 350 1382 Capita]
375 1288 507 1359 scilicet
522 1291 671 1362 abscissa
690 1293 728 1359 in
747 1292 841 1362 loro.
917 1291 1057 1381 Demos]
1108 1287 1171 1381 qui
1188 1288 1273 1357 vicit
1289 1287 1552 1382 Carthaginem.
1604 1296 1671 1367 llic
1694 1303 1789 1373 enim
1811 1307 1941 1379 dicitur
1960 1308 2091 1387 Lucius

72 1390 207 1460 scilicet
233 1405 276 1462 us.
294 1392 402 1462 Msrii
433 1407 467 1463 es
488 1393 617 1486 syllae,
725 1396 889 1486 masaia]
926 1391 1057 1474 idest,
1108 1390 1227 1482 Scipio
1241 1391 1428 1464 Asiaticus.
1507 1400 1636 1490 Ilurro]
1662 1404 1794 1476 scilicet
1808 1433 1920 1506 nsque
1934 1416 1980 1484 ad
1994 1414 2089 1488 Tau.

72 1506 198 1562 contra
221 1506 256 1563 te
280 1496 387 1566 armis
407 1495 610 1568 instructus.
711 1498 902 1588 Sensimus]
934 1494 970 1563 ld
992 1507 1056 1577 esi,
1106 1517 1189 1563 rum
1217 1507 1394 1579 montem,
1435 1494 1505 1581 ita,
1546 1513 1587 1569 ut
1609 1502 1671 1586 iis,
1704 1526 1795 1601 quae
1817 1512 1904 1583 citra
1929 1516 2092 1591 Taurum

71 1595 209 1686 experti
223 1621 356 1668 sumus,
1106 1609 1267 1667 montem
1290 1612 1421 1680 essent,
1454 1624 1529 1670 sese
1553 1605 1762 1683 contineret.
1838 1621 1974 1713 Asiam]
1998 1620 2091 1691 scili.

175 1695 207 1790 5.
222 1697 282 1770 34.
310 1703 477 1796 Eiquem]
491 1699 697 1771 Confutatio
715 1700 870 1770 eiusdem
889 1698 1056 1769 obiectio·
1108 1712 1162 1768 cet
1176 1699 1366 1772 minorem.
1440 1706 1605 1793 Modicia]
1630 1708 1668 1777 id
1688 1726 1760 1798 est,
1784 1715 1951 1811 Assyriae
1975 1735 2009 1792 et
2022 1724 2089 1794 Ar-

69 1800 129 1870 nis
143 1823 166 1868 a
179 1802 332 1876 minore.
395 1804 531 1894 Liberi]
556 1804 594 1871 id
610 1815 680 1886 est,
703 1804 792 1872 nulli
807 1802 883 1893 regi
898 1801 1055 1872 subiecti.
1106 1803 1257 1875 maniae.
1333 1807 1524 1892 Consolari]
1558 1810 1689 1881 scilicet
1712 1834 1861 1912 propter
1884 1825 2086 1917 ademptam

69 1904 257 1998 Blesamio]
290 1905 421 1976 scilicet
441 1906 540 1996 regio
560 1907 691 1997 legato.
766 1908 896 1999 liepno]
925 1904 1058 1974 scilicet
1106 1918 1245 1996 partem
1267 1907 1380 1997 regni.
1455 1911 1614 1999 Furoris]
1646 1916 1778 1990 scilicet
1798 1924 1871 2007 sui,
1902 1926 1986 2020 quia
2011 1929 2086 2021 ipse

69 2003 257 2078 Deiotaro.
319 2008 457 2101 Statua]
482 2009 613 2079 scilicet
629 2008 694 2077 tibi
710 2009 837 2100 posita.
908 2000 1056 2103 Multae]
1106 2009 1202 2078 ultro
1226 2008 1346 2078 intulit
1368 2008 1501 2079 bellum
1524 2011 1709 2090 Romanis.
1786 2031 1925 2116 omnia]
1949 2031 2086 2124 Amph.

69 2108 204 2178 scilicet
226 2109 312 2178 alibi
338 2110 482 2202 positas.
544 2110 611 2180 llic
637 2113 735 2181 locus
765 2110 882 2180 reddit
912 2133 1055 2178 causam
1107 2110 1224 2180 ficatio
1254 2112 1523 2182 beneficiorum:
1565 2114 1752 2192 Summum
1784 2128 1993 2202 beneficium
2023 2151 2086 2216 est,

68 2211 368 2301 splendidiorem,
385 2253 390 2261 ·
409 2226 444 2281 et
477 2225 528 2282 est
557 2214 752 2282 confutatio
777 2211 986 2281 obiectionis
1012 2212 1055 2278 de
1106 2214 1203 2306 quod
1223 2213 1398 2307 reliquisti
1422 2214 1455 2282 ei
1476 2240 1610 2288 nomen
1628 2225 1777 2314 regium.
1864 2237 2085 2326 Beneficium]

68 2325 199 2384 statua.
262 2316 378 2408 Valde]
404 2313 523 2384 lronia
541 2329 603 2386 est.
662 2318 785 2406 Lacca]
811 2315 942 2386 scilicet
958 2314 1055 2405 quod
1105 2315 1287 2384 scilicetin
1303 2341 1339 2386 se
1356 2315 1535 2389 collatum.
1611 2326 1794 2417 Iudicium]
1819 2336 1950 2406 scilicet
1969 2342 2087 2410 ‹lecre-

70 2428 187 2484 statua
204 2415 319 2506 posita
343 2430 395 2488 cst
418 2418 636 2509 interreges.
712 2418 897 2508 Invidiam]
924 2415 1055 2485 scilicet
1105 2430 1181 2486 turn
1211 2420 1255 2486 de
1285 2443 1341 2501 se,
1381 2418 1463 2512 quia
1487 2422 1599 2491 multa
1621 2430 1758 2520 egregia
1785 2445 2087 2514 senatusconsulta

69 2518 137 2586 tibi
153 2518 308 2590 Caesari.
368 2522 519 2612 Rostris]
545 2520 825 2591 sciliceteoloco
842 2523 1053 2588 adstatnam
1104 2521 1300 2589 factasunt
1328 2520 1565 2608 aRomanis,
1604 2532 1701 2619 quod
1725 2534 1856 2608 scilicet
1878 2543 2004 2633 dignus
2028 2549 2085 2631 sit,

70 2621 328 2692 collocandam.
404 2625 608 2715 Deplaasu]
634 2623 838 2692 Confutatio
855 2623 898 2691 de
914 2622 1053 2712 plausu,
1105 2621 1168 2714 qui
1181 2621 1227 2691 sit
1240 2646 1323 2705 rex,
1343 2636 1378 2692 et
1392 2624 1566 2696 afficiatur
1584 2623 1733 2704 honore.
1809 2643 1938 2734 Mapno
1955 2654 2085 2738 animo]

68 2723 204 2793 scilicet
217 2727 316 2817 quod
335 2723 401 2793 tibi
425 2749 500 2793 non
515 2726 718 2816 plaudatur.
794 2723 1053 2814 Obstupefactis]
1104 2723 1376 2794 Commendatio
1390 2724 1552 2796 Deiotari
1567 2732 1611 2799 ab
1627 2737 1817 2811 autoritate
1825 2743 2086 2825 Romanorum.

67 2825 106 2894 id
122 2840 192 2909 est,
216 2827 397 2919 perculsis.
474 2827 567 2920 Ipsa]
593 2826 631 2896 id
648 2841 717 2911 est,
742 2841 886 2918 practer
901 2825 1054 2894 admira·
1207 2823 1238 2918 5.
1254 2829 1315 2898 SI.
1341 2833 1531 2918 Peperisse]
1556 2833 1592 2901 id
1610 2848 1680 2921 est,
1707 2865 1942 2935 comparasse.
2020 2859 2084 2926 Pa-

69 2929 219 2999 tionem.
288 2932 572 3024 Praetermissus]
598 2930 729 3000 scilicet
749 2930 903 3021 plausus.
973 2930 1053 2998 Vul-
1104 2933 1184 3016 ctis]
1217 2931 1349 3000 scilicet
1371 2934 1476 3000 rebus
1500 2936 1615 3023 gestis.
1719 2947 1811 3028 Quae
1830 2958 1938 3040 enim]
1970 2953 2085 3048 Argu.

63 3023 166 3127 μανι]
197 3030 329 3102 scilicet
356 3056 563 3116 commune,
602 3033 817 3123 protritum,
859 3030 973 3124 qualis
1001 3043 1054 3099 est
1104 3045 1263 3102 mentum
1281 3058 1300 3101 a
1317 3035 1476 3104 moribus
1492 3048 1668 3110 etnatura
1686 3043 1864 3121 Deiotari:
1896 3054 1990 3124 Boni
2007 3061 2085 3151 plu-

67 3134 225 3226 plaugug,
1104 3135 1506 3221 rislaciuntbenelicin‚
1538 3166 1646 3233 quam
1672 3145 1843 3238 improbi;
1876 3172 1928 3228 est
1952 3161 2007 3228 vir
2031 3162 2085 3231 in.

171 3236 259 3327 Cap.
275 3232 365 3308 Xlll.
389 3231 420 3327 5.
436 3234 498 3308 85.
522 3237 658 3309 Minio
673 3239 740 3329 me]
755 3235 926 3328 Purgatio
942 3234 1054 3327 suspi-
1105 3238 1263 3328 telligens
1287 3239 1477 3321 virtutem,
1510 3254 1545 3310 et
1568 3268 1691 3318 amans
1712 3251 1870 3327 virtutis:
1904 3285 1988 3353 ergo
2009 3289 2083 3336 non

68 3337 182 3409 cionis
195 3338 368 3420 Caesaris,
394 3354 429 3408 et
443 3340 594 3432 opponit
610 3340 663 3407 illi
677 3339 869 3430 suspicioni
883 3338 1052 3407 beneficia
1104 3341 1172 3409 erit
1187 3340 1357 3431 ingratus.
1435 3347 1528 3428 Quae
1550 3352 1658 3434 enim]
1682 3352 1920 3445 Amplificatio
1944 3364 2085 3440 virtutis

66 3440 241 3513 Caesaris.
292 3440 388 3510 llaec
407 3443 527 3512 omnia
546 3442 638 3512 dicta
659 3454 744 3512 sunt
764 3441 937 3523 suaviter,
962 3441 1053 3509 mol·
1103 3442 1277 3514 Deiotari.
1379 3449 1639 3536 Imperatorum]
1672 3454 1801 3526 scilicet
1824 3460 2084 3544 Romanorum.

66 3543 150 3614 liter
165 3558 201 3615 et
210 3543 403 3635 sapienter.
475 3547 589 3638 nutri]
613 3543 785 3636 Epilogus
805 3542 949 3613 alterius
970 3566 1053 3634 par·
1104 3548 1280 3631 Omnibus]
1311 3545 1442 3616 scilicet
1463 3545 1749 3638 imperatoribus.
1824 3569 1928 3652 Asia]
1955 3568 2084 3663 Regio.

67 3648 114 3717 tis
135 3660 208 3732 est,
241 3645 451 3717 Deiotarum
482 3672 558 3716 non
586 3646 693 3717 scrisse
717 3645 834 3715 alieno
858 3671 877 3714 a
901 3646 1051 3715 Caesare
1103 3672 1165 3717 nes
1177 3647 1282 3716 Asiae
1307 3661 1341 3717 et
1356 3648 1535 3740 Europae.
1608 3657 1828 3750 Coruipnata]
1854 3668 1889 3736 id
1915 3683 1986 3756 est,
2012 3688 2085 3747 trs.
2115 3688 2121 3703 ·

67 3750 211 3835 animo,
237 3773 317 3820 cum
340 3751 610 3820 confirmatione
626 3749 814 3819 dictorum.
890 3752 1052 3818 Praeter·
1103 3751 1196 3835 dita,
1221 3751 1375 3841 prodita.
1432 3755 1522 3837 Quid
1532 3757 1591 3840 sie]
1618 3756 1891 3840 Commendatio
1906 3795 1927 3841 a
1942 3774 2085 3853 virtute.

64 3853 222 3945 missum]
249 3852 380 3923 scilieet
396 3855 492 3947 quod
508 3853 686 3945 pertineat
704 3853 749 3920 ad
772 3851 1051 3919 confutationem
1101 3858 1259 3941 Summa]
1285 3853 1373 3924 Vide
1397 3849 1434 3925 5.
1455 3855 1738 3935 Tusculanarum
1756 3867 2014 3960 Quaestionum
2024 3880 2084 3976 ⁸¹).

67 3954 302 4027 obiectorum
382 3961 461 4026 Non
481 3958 587 4048 enim]
619 3954 843 4046 Propositio:
877 3951 955 4044 Ego
973 3952 1049 4022 scio
1101 3958 1199 4042 Sola]
1223 3955 1355 4026 scilicet
1373 3970 1414 4027 nt
1426 3956 1547 4030 Stoici.
1597 3960 1721 4036 Primo
1744 3975 1895 4061 opponit
1913 3977 2082 4054 beneficia

63 4072 100 4128 te
122 4058 233 4130 fidum
256 4070 294 4128 et
314 4081 458 4150 gravem
486 4083 578 4143 esse,
615 4058 678 4152 qui
706 4056 880 4149 promissa
911 4078 1050 4125 summa
1103 4057 1274 4130 Caesaris.
1332 4058 1472 4129 Deinde
1495 4060 1598 4131 dicit:
1633 4064 1698 4138 Est
1721 4070 1777 4139 vir
1800 4098 1927 4167 magna
1953 4081 2082 4156 virtute

65 4163 136 4230 fide
157 4173 326 4255 praestes.
414 4161 556 4252 Vereor]
586 4156 690 4254 quasi
714 4160 826 4229 dieat:
859 4156 1051 4228 Deiotarus
1100 4160 1302 4254 praeditus,
1341 4175 1376 4231 et
1400 4187 1476 4232 non
1500 4164 1729 4254 magnifacit
1760 4172 1863 4250 istam
1898 4179 2083 4274 iacturam,

66 4287 143 4334 non
159 4275 211 4335 est
224 4262 345 4333 animo
362 4285 381 4330 a
396 4261 664 4344 teabalienato,
688 4286 764 4331 non
778 4261 855 4331 odit
874 4274 919 4331 te.
996 4266 1051 4331 Ns
1101 4265 1199 4360 quod
1228 4265 1347 4337 amisit
1375 4265 1532 4360 aliquam
1559 4281 1697 4357 partem
1722 4278 1839 4367 regni:
1878 4281 1987 4374 igitur
2007 4314 2083 4362 non

62 4368 128 4438 iiii
143 4366 256 4458 ilium]
281 4362 488 4448 Peroratio,
512 4365 552 4432 in
569 4389 641 4460 qna
664 4363 820 4457 primum
843 4374 972 4457 purgat
993 4388 1050 4434 su-
1100 4367 1178 4437 odit
1199 4379 1247 4438 te.
1321 4369 1422 4454 Soio]
1447 4367 1651 4441 Academici
1674 4389 1709 4444 et
1722 4376 1947 4473 Peripatetici
1971 4391 2081 4465 virtu.

65 4467 264 4561 spicionem
277 4467 440 4538 Caesaris
458 4471 501 4537 de
515 4468 699 4537 voluntate
714 4465 875 4537 Deiotari
894 4490 979 4557 erga
998 4489 1049 4536 se.
1100 4483 1152 4542 tes
1174 4469 1336 4565 quidem,
1368 4494 1459 4564 quae
1480 4485 1566 4543 sunt
1582 4474 1677 4545 bona
1696 4480 1827 4567 animi,
1850 4512 1988 4562 summa
2010 4498 2081 4566 exi·
2156 4540 2167 4557 .

66 4575 163 4658 Quod
175 4572 284 4662 men]
303 4568 453 4642 Dilutio.
530 4571 633 4664 Quid]
658 4569 784 4640 Ratio:
817 4568 911 4661 Quia
924 4568 1050 4637 memi-
1099 4573 1300 4644 stimarnnt.
1344 4571 1494 4669 Reliqua
1513 4578 1672 4667 corporis
1687 4593 1722 4650 et
1737 4584 1901 4660 fortunae
1918 4593 2083 4669 dixemnt

65 4674 124 4742 nit
157 4672 346 4756 beneficia,
393 4685 428 4741 et
456 4672 626 4743 beneficia
654 4674 759 4765 longe
787 4670 925 4740 maiora
956 4684 1050 4756 sunt,
1100 4700 1174 4747 esse
1190 4674 1396 4747 mediocria.
1447 4676 1558 4748 Stoici
1573 4693 1690 4751 autern
1707 4686 1817 4756 animi
1834 4691 1929 4763 bona
1944 4700 2017 4768 sola
2034 4706 2079 4772 ad

66 4798 178 4872 quarn
200 4775 274 4848 ulla
294 4775 479 4848 maleficia.
557 4778 765 4870 Tribuesdn]
791 4773 922 4845 scilicet
945 4797 1050 4867 pecu-
1099 4777 1301 4847 felicitatem
1317 4778 1431 4848 Iacere
1447 4786 1717 4858 contenderunt.
1766 4790 1856 4864 Vide
1872 4795 2077 4873 Ciceronem

63 4879 166 4964 nias,
189 4890 231 4951 nt
244 4903 365 4971 posses
378 4874 484 4949 huius
506 4878 681 4971 stipendia
704 4878 884 4972 perficere.
983 4879 1050 4949 At-
1101 4876 1189 4952 in5.
1206 4879 1268 4950 lib.
1285 4881 1328 4950 de
1342 4881 1471 4954 finibus
1479 4881 1539 4981 ⁴⁹).

62 4981 159 5076 iera]
184 4980 315 5053 scilicet
328 5006 408 5051 cum
429 4981 503 5073 ipse
517 4983 652 5052 foveret
665 4993 784 5073 partes
799 4977 1049 5071 Pompeianas.
1201 4977 1234 5074 5.
1254 4982 1315 5053 38.
1359 4988 1468 5072 Haec]
1504 4985 1635 5060 scilicet
1663 4990 1809 5066 virtutes
1839 5023 1912 5069 csse
1939 5006 2013 5073 sola
2045 5019 2079 5077 et

63 5080 317 5183 Pnuum⁴²)]
342 5084 379 5154 id
395 5095 465 5167 est,
490 5107 582 5177 quae
599 5096 718 5154 tamen
735 5083 841 5153 ctiam
857 5080 1050 5175 Pompeius
1100 5109 1239 5157 summa
1262 5087 1370 5158 bona.

63 5258 271 5277 Μ

100 5356 152 5419 a)
169 5356 333 5418 noemin]
355 5355 424 5410 aaa
445 5364 541 5410 vasu
563 5353 635 5419 asur
658 5353 818 5409 crassam
840 5352 866 5405 n
885 5350 905 5403 1.
927 5359 982 5404 aaa
1003 5347 1050 5404 a·
1134 5318 1183 5378 ⁴⁸)
1203 5317 1259 5372 ⁰¹⁰2
1277 5316 1357 5372 ²⁰⁸⁰·
1376 5321 1488 5382 ⁰¹¹⁸*-
1506 5322 1542 5392 ν,
1560 5326 1588 5385 θ.
1604 5327 1648 5380 ²¹·
1665 5334 1694 5382 a
1710 5333 1746 5384 u.

133 5425 208 5479 rent.
1136 5420 1185 5482 ⁴⁹)
1202 5419 1259 5474 0¹02
1277 5421 1312 5473 de
1327 5422 1462 5547 5¹⁰2}th
1479 5427 1523 5481 20.
1540 5428 1576 5478 81
1588 5442 1647 5494 ειη.
