4544 5766
122 204 194 278 471
392 198 594 274 SCRIPTA
616 195 695 271 ΡΗ.
721 193 834 271 MEL.
859 195 926 268 AD
951 195 1162 271 Erfflcau
1186 196 1253 270 ΕΤ
1278 194 1535 271 POLlTICEN
1561 194 1871 272 SPECTANTIA.
2056 195 2144 273 ’332

224 378 358 448 Contra
388 370 454 444 hos
482 371 702 465 perniciosos
732 368 873 442 errores
893 370 1035 442 necesse
1057 384 1111 443 est
1162 395 1242 440 cum
1258 372 1491 443 naturalibus.
1536 371 1670 442 lterum
1688 370 1869 455 e'stenini,
1894 370 2057 463 politicos
2072 395 2151 439 ma·

123 483 214 553 bene
235 475 512 573 praemuniri⁶¹)
533 487 691 560 mentes,
724 487 759 544 et
780 487 922 559 tenero,
956 475 1043 568 quid
1067 475 1113 545 sit
1162 475 1328 565 gistratus
1349 471 1482 545 habere
1505 486 1716 565 potestatem
1739 474 1917 544 condendi
1937 497 2019 547 suas
2042 486 2150 567 quas·

125 596 280 677 potestas
297 579 461 672 politica,
489 591 524 647 et
539 603 629 672 quae
648 578 694 647 sit
708 578 915 670 principalis
931 602 1050 660 causa,
1075 591 1113 647 et
1163 579 1247 646 dam
1262 580 1376 670 leges,
1400 581 1461 649 sed
1482 601 1573 671 quae
1595 601 1672 646 non
1694 589 1853 670 pugnent
1874 603 1954 647 curn
1975 576 2151 646 naturali-

126 687 253 756 ubisit
275 684 312 752 in
335 707 421 751 voce
446 680 566 751 divina
591 682 751 751 instituta
777 693 811 748 et
833 681 1050 773 approbata,
1078 694 1113 751 et
1161 682 1245 764 bus,
1284 706 1408 750 verum
1431 681 1502 750 sint
1528 680 1841 770 determinationes
1867 678 2151 749 circumstantia-

128 791 225 883 quod
250 798 477 855 conservetur
500 783 612 853 aDeo
635 783 844 879 mirabiliffl)
873 783 1041 867 consilio,
1078 797 1113 853 et
1163 808 1243 852 rum
1269 786 1454 853 addendae
1478 783 1618 872 generi,
1659 796 1693 851 et
1713 783 1785 852 sint
1807 785 1909 877 quasi
1931 781 2150 851 adminicula

127 894 172 960 ad
190 914 297 986 quem
310 891 417 958 finem
434 900 673 957 conservetur.
1163 886 1250 956 iuris
1266 886 1451 956 naturalis.
1485 885 1534 953 Ut
1548 885 1604 954 lex
1616 897 1768 954 naturae
1783 886 1884 955 dicit:
1910 886 1939 955 F
1941 885 1993 954 rlu
2006 897 2042 954 et
2055 883 2151 953 filiae

229 992 294 1061 Est
324 991 431 1081 igitur
452 1003 608 1082 potestas
629 990 774 1081 politica
801 1001 957 1082 potestas
990 986 1111 1056 aDeo
1163 989 1235 1058 sint
1254 983 1424 1058 haeredes
1439 1001 1642 1079 parentum
1702 988 1772 1056 Sed
1797 989 1853 1057 lex
1873 989 2151 1080 magistratuum

130 1096 315 1177 ordinata,
339 1092 791 1184 utsitcustosdisciplinae
814 1105 849 1160 et
871 1091 987 1184 pacis,
1014 1092 1132 1160 iuxta
1164 1091 1352 1174 discernit,
1378 1114 1537 1185 quaeres
1553 1102 1692 1159 tantum
1711 1093 1757 1159 ad
1772 1115 1888 1160 mares
1904 1091 2152 1160 transmittan

129 1199 223 1289 leges
247 1210 417 1279 naturae,
455 1208 490 1264 et
514 1208 748 1287 congruentes
770 1196 882 1286 leges,
922 1190 1113 1263 cohercens
1166 1206 1242 1278 tur,
1272 1216 1363 1288 quae
1379 1195 1426 1261 ad
1442 1192 1595 1287 puellas,
1622 1206 1657 1261 et
1673 1190 1782 1261 hahet
1795 1194 2016 1285 probabdem
2038 1193 2152 1262 ratio·

133 1314 167 1369 et
181 1300 332 1393 puniens
346 1297 470 1389 poenis
486 1298 730 1389 corporalibus
744 1309 981 1366 contumaces.
1164 1321 1259 1375 nem.
1324 1295 1421 1364 Haec
1444 1307 1598 1387 potestas
1618 1297 1737 1386 legum
1761 1299 2028 1367 condendarum
2053 1320 2152 1364 coru·

233 1402 328 1470 Haec
351 1400 508 1469 definitio
532 1401 661 1470 tradita
686 1413 738 1470 est
757 1424 777 1468 a
800 1399 933 1481 Paulo,
975 1396 1038 1492 qui
1060 1397 1114 1464 in·
1165 1394 1339 1489 prehensa
1369 1411 1421 1468 est
1449 1398 1486 1465 in
1514 1397 1609 1466 dicto
1632 1398 1835 1468 Salomonis
1856 1399 1980 1494 (Prov.
1997 1400 2033 1484 8,
2054 1394 2151 1493 15.):

131 1505 209 1600 quit
230 1504 352 1599 (Rom.
369 1505 428 1587 13,
444 1505 479 1573 3.
497 1502 570 1599 4.);
613 1504 842 1594 Magistratus
871 1513 923 1570 est
951 1499 1114 1588 minister
1164 1501 1234 1569 Per
1260 1527 1317 1570 me
1344 1494 1444 1592 reges
1468 1513 1639 1591 regnant,
1678 1512 1713 1569 et
1745 1502 1877 1572 iudices
1903 1502 1994 1573 iusta
2021 1500 2154 1572 consti·

131 1608 216 1690 Dei,
258 1620 298 1676 ut
326 1606 373 1676 sit
394 1601 527 1675 honori
548 1608 645 1676 bono
672 1605 774 1697 operi
797 1618 830 1673 et
851 1603 980 1674 terrori
1005 1604 1112 1672 malo.
1165 1616 1281 1674 tuunt.

131 1709 217 1779 Vult
240 1722 359 1779 autem
380 1708 535 1779 discerni
560 1710 656 1777 bona
685 1721 720 1778 et
750 1708 844 1776 mala
877 1730 987 1797 opera
1014 1706 1110 1774 iuxta
1265 1707 1300 1776 3.
1336 1704 1500 1773 Tertium
1524 1703 1759 1775 officiumest:
1795 1707 1846 1776 Ut
1860 1705 2089 1798 magistratus
2105 1705 2153 1776 sit

130 1835 296 1882 normam
312 1812 506 1903 sapientiae
530 1812 690 1894 divinae,
725 1811 823 1881 cuius
845 1809 965 1878 radius
986 1809 1113 1876 menti·
1165 1822 1329 1879 executor
1359 1806 1562 1876 divinarum
1595 1821 1630 1877 et
1654 1832 1800 1879 suarum
1830 1811 1967 1901 legum,
2013 1808 2051 1877 id
2086 1820 2153 1892 est,

129 1917 196 1986 bus
210 1910 376 1983 humanis
391 1913 517 1982 insitus
534 1926 605 1997 est,
643 1913 774 1982 scilicet
796 1914 892 1982 iuxta
916 1913 1030 2003 legem
1050 1935 1113 1980 na·
1165 1927 1323 1982 exerceat
1337 1908 1479 1992 iudicia,
1505 1922 1540 1977 et
1552 1911 1679 2002 puniat
1694 1925 1931 1983 contumaces.
1963 1909 2037 1981 Lex
2052 1911 2152 1980 enim

130 2032 253 2100 turae,
280 2040 371 2109 quae
386 2028 421 2084 et
436 2016 474 2084 in
490 2015 670 2108 Decalogo
686 2039 846 2107 expressa
864 2026 926 2086 est.
1165 2015 1301 2084 inutilis
1330 2025 1382 2081 est
1410 2013 1485 2082 sine
1509 2014 1726 2085 executione.
1784 2013 1867 2085 ldeo
1897 2017 1942 2084 ad
1962 2012 2153 2085 Romanos

231 2119 326 2190 Nota
359 2117 404 2187 sit
434 2131 469 2186 et
501 2118 618 2188 brevis
650 2118 809 2187 definitio
842 2114 1042 2185 Aristotelis
1076 2113 1113 2180 in
1165 2116 1247 2210 (13,
1263 2116 1316 2214 4.)
1333 2140 1492 2208 expresse
1508 2116 1640 2185 dictum
1658 2130 1725 2188 est:
1749 2118 1831 2189 Non
1844 2121 1974 2188 frustra
1989 2116 2151 2210 gladium

129 2218 165 2294 5.
174 2217 398 2293 Ethicorum:
426 2220 654 2311 Magistratus
668 2233 720 2290 est
735 2234 851 2293 custos
864 2217 1015 2311 legisffl).
1043 2216 1113 2286 Ubi
1165 2221 1266 2309 gerit.
1335 2217 1381 2287 Et
1404 2237 1544 2310 semper
1568 2232 1695 2288 notum
1719 2221 1765 2290 sit
1789 2222 1920 2291 dietum
1944 2215 2149 2290 Aeschinis:

131 2327 195 2396 etsi
213 2349 287 2392 non
302 2325 342 2392 fit
358 2323 493 2392 mentio
510 2349 530 2391 a
545 2323 622 2392 Deo
644 2324 848 2393 ordinatum
872 2346 966 2405 esse,
993 2333 1113 2388 tamen
1164 2323 1269 2393 Nulla
1288 2335 1340 2393 est
1355 2321 1489 2390 utilitas
1510 2321 1658 2412 politiae
1680 2349 1771 2417 quae
1792 2349 1868 2394 non
1889 2321 1997 2395 habet
2016 2333 2149 2393 nervos

130 2430 169 2497 in
186 2429 262 2519 ipsa
279 2427 516 2517 appellatione
531 2426 617 2516 Iegis
633 2421 701 2496 hoc
718 2426 948 2516 intelligatur.
1165 2428 1332 2496 adversus
1351 2424 1480 2493 iniuste
1497 2438 1651 2514 agentes.
1735 2471 1736 2474 κ

233 2530 302 2598 Sed
326 2529 417 2596 ratio
441 2530 624 2599 obscurius
649 2529 799 2612 iudicat,
831 2528 911 2596 ideo
937 2526 1034 2597 Deus
1057 2552 1113 2594 ex·
1266 2527 1301 2598 4.
1336 2527 1511 2621 Quartum
1529 2527 1695 2598 officium.
1735 2529 1792 2599 Ad
1808 2532 2050 2601 executionem
2066 2553 2149 2621 per·

130 2657 248 2727 presse
263 2631 300 2700 in
316 2630 471 2700 Ecclesia
487 2633 669 2716 adfirmat,
694 2658 731 2702 se
745 2645 907 2701 autorem
923 2643 957 2699 et
973 2655 1113 2699 conser-
1164 2629 1254 2699 tinet
1277 2630 1447 2701 custodiri
1468 2630 1689 2715 obedientes,
1721 2632 1758 2701 id
1780 2646 1848 2717 est,
1878 2635 2067 2703 defendere
2088 2657 2152 2703 eos

130 2749 289 2805 valorem
322 2759 395 2804 esse
422 2734 557 2825 politici
589 2735 743 2818 ordinis,
775 2747 815 2803 ut
837 2735 943 2802 Rom.
962 2734 1021 2816 13,
1044 2731 1112 2827 (1.)
1165 2746 1288 2802 contra
1319 2733 1486 2803 iniustam
1517 2732 1744 2819 violentiam,
1787 2736 1869 2830 quia
1899 2737 1939 2805 in
1970 2731 2039 2805 hoc
2070 2735 2151 2827 ipso

129 2839 274 2909 dicitur:
308 2836 504 2905 Potestates
530 2849 747 2929 quaesunt,
780 2834 901 2904 aDeo
928 2836 1113 2903 ordinatae
1165 2837 1325 2928 exemplo
1341 2836 1434 2905 vitae
1450 2835 1636 2927 politicae
1662 2837 1842 2909 vultDeus
1856 2839 2010 2931 conspici
2026 2839 2152 2909 discri-

129 2955 223 3011 sunt.
258 2935 360 3006 ltem
385 2938 487 3032 (ibid.
505 2940 564 3021 13,
579 2938 650 3032 2.;)
686 2937 759 3030 Qui
783 2938 913 3008 resistit
933 2938 1113 3029 potestati,
1163 2963 1247 3007 men
1262 2942 1434 3009 virtutum
1454 2952 1489 3006 et
1504 2939 1693 3024 vitrorum
1719 2954 1759 3011 ut
1771 2967 1923 3014 seramus
1938 2941 2082 3037 qualis
2072 2966 2148 3034 ipse

128 3041 197 3114 Dei
213 3040 433 3112 ordinationi
449 3039 592 3110 resistit.
1164 3040 1228 3124 sit,
1245 3054 1289 3109 et
1312 3043 1409 3135 quod
1432 3040 1651 3113 iudicaturus
1673 3044 1729 3113 sit.
1781 3045 1863 3115 Non
1884 3045 2150 3137 conspiceretur

232 3143 430 3214 Constituta
448 3142 675 3224 definitione,
699 3141 886 3211 recitemus
911 3142 1024 3210 officia
1050 3168 1113 3233 po·
1165 3155 1282 3212 aretem
1305 3144 1513 3227 discrimen,
1550 3145 1580 3213 si
1602 3145 1721 3215 nullae
1744 3161 1858 3218 essent
1880 3148 2038 3219 sontium
2063 3172 2148 3242 poe-

129 3246 264 3318 testatis
286 3244 450 3336 politicae
475 3244 685 3336 praecipua,
717 3256 759 3313 ut
782 3270 800 3313 e
823 3244 969 3335 regione
991 3259 1112 3336 postea
1165 3269 1251 3329 nae,
1278 3258 1313 3314 et
1328 3248 1425 3315 nulla
1441 3249 1501 3315 de
1500 3272 1598 3317 ensro
1614 3244 1860 3321 honestorum

129 3352 218 3421 liant
232 3347 475 3439 conspectiora
491 3347 605 3416 officia
624 3347 812 3416 ministerii
827 3348 1030 3439 evangelici.
1264 3347 1322 3417 Sic
1336 3363 1453 3419 autem
1470 3350 1688 3442 intelligatur
1703 3355 1862 3423 executio
1886 3353 1924 3421 in
1942 3355 2087 3445 poenis,
2114 3365 2148 3420 et

232 3453 265 3523 1.
297 3451 459 3520 Primum
484 3463 554 3535 est,
596 3449 821 3541 magistratus
846 3450 892 3521 sit
913 3476 982 3519 vox
1002 3449 1114 3519 Deca-
1165 3449 1202 3518 in
1224 3450 1448 3538 defensione,
1488 3456 1529 3523 ut
1559 3454 1799 3527 discernamus
1830 3455 2089 3527 armentarium
2110 3468 2148 3523 ·et

127 3556 218 3648 logi,
240 3557 276 3624 id
292 3567 363 3637 est,
390 3553 546 3646 primurn
562 3565 596 3621 et
610 3553 856 3644 principaliter
870 3568 1041 3647 tanquam
1062 3553 1113 3620 vi·
1164 3554 1424 3643 magistratum.
1498 3557 1764 3642 armentarius,
1811 3573 1851 3629 ut
1880 3573 1997 3629 custos
2022 3550 2147 3641 boum,

130 3684 245 3727 carrus
258 3656 351 3725 Iler
342 3681 378 3723 m
393 3680 520 3747 genere
536 3651 695 3724 humano
711 3669 814 3725 sonet
829 3657 941 3748 legem
956 3656 1024 3725 Der
1037 3682 1113 3726 mo
1165 3668 1302 3725 tantum
1336 3673 1436 3728 curat
1462 3684 1613 3752 corpora
1638 3661 1760 3732 houm.
1823 3663 1891 3732 Sed
1920 3660 2148 3753 magistratus

129 3760 261 3843 talem,
295 3758 376 3852 quia
401 3783 510 3849 genus
530 3752 731 3827 humanum
755 3773 896 3851 oportet
920 3784 1113 3878 congruere
1163 3759 1263 3851 prius
1287 3774 1338 3830 est
1360 3762 1566 3854 disciplinae
1591 3776 1707 3835 custos
1729 3778 1876 3857 propter
1897 3766 2049 3856 gloriam
2067 3763 2146 3835 Dei.

129 3889 210 3935 cum
226 3861 400 3954 sapientia
421 3872 455 3928 et
477 3859 706 3929 iustitiaDei.
763 3860 911 3931 Necesse
931 3875 983 3931 est
1006 3863 1113 3952 igitur
1163 3861 1279 3930 Debet
1301 3864 1396 3932 enim
1419 3890 1492 3934 esse
1517 3862 1622 3935 testis
1640 3868 1684 3936 de
1698 3867 1797 3951 Deo
1823 3881 1858 3937 et
1871 3869 1915 3937 de
1932 3868 2065 3938 iudicio
2079 3866 2146 3936 Ilei

128 3961 220 4035 hanc
249 3966 402 4057 primam
425 3987 499 4032 esse
529 3986 652 4031 vocem
680 3963 926 4053 magistratus,
964 3964 1054 4034 sicut
1080 3978 1114 4033 et
1164 3965 1320 4055 primum
1343 3979 1378 4034 et
1400 3967 1656 4059 principaliter.
1707 3971 1834 4041 Postea
1859 3984 1959 4041 curat
1983 3994 2147 4063 corpora.

127 4069 291 4140 Psalmus
314 4065 393 4162 (82,
411 4065 463 4158 6.)
487 4067 605 4134 docet:
638 4064 714 4155 Ego
737 4065 825 4134 dixi:
860 4066 921 4134 Dii
944 4068 1043 4152 estis,
1077 4068 1113 4137 id
1163 4067 1247 4136 Sit
1237 4069 1345 4157 igitur
1366 4083 1482 4141 custos
1505 4071 1613 4141 totius
1634 4072 1740 4162 legis,
1782 4076 1879 4167 quod
1907 4076 1953 4142 ad
1983 4088 2145 4144 externas

130 4185 201 4254 est,
229 4170 384 4240 officium
405 4168 566 4260 divinum
589 4180 768 4259 gerentes,
800 4182 1040 4240 monstrantes
1058 4198 1113 4241 sa-
1165 4169 1321 4240 actiones
1345 4171 1489 4257 attinet,
1519 4169 1647 4265 puniat
1667 4171 1944 4267 blasphemiam,
1975 4174 2146 4269 periuria,

130 4275 300 4367 pientiam
326 4286 361 4342 et
384 4271 553 4342 iustitiam
570 4271 649 4340 Dei.
709 4270 783 4340 Nec
806 4272 902 4346 aliud
925 4268 1113 4362 gloriosius
1165 4296 1272 4362 vagas
1296 4273 1461 4345 libidines
1485 4289 1568 4360 etc.,
1601 4278 1691 4347 sicut
1706 4303 1875 4370 expresse
1895 4279 2065 4399 scriptum
2095 4293 2147 4349 est

130 4377 175 4444 de
197 4375 462 4468 magistratibus
485 4373 555 4442 dici
579 4385 641 4442 aut
667 4373 817 4465 cogitari
840 4387 973 4467 potest,
1005 4403 1111 4471 quam
1165 4375 1287 4468 (Rom.
1307 4377 1366 4461 13,
1384 4375 1455 4473 3)·
1481 4331 1587 4475 8321)
1611 4380 1733 4450 timori
1756 4381 1850 4449 malo
1875 4382 1995 4473 operi,
2022 4396 2058 4452 et
2080 4379 2145 4452 bo·

131 4473 346 4548 hocdictum
361 4477 506 4547 Psalmi.
613 4493 615 4496 ’
1079 4498 1080 4501 ’
1164 4479 1356 4548 noribono
1373 4480 1485 4572 operi.
1523 4478 1611 4551 ltem
1627 4482 1729 4577 (ibid.
1748 4484 1808 4568 13,
1822 4483 1892 4581 4.);
1918 4485 2001 4557 Νοιι
2012 4489 2145 4556 frustra

232 4585 269 4654 2.
302 4580 501 4649 Secundum
530 4578 696 4649 officium.
761 4576 935 4650 Attribuit
955 4578 1051 4650 Deus
1080 4595 1115 4650 et
1164 4582 1254 4674 gerit
1269 4583 1438 4674 gladium.

131 4679 223 4753 hanc
253 4694 462 4774 potestatem
497 4678 721 4771 magistratui
752 4681 917 4773 politico,
961 4697 1002 4752 ut
1032 4710 1113 4755 suas
1183 4745 1186 4751 .

132 4787 304 4882 quasdam
324 4784 416 4874 leges
436 4785 544 4865 serat
578 4783 638 4853 sed
662 4807 890 4878 nequaquam
915 4801 1113 4878 pugnantes
1164 4770 1230 4840 De
1251 4770 1548 4843 111121111110111
1583 4785 1627 4843 11
1658 4774 1995 4866 approbatione
2027 4778 2149 4869 poli-

1446 4875 1528 4945 tici
1553 4877 1857 4968 magistratus.
1912 4888 1916 4895 “

163 5016 212 5085 11)
230 5015 411 5082 praemonui]
427 5014 567 5067 1111111111·
584 5016 677 5083 1112,
697 5017 773 5072 1111
786 5018 1112 5093 111112,11111·1110·
1264 5021 1341 5093 Etsi
1370 5024 1585 5110 conscientia·
1606 5025 1692 5096 satis
1716 5027 1853 5100 munita
1878 5040 1930 5097 est
1950 5030 2148 5140 perspicuis

217 5101 231 5136 l'
357 5100 381 5141 θ.

163 5088 403 5250 ωξζῑζᾚ]
379 5188 419 5239 sie
435 5185 520 5238 mm
535 5185 610 5238 tata
629 5188 657 5238 et
678 5187 775 5252 ΗΜ
799 5188 882 5241 mm·
897 5192 1021 5244 um
1037 5194 1104 5245 mo
1163 5124 1247 5194 dict'
1221 5136 1265 5195 trs
1286 5128 1329 5195 de
1352 5128 1611 5220 approbatione
1626 5129 1763 5221 polrtrcr
1779 5130 2025 5222 magistratus,
2052 5160 2148 5229 quae

198 5257 359 5310 mtserabltt.

164 5362 212 5428 33)
230 5326 344 5414 Alistot.
365 5364 425 5414 xta.
445 5342 548 5411 Ntcom.
566 5360 585 5410 1.
600 5361 636 5411 V.
663 5373 688 5415 c.
703 5361 727 5412 3.
753 5360 834 5423 §.ab
864 5360 922 5415 ἔστι
938 5331 1000 5416 dl‘
985 5381 1000 5416 o
1017 5361 1113 5433 ἄρχων
1196 5361 1319 5428 33)Βί3]
1336 5363 1583 5433 sternutare
1602 5365 1678 5418 1337.
1695 5368 1723 5416 et
1741 5367 1830 5434 1330,
1858 5365 1930 5418 rete
1942 5367 2018 5420 1333
2026 5372 2157 5439 typogr.⁸

189 5428 289 5489 φύλαξ
307 5447 358 5483 too
348 5427 493 5483 donator.
862 5502 865 5509 .
1234 5445 1344 5486 errore:
1368 5434 1409 5488 St.
