4544 5766
199 204 274 276 tel
469 193 671 270 SCRIPTA
696 191 775 269 PH.
796 187 921 269 tidi..
938 188 1005 269 lu
1030 186 1245 272 Eltiiflilt
1269 195 1339 269 E‘l'
1362 195 1618 274 muntem
1642 198 1954 274 SPECTANle
2148 198 2223 273 168

195 369 410 467 ἀτάραχον·
444 365 558 463 πολλὴ
582 363 656 466 γὰρ
682 365 723 440 ἐν
745 366 823 447 τοῖς
844 363 966 457 ὄχλοις
986 359 1010 457 ἡ
1029 358 1186 460 ταραχή.
1237 369 1449 441 Η55515155
1476 385 1560 443 sunt
1589 385 1624 442 et
1653 374 1909 444 contumeliosa
1938 382 2065 441 contra
2093 370 2226 447 115155

197 479 281 550 Non
303 477 411 567 igitur
434 473 652 563 negligamus
673 467 917 558 disciplinam,
950 467 1012 541 sed
1035 469 1187 538 sciamus
1237 473 1552 573 Poteratomnino
1566 475 1768 546 Alexander
1780 501 1855 544 non
1875 477 2070 544 interficere
2080 475 2226 547 Clitum.

200 579 369 650 divinitus
384 574 562 668 praecipi,
584 584 626 642 ut
642 573 751 645 simus
765 570 913 652 intenti,
938 594 1004 639 nec
1026 570 1185 641 laxemus
1237 576 1306 645 Setl
1328 577 1441 667 magis
1463 576 1640 646 abstinere
1665 582 1709 648 ab
1733 580 1907 648 adulterio
1932 578 2049 645 David
2072 590 2227 668 poterat,

199 687 318 752 frenos
334 680 471 749 vitiosis
496 676 759 767 cupiditatibus.
812 672 885 764 Qui
904 673 1027 742 volens
1047 674 1111 745 alit
1132 673 1186 740 in·
1238 703 1317 747 cum
1334 677 1439 747 sciret
1455 704 1490 749 se
1507 704 1525 746 a
1543 678 1620 749 Deo
1634 681 1771 766 iuvari,
1797 682 1826 752 si
1836 680 2011 751 ‘auxilium
2027 692 2175 771 peteret.

201 785 324 853 cendia
350 782 519 851 vitiorum
543 779 703 849 admissis
725 775 916 857 illecebris,
940 777 1062 845 turbat
1075 774 1186 866 Spiri-

199 901 275 957 tum
292 898 473 966 sanctum,
499 907 565 954 nec
590 881 723 972 expetit
741 904 777 951 se
800 878 991 968 gubernari
1014 877 1187 969 aSpiritu

199 1002 342 1072 sancto,
369 986 546 1077 cumipse
571 983 792 1079 contrarium
813 980 930 1051 faciat.
980 981 1186 1051 Postulatur

201 1094 296 1161 eninr
312 1104 345 1158 et
361 1103 484 1160 nostra
502 1087 703 1176 diligentia,
730 1097 769 1154 ut
785 1083 918 1155 Paulus
941 1083 1058 1177 inquit
1071 1082 1117 1177 ⁶⁶)
1141 1084 1187 1150 ad

199 1190 329 1286 Ephes.
346 1189 407 1285 (5,
429 1187 520 1284 15.):
548 1188 736 1259 Amlmlatc
752 1199 926 1269 accurate,
943 1211 1017 1254 nou
1031 1199 1073 1255 ut
1085 1185 1186 1268 fatui,

201 1299 264 1368 sed
279 1309 319 1367 ut
334 1295 509 1387 sapientes
526 1306 590 1363 etc.
602 1292 661 1386 ⁶⁶).
713 1291 803 1359 Cum
826 1289 921 1357 enim
945 1288 1061 1382 inquit
1086 1313 1186 1357 accu-

201 1413 295 1481 rate,
322 1398 515 1489 praeripit,
540 1408 580 1466 ut
594 1395 664 1465 sint
680 1395 719 1462 iu
733 1392 836 1461 nobis
853 1391 1039 1481 cogitatio,
1071 1390 1187 1459 inten-

202 1504 272 1583 tio,
306 1526 390 1571 cura
402 1501 448 1594 Μ)
464 1512 499 1568 51
515 1511 662 1567 conatus
677 1493 897 1587 reprimendi
915 1495 1062 1564 vitiosos
1077 1495 1186 1584 irnpe-

203 1619 269 1675 tus.
321 1604 367 1673 Et
387 1605 432 1671 ad
454 1599 546 1671 hanc
570 1598 919 1690 circumspectionem
946 1610 981 1665 et
1002 1599 1047 1664 ad
1059 1594 1105 1691 ⁶⁸)
1123 1621 1187 1663 no-

200 1721 315 1776 strum
334 1719 501 1774 conatum
518 1705 661 1772 accedat
681 1700 859 1770 invocatio
875 1699 962 1781 Dei,
989 1699 1078 1769 sicut
1094 1700 1185 1767 iufra

200 1835 322 1879 rursus
339 1810 506 1878 dicemus.
558 1805 604 1875 Et
619 1806 751 1875 Paulus
772 1806 815 1871 de
831 1826 905 1873 sese
929 1802 999 1871 iam
1021 1825 1127 1870 senex
1140 1801 1187 1896 ⁶⁰)

199 1913 290 1981 dixit
305 1912 356 2006 (1.
369 1912 450 1980 Cor.
470 1909 505 1989 9,
522 1908 617 2001 alb:
648 1907 783 1996 Sugillo
801 1929 928 1994 corpus
944 1928 1075 1985 meum,
1099 1917 1134 1972 et
1151 1903 1187 1970 in

197 2014 407 2085 seruitutem
430 2011 573 2101 Qu,
600 2035 684 2097 ne„
698 2035 777 2099 cunr
802 2007 891 2076 alios
913 2009 1080 2089 doceam,
1113 2007 1187 2097 ipse

198 2119 284 2185 liam
301 2116 487 2206 reprobus.
559 2178 562 2186 .

198 2266 201 2271 ¹
254 2276 257 2281 ·
305 2235 380 2302 llae
398 2248 431 2303 et
449 2232 582 2303 similes
598 2233 731 2299 inultae
754 2229 949 2298 sententiae
965 2228 1189 2319 praecipiunt

197 2337 304 2406 nobis
334 2336 576 2428 diligentiam,
624 2346 658 2401 et
690 2331 925 2401 intentionem
956 2331 993 2397 in
1026 2332 1188 2421 regendis

200 2439 383 2520 morilms,
417 2464 507 2533 ‹lrrrre
539 2436 722 2527 disciplina
758 2435 896 2504 dicitur.
949 2433 1032 2502 Non
1062 2436 1187 2501 confir-

201 2545 330 2610 uuuula
355 2556 407 2611 cst
427 2541 640 2632 negligentia
664 2539 702 2605 in
726 2533 952 2618 hominibus,
979 2537 1186 2627 praesertim

197 2671 279 2714 crim
297 2646 383 2714 falsa
401 2646 445 2714 sit
464 2645 604 2736 opinio,
632 2665 754 2710 555555
771 2653 918 2709 coriatus
934 2639 969 2706 in
989 2636 1133 2708 bomine
1151 2641 1188 2707 in

201 2749 363 2838 regendis
380 2747 532 2816 externis
555 2746 754 2814 actionibus
770 2743 889 2811 irritos
912 2754 947 2809 et
961 2742 1084 2811 inrirres
1102 2768 1188 2824 esse,

200 2876 239 2917 ac
255 2851 451 2919 necessario
468 2849 556 2930 lieri,
573 2861 613 2916 ut
628 2847 829 2914 Alexander
844 2844 1032 2912 interficiat
1044 2845 1187 2927 Clitum,

199 2953 288 3019 sicut
319 2947 550 3019 Anaxarchus
562 2948 609 3042 ⁰⁰)
650 2947 900 3015 consolabatur
933 2944 1187 3015 Alexandrum.

234 3221 289 3278 55)·
299 3218 393 3268 'tertia
416 3225 502 3264 caiisa
526 3211 660 3262 51111555
684 3235 719 3246 -
742 3214 771 3261 51
798 3210 900 3260 Paulus
922 3210 1022 3273 inquit]
1054 3211 1094 3260 sic
1117 3214 1186 3262 Edd.

269 3287 343 3339 1557.
362 3284 492 3345 51,1550.;
511 3281 578 3331 1111.
597 3280 670 3329 taso.
689 3280 717 3328 51
732 3279 822 3329 15515
842 3279 1187 3332 Ι1551155555551151555

198 3400 203 3408 .
269 3360 313 3407 est
331 3353 485 3416 disciplina,
504 3361 583 3413 quae,
605 3354 635 3398 nt
653 3350 704 3397 boc
722 3350 781 3398 loco
798 3349 868 3397 banc
884 3361 984 3403 vocem,
996 3348 1186 3416 intelligimus,

267 3432 312 3476 est
326 3422 504 3480 assuefactio,
523 3430 592 3482 qrrae
611 3422 655 3468 est
675 3419 702 3465 in
719 3420 857 3479 potestate
874 3419 1006 3467 bumanae
1024 3419 1185 3487 volcentatis,

228 3504 231 3511 ’
267 3501 295 3544 51
307 3496 438 3544 15555155
450 3490 524 3539 circa
534 3498 633 3538 causas
647 3487 820 3546 remotiores,
843 3486 869 3535 11
883 3490 937 3547 est,
955 3486 1028 3536 circa
1040 3487 1186 3538 illecebras

266 3568 295 3614 et
313 3559 551 3617 circumstantias,
571 3568 641 3620 quae
661 3556 830 3605 1511155151
848 3556 1070 3618 delirrqnendum,
1089 3559 1185 3608 5115-

268 3633 356 3682 555115
382 3627 521 3679 laboribus
546 3626 673 3689 reprimit
695 3627 822 3674 errantes
847 3625 1026 3686 cupiditates,
1064 3629 1092 3673 ut
1117 3627 1185 3677 cato

198 3698 200 3702 '
266 3701 343 3749 dixit.
378 3697 508 3746 Homines
526 3695 591 3742 nibil
609 3693 725 3758 agendo,
745 3693 817 3743 mata
834 3704 920 3756 agere
938 3693 1047 3742 discunt
1065 3693 1185 3752 (Colum.

266 3771 300 3819 de
318 3781 350 3817 re
367 3769 438 3815 rust.
458 3765 505 3821 tl,
526 3765 557 3826 t,
575 3762 645 3820 26).
690 3764 783 3821 Quare
799 3762 949 3810 bominibus
965 3763 1081 3824 proponi
1098 3765 1185 3812 bone-

266 3843 328 3888 atos
349 3837 458 3884 labores
477 3844 590 3881 necesse
609 3833 662 3894 est,
682 3830 725 3892 qui
744 3832 771 3877 et
789 3843 838 3891 per
856 3843 921 3880 sese
939 3831 1010 3880 freni
1028 3834 1093 3879 aurit
1108 3833 1185 3894 cupi·

266 3907 396 3963 ditatum,
416 3905 443 3950 et
461 3899 631 3949 assuefactio
649 3899 684 3946 ad
703 3909 748 3946 res
771 3899 902 3947 bonestas
926 3899 1063 3961 agendas,
1088 3900 1185 3961 paula-

198 4016 204 4027 .
266 3977 315 4026 tim
327 3972 411 4023 nectit
429 3970 535 4019 animos
553 3968 587 4017 ad
612 3967 780 4016 intellectum
798 3970 825 4015 et
842 3978 963 4016 amorem
979 3968 1098 4018 11515115.
1140 3969 1186 4018 Sic

265 4045 351 4096 merita
368 4040 440 4091 mala
458 4039 539 4104 vitat,
558 4036 604 4100 qui
622 4036 692 4101 fugit
711 4037 784 4085 mala
800 4036 929 4084 sodalitia
947 4040 974 4085 et
986 4036 1184 4102 inclinationes,

265 4115 310 4177 qui
329 4113 449 4175 lirrgrrae,
469 4106 514 4169 qrrl
533 4105 620 4156 555115
639 4104 770 4166 imperat,
790 4117 824 4152 ne
843 4105 946 4153 temere
962 4109 1109 4168 vagentur,
1128 4105 1184 4154 sic-

263 4187 293 4231 ut
311 4178 459 4230 verissime
477 4175 577 4225 dictum
595 4175 652 4223 est:
685 4174 783 4222 Vitare
803 4177 932 4234 peccate,
957 4178 1000 4222 est
1023 4173 1114 4224 111555
1137 4187 1185 4223 oc-

263 4251 391 4301 casiones
416 4248 610 4307 peecatorum..
652 4244 688 4292 lit
712 4242 878 4303 praesertim
911 4253 960 4290 555
996 4243 1023 4290 15
1048 4244 1184 4310 Ecclesia,

265 4320 394 4371 sciamus,
414 4314 570 4363 mandatum
587 4311 638 4362 Dei
656 4323 737 4369 esse,
756 4314 785 4359 ut
803 4311 932 4359 volrrntas
950 4311 1032 4361 etiarn
1051 4315 1184 4376 repugnet

264 4388 348 4436 vitiis.
386 4376 437 4444 051
455 4384 552 4434 volens
571 4382 621 4431 alit
639 4379 764 4430 incendia
782 4379 911 4429 vitiorum
933 4379 1063 4429 admissis
1087 4381 1183 4430 illece-

263 4457 331 4509 bris,
354 4455 447 4501 turbat
466 4451 597 4512 spiritum
615 4452 750 4514 salictum,
769 4461 820 4499 uec
838 4448 950 4512 cogitat,
970 4448 1184 4511 5551155555-

264 4529 337 4572 ctum
368 4523 429 4568 fore
463 4521 692 4580 gubernatorem,
727 4530 788 4566 crim
814 4517 872 4579 ipse
898 4518 1066 4566 contrarium
1092 4519 1184 4570 155151.

264 4593 332 4641 Nam
351 4594 379 4640 et
397 4592 495 4636 555155
513 4586 657 4649 diligentia
674 4586 823 4650 flagitatur.
857 4586 922 4635 ldeo
941 4585 1043 4635 Paulus
1061 4587 1158 4648 inquit.

231 4679 280 4737 55)
299 4675 440 4736 sapientes
459 4674 526 4731 etc]
546 4671 585 4720 sic
609 4671 676 4724 lidd.
702 4673 777 4725 1557.
801 4676 829 4722 51
855 4672 945 4733 lasea
969 4671 1037 4722 nde.
1062 4673 1136 4723 15511.
1157 4676 1184 4722 51

265 4747 339 4796 1551.
359 4741 508 4802 sepientes.

226 4833 275 4890 57)
294 4829 375 4888 cura]
400 4827 438 4876 sic
456 4825 522 4874 Edi.
548 4822 622 4874 1557.
647 4825 675 4871 51
701 4823 792 4885 lasne
811 4823 839 4875 in
860 4824 926 4875 Edd.
955 4822 1028 4875 1550.
1054 4830 1082 4874 51
1109 4826 1182 4878 1551.

261 4903 347 4949 deest.

228 4988 277 5046 58)
296 4986 345 5044 51]
364 4983 404 5031 515
421 4976 728 5033 Ε11.1557.511560.;
747 4977 854 5024 151211.
869 4979 984 5031 1551151
1001 4981 1074 5029 1551.
1095 4982 1182 5030 deest.

229 5074 278 5130 59)
299 5072 332 5119 15
350 5081 414 5118 sese
433 5066 486 5114 iam
505 5060 603 5128 senex]
621 5063 661 5111 sic
679 5062 746 5112 Edd.
768 5061 843 5112 1557.
861 5065 889 5111 51
910 5065 1084 5128 1561151515,
1107 5067 1181 5117 1550,

259 5146 286 5190 51
306 5139 381 5188 1551.
399 5137 452 5184 ism
471 5146 560 5183 senex
577 5131 613 5180 de
629 5143 701 5180 sese.

224 5226 274 5282 50)
293 5221 472 5273 Anaxarchus
496 5216 644 5279 Abderita,
675 5212 837 5276 disciplinae
870 5215 1017 5266 Democriti
1047 5224 1181 5284 sectator,

259 5290 399 5343 lliomenis
418 5284 564 5348 smyrnaei
582 5285 645 5347 vei,
662 5287 693 5332 nt
710 5283 761 5331 alit
778 5284 937 5345 perbibent,
955 5287 1180 5339 51515515516111

254 5364 382 5419 auditor,
409 5356 478 5405 vixit
495 5366 556 5404 cum
572 5353 730 5404 Alexandro
748 5354 800 5411 aa,
825 5354 1033 5416 15515511οοί55
1051 5371 1118 5407 usna
1137 5361 1181 5406 est

253 5432 364 5494 pratia,
392 5431 422 5478 nt
446 5436 507 5475 eum
532 5423 580 5474 illo
605 5433 712 5485 quoque
736 5423 875 5488 tempore,
900 5435 953 5485 quo
977 5425 1177 5483 adulationibus
1210 5432 1215 5448 ·

1339 780 1466 851 Dicam
1487 782 1595 873 igitur
1617 785 1660 852 de
1686 785 1818 868 causis,
1843 797 1884 854 ut
1906 785 1944 852 in
1957 783 2114 853 Ecclesia
2137 782 2228 850 reci-

1239 895 1372 952 tantur.
1441 882 1482 952 ln
1513 882 1641 976 loseph
1667 886 1824 977 fugiente
1852 888 2069 957 adulterium
2100 909 2226 957 causae

1238 985 1451 1076 principales
1465 1000 1565 1072 sunt,
1592 988 1704 1058 Filius
1720 989 1789 1057 Dei
1804 1013 1972 1080 praesens
1985 990 2025 1057 in
2051 990 2159 1057 corde
2172 985 2229 1057 lo-.

1238 1083 1324 1178 seph
1334 1091 1522 1159 ostendens
1531 1093 1641 1161 verbo
1650 1093 1737 1182 legis
1747 1092 2067 1182 etprornissionum
2075 1087 2228 1183 losepbo

1238 1191 1459 1259 voluntatem
1491 1195 1627 1261 aeterni
1655 1196 1786 1285 patris,
1835 1208 1869 1263 et
1898 1194 2004 1265 simul
2032 1197 2230 1265 accendens

1238 1293 1373 1382 Spiritu
1393 1308 1514 1364 sancto
1538 1321 1601 1365 cor
1622 1298 1715 1378 eius,
1742 1311 1782 1366 ut
1805 1310 2020 1388 repugnaret
2042 1297 2229 1366 incendiis.

1238 1395 1378 1464 Deinde
1395 1398 1519 1489 etipsa
1538 1424 1638 1470 mens
1653 1396 1780 1491 loseph
1804 1401 2005 1470 adsentiens
2021 1401 2131 1468 verbo
2144 1400 2228 1480 Dei,

1240 1511 1275 1565 et
1303 1500 1468 1568 voluntas
1496 1514 1532 1569 et
1562 1527 1624 1570 cor
1655 1505 1905 1594 obtemperans
1935 1516 1969 1572 et
1997 1502 2104 1573 simul
2124 1527 2229 1573 mens

1239 1601 1403 1672 voluntas
1435 1603 1546 1671 libera
1578 1606 1808 1695 gubernantis
1821 1605 1868 1701 ⁰¹)
1904 1605 2163 1674 locomotiram.
2192 1618 2229 1674 et

1239 1715 1384 1771 externa
1414 1708 1585 1777 membra.
1637 1707 1775 1777 Eodem
1803 1709 1975 1777 modain
1994 1710 2142 1779 caeteris
2158 1708 2255 1799 piis=

1240 1805 1439 1895 cogitentur
1456 1834 1581 1879 causae
1599 1811 1787 1880 efficientes
1798 1811 1857 1906 ⁰²).

1537 1979 1733 2048 Materia
1761 1979 1807 2048 in
1834 2005 1930 2074 qua.
1975 2050 1981 2064 ,

1342 2110 1473 2179 Anima
1487 2107 1644 2182 hominis
1661 2126 1713 2184 cst
1727 2115 1946 2198 subiectum,
1974 2139 2065 2208 qnae
2090 2129 2144 2185 est
2162 2117 2228 2187 do·

1239 2212 1412 2283 micilium
1428 2213 1496 2281 Dei
1507 2213 1575 2309 ω),
1609 2229 1644 2283 51
1659 2217 1818 2285 facultati
1834 2218 2059 2308 cognoscenti
2077 2219 2228 2288 conitus·

1241 2328 1335 2384 ctum
1353 2328 1405 2385 est
1421 2318 1618 2389 cerebrum.
1670 2319 1858 2387 Voluntati
1874 2333 1993 2389 acriam
2009 2344 2072 2390 555
2080 2335 2229 2412 oportet

1241 2418 1469 2487 coniunctum
1486 2444 1579 2503 esse,
1606 2434 1644 2489 ut
1658 2422 1793 2511 pariter
1809 2422 1846 2490 in
1867 2425 2050 2494 voluntate
2072 2437 2108 2493 ct
2120 2425 2228 2495 corde

1239 2533 1357 2590 motus
1378 2523 1660 2592 mansuetudinis
1681 2525 1852 2608 sentitur,
1887 2551 1927 2593 ac
1951 2526 2019 2594 nisi
2041 2527 2162 2620 aliqua
2181 2528 2228 2597 sit

1240 2625 1357 2693 cordis
1379 2637 1414 2691 ct
1438 2625 1630 2696 voluntatis
1654 2627 1855 2717 copulatio,
1893 2653 1967 2698 non
1995 2629 2112 2699 existit
2140 2655 2225 2698 vera

1239 2727 1364 2810 virtus,
1378 2728 1439 2796 sed
1457 2728 1648 2797 simulatio.
1694 2729 1741 2798 Et
1758 2755 1863 2821 saepe
1879 2745 1995 2801 motus
2009 2733 2126 2803 cordis
2140 2757 2227 2805 con·

1240 2829 1369 2899 trarius
1385 2831 1472 2918 legi,
1498 2831 1594 2921 rapit
1617 2856 1735 2901 seeum
1754 2833 1945 2916 indicium,
1971 2847 2010 2904 ut
2035 2860 2148 2928 equus
2170 2837 2227 2905 in-

1240 2932 1395 3000 domitus
1418 2956 1601 3002 sessorem.
1654 2933 1774 3002 Officii
1797 2936 1904 3007 etiam
1926 2937 2057 3007 iudicio
2080 2939 2226 3030 langue-

1237 3033 1344 3102 laetio
1361 3034 1517 3116 cerebri,
1544 3059 1635 3127 quac
1660 3038 1775 3106 oritur
1799 3040 1843 3107 ab
1865 3039 2162 3130 intemperantia,
2186 3055 2228 3113 ut

1239 3135 1497 3226 inprecatione
1514 3162 1576 3205 cor
1590 3162 1665 3207 non
1680 3153 1797 3230 potest
1812 3144 1950 3224 ardere,
1965 3168 2044 3212 cunr
2060 3146 2227 3215 turbatur

1239 3239 1389 3306 intentio
1407 3239 1531 3307 dolore
1550 3242 1697 3324 cerebri,
1716 3243 1776 3336 qui
1794 3268 1813 3311 a
1829 3245 1934 3315 furnis
1952 3246 2067 3315 oritur
2080 3249 2227 3321 turban-

1238 3340 1330 3411 tibus
1346 3340 1511 3432 spiritus,
1538 3356 1573 3412 et
1586 3345 1808 3417 laedentibus
1825 3350 2021 3418 cerebrum.

1539 3494 1683 3565 Causa
1711 3498 1931 3569 formalis.

1340 3629 1429 3697 Curn
1447 3631 1489 3696 cle
1506 3631 1703 3701 actionibus
1719 3632 1920 3727 loquimur,
1953 3635 2028 3726 ipsa
2045 3635 2139 3702 actio
2153 3636 2226 3705 lor-

1236 3754 1296 3799 ma
1320 3744 1390 3814 cst,
1417 3733 1581 3802 videlicet
1603 3747 1721 3804 motus
1750 3738 1941 3807 voluntatis
1965 3750 1999 3806 ct
2023 3738 2141 3809 cordis
2164 3740 2227 3809 ob

1306 3936 1380 3983 totns
1398 3937 1543 3996 corruptus
1561 3935 1715 3998 aegerrime
1736 3936 1883 3986 amicorum
1902 3937 2003 3986 mollita
2019 3936 2166 3997 audiebat,
2190 3938 2227 3986 li·

1305 4005 1369 4052 bere
1387 4004 1527 4064 corripere
1544 4005 1674 4066 5515551;
1693 4005 1800 4066 515555
1816 4007 1924 4054 tetidem
1945 4007 2090 4067 alternando
2108 4006 2226 4056 adadu·

1305 4072 1435 4121 lationem
1453 4072 1624 4134 pbilosopbia
1641 4077 1743 4123 abrrsus
1760 4079 1803 4122 est
1821 4075 1848 4123 iu
1866 4076 1985 4135 solatio,
2012 4076 2083 4137 qnod
2101 4076 2226 4127 abm-

1306 4142 1355 4189 dro
1375 4142 1407 4189 ob
1428 4140 1493 4190 Cliti
1517 4142 1626 4190 caedem
1651 4142 1741 4193 animo
1765 4144 1847 4193 anxio
1873 4144 2002 4193 extribuit.
2037 4144 2224 4207 liutgerum,

1304 4208 1409 4273 aiebat,
1430 4210 1472 4257 ius
1490 4212 1518 4258 et
1537 4212 1580 4258 fas
1598 4211 1656 4258 lovi
1673 4212 1814 4272 assidere,
1832 4217 1862 4261 ut
1883 4213 2007 4275 qriicquid
2025 4225 2074 4260 rex
2091 4219 2178 4278 agat,
2196 4214 2224 4262 id

1305 4280 1348 4328 fas
1363 4278 1515 4341 bustumque
1528 4282 1646 4340 putetur.
1682 4281 1746 4331 vid.
1758 4282 1813 4333 lac.
1827 4283 1959 4343 bruckeri
1972 4283 2034 4331 bist.
2048 4281 2224 4345 5511511155.

1304 4349 1333 4398 T.
1352 4349 1372 4395 l.
1394 4362 1419 4409 p.
1441 4346 1533 4403 1157..
1553 4348 1690 4397 Plutarch.
1709 4350 1766 4398 rita
1783 4351 1931 4400 Alexandri
1949 4366 1972 4400 c.
1987 4351 2030 4400 51.
2049 4352 2223 4415 51515515-

1305 4417 1392 4478 cipem
1409 4416 1572 4465 ineruditum
1592 4414 1698 4480 (Opere
1717 4420 1758 4468 51.
1777 4420 1880 4468 Reisire
1898 4421 1928 4468 Τ.
1947 4420 1995 4469 lx.
2013 4434 2037 4481 p.
2053 4414 2136 4485 ln).
2183 4428 2185 4432 ’

1268 4500 1318 4560 61)
1337 4513 1413 4549 mene
1440 4501 1568 4549 voluntas
1591 4499 1679 4549 libera
1701 4505 1895 4565 gubernantis]
1921 4503 1962 4553 sic
1987 4504 2056 4557 1111.
2088 4506 2165 4558 1557.
2196 4512 2223 4556 51

1307 4571 1397 4634 15655
1416 4570 1466 4620 Ed.
1486 4570 1562 4618 1554.
1582 4583 1659 4619 meris
1679 4575 1706 4620 51
1724 4574 1853 4623 15155155
1870 4575 1959 4622 libera
1975 4576 2172 4637 gubernantes.
2267 4618 2270 4629 .

1268 4656 1317 4714 62)
1336 4657 1364 4704 ln
1383 4657 1479 4717 loseph
1497 4655 1618 4717 fugiente
1636 4681 1671 4692 -
1688 4669 1790 4709 causae
1807 4660 1981 4721 efficientes]
1999 4660 2040 4709 sic
2056 4662 2125 4713 aaa
2146 4662 2221 4715 1557.

1304 4729 1332 4774 51
1352 4725 1426 4773 1561).
1446 4722 1504 4786 (et,
1532 4727 1652 4786 exceptis
1675 4727 1769 4778 verbis
1793 4727 1820 4776 ln
1838 4730 2017 4778 antecedente
2033 4734 2099 4779 5515
2116 4730 2222 4798 allatis,
2268 4724 2270 4731 ’

1303 4794 1351 4843 Ed.
1372 4794 1481 4849 laesae
1499 4792 1550 4842 lid.
1570 4795 1663 4845 155115
1687 4796 1773 4845 Utile
1791 4798 1890 4860 loseph
1907 4799 2029 4863 fugiente
2045 4799 2221 4857 sementen.

1303 4874 1403 4911 555555
1421 4861 1585 4923 principales
1603 4867 1679 4914 surrt:
1699 4864 1819 4926 Spiritus
1832 4871 1956 4931 5555155,
1976 4869 2129 4918 accendens
2143 4873 2223 4937 cogi·

1302 4929 1433 4979 tationem
1458 4930 1533 4978 verbi
1559 4931 1644 4981 divini
1667 4933 1694 4981 tn
1718 4939 1808 4983 mente
1826 4936 1940 5000 loseph,
1964 4939 1993 4985 51
2016 4948 2094 4987 mens
2112 4938 2221 5003 155551.

1302 5000 1426 5060 cogitans
1451 5003 1562 5049 verbnm
1586 5002 1645 5051 Dei.
1697 5003 1800 5051 Detrrde
1827 5016 1924 5054 rursus
1949 5005 2071 5067 spiritus
2094 5014 2221 5067 5555155,

1304 5067 1438 5117 155Ιί5555
1458 5070 1628 5119 roltrutatem
1647 5071 1741 5131 loseph
1759 5072 1793 5120 ad
1811 5074 1988 5123 obediendum
2006 5077 2088 5124 verbo
2107 5078 2176 5133 bei,
2195 5085 2222 5129 51

1301 5136 1337 5186 ad
1357 5138 1562 5197 repugnandum
1580 5139 1732 5193 adulterio.
1757 5144 1786 5189 51
1809 5143 1870 5202 1555
1894 5145 2038 5197 voluntas.
2062 5155 2221 5196 commone·

1302 5207 1376 5255 facta
1397 5209 1481 5256 verbe
1501 5207 1564 5266 bei,
1590 5220 1641 5256 stro
1666 5209 1749 5257 etiam
1773 5216 1871 5271 conatu
1894 5223 2051 5276 repugnans
2069 5211 2221 5279 illecebris,
2244 5267 2252 5286 ,

1301 5279 1329 5323 et
1346 5275 1504 5324 anteferens
1523 5276 1677 5325 maridaturn
1696 5278 1752 5328 liei.

1264 5359 1313 5414 65)
1332 5371 1403 5421 quae
1421 5364 1463 5409 est
1481 5359 1644 5409 domicilium
1661 5360 1726 5421 Del]
1746 5363 1787 5422 ¹sic
1801 5365 1867 5416 Edd.
1886 5365 1971 5426 1551..
1992 5366 2065 5419 1557.
2079 5370 2107 5416 51
2125 5369 2221 5432 1555.;

1300 5430 1350 5479 lid.
1374 5430 1447 5478 1555.
1466 5442 1495 5478 ru
1510 5432 1649 5498 5555151
1670 5430 1797 5497 virtutes.
2068 5452 2070 5457 ’
