4544 5766
201 210 276 291 675

201 390 291 459 lium
322 396 437 455 errata
467 377 652 448 toleranda
686 387 788 458 sunt,
829 389 870 445 ut
897 375 1105 447 Aristoteles
1134 374 1189 444 in·

204 492 283 586 quit
297 494 333 562 2.
349 484 596 579 politicorum,
621 478 795 572 quaedam
811 493 928 549 errata
944 481 1063 571 legum
1077 490 1113 548 et
1127 503 1190 570 gu-

204 597 435 664 bernatorum
455 583 638 653 toleranda
655 579 781 677 esse³).
797 618 825 671 [ι

305 692 376 763 Sed
405 702 526 757 tamen
547 683 921 781 discrimensteneatur'
943 681 1037 752 inter
1069 695 1189 776 tyran-

204 823 290 870 num
306 791 520 863 mediocrem
537 786 797 878 magistratum,
822 799 857 853 et
871 785 964 853 inter
980 797 1116 857 atroces
1135 785 1189 855 in-

205 899 332 981 iurias,
357 908 393 966 et
405 918 480 964 non
496 904 631 960 atroces
647 886 850 978 intnegotiis
863 886 1028 980 politicis.

306 1004 364 1071 Αιι
391 1021 464 1068 mom
490 998 614 1064 dictum
642 996 688 1062 sit
718 988 820 1085 (Luc.
838 990 873 1074 6,
889 987 984 1083 35.):
1029 994 1190 1063 Mutuum

204 1111 300 1187 date,
326 1101 414 1170 ntttt
421 1101 504 1195 Ιιἰιιὶο
520 1104 692 1184 sperantes
699 1143 712 1177 ,
736 1096 900 1164 tollantur
921 1103 1111 1165 contractus
1130 1100 1190 1165 ιἰι-

204 1218 258 1277 ter
273 1192 508 1276 Christianos?

309 1305 398 1374 Cum
415 1324 521 1392 supra
541 1299 675 1368 dictum
697 1296 759 1379 sit,
775 1304 777 1308 '
791 1293 1054 1365 distinctionem
1075 1297 1190 1366 domi-

206 1409 352 1479 niorum
382 1405 459 1474 iure
487 1402 610 1471 divino
637 1398 807 1471 sancitam
827 1422 899 1467 esse
924 1398 962 1468 in
982 1411 1189 1492 praecepto:

206 1513 289 1585 Non
312 1511 446 1579 furtum
467 1504 591 1588 facies,
632 1514 806 1572 ettamen
827 1496 914 1601 haee
936 1501 1009 1571 vita
1031 1501 1112 1572 talis
1134 1501 1190 1585 sit,

205 1628 247 1685 ut
259 1613 320 1683 alii
335 1610 487 1681 aliorum
502 1607 608 1677 rebus
622 1618 657 1675 et
671 1603 852 1674 laboribus
868 1602 1061 1695 indigeant,
1084 1628 1192 1699 quae·

207 1717 275 1788 stio
293 1727 363 1798 est,
390 1710 572 1807 quomodo
588 1710 650 1778 fiat
666 1705 954 1777 communicatio.¹

307 1815 538 1907 Respondeo:
561 1811 621 1880 Fit
640 1835 705 1903 per
722 1821 923 1879 contractus
939 1821 1035 1878 certo
1052 1807 1191 1880 ordine.

206 1920 384 1991 Vocabuli
397 1915 556 1986 definitio
577 1914 705 1983 usitata
725 1907 812 1980 haec
835 1910 1006 1980 traditur:
1041 1911 1191 1980 Contra-

209 2039 284 2096 ctus
299 2034 351 2092 est
366 2021 461 2090 ultro
482 2018 641 2109 citroque
658 2012 845 2105 obligatio,
870 2025 948 2081 orta
965 2015 1009 2082 ab
1026 2038 1190 2105 expresso

210 2148 397 2196 consensu:
439 2144 502 2209 seu
531 2131 583 2188 est
603 2116 758 2208 legitima
787 2115 903 2205 pactio
926 2140 987 2186 seu
1009 2140 1191 2207 expressus

209 2250 416 2306 consensus,
437 2247 490 2291 <ex
517 2244 588 2315 quo
620 2219 734 2289 oritur
762 2217 952 2307 obligatio,
993 2217 1191 2310 germanice

209 2331 378 2426 pcnbtung
399 2314 687 2416 vel'beeiutgung
708 2321 764 2390 vel
784 2320 1036 2414 uetpflidtung,
1067 2345 1191 2412 graece

209 2427 454 2528 συνάλλαγμα
469 2452 488 2496 a
505 2427 609 2496 rebus
625 2449 716 2518 quae
736 2425 997 2494 transferuntur
1012 2425 1192 2518 utrinque,

210 2536 267 2605 vel
283 2557 373 2629 quae
391 2532 621 2601 conseruntur
636 2531 679 2596 ad
697 2527 979 2596 translationem.

313 2634 447 2706 Usitate
485 2643 603 2701 autem
634 2641 869 2700 numerantur
898 2639 1098 2699 contractus
1127 2653 1193 2696 no·

208 2764 306 2809 vem:
348 2736 500 2829 emptio,
536 2733 734 2815 mutuatio,
767 2732 933 2815 donatio,
963 2732 1192 2824 permutatio,

211 2842 497 2931 commodatum,
520 2836 672 2919 locatio,
705 2834 977 2925 oppignoratio,
1011 2827 1193 2929 ἐμφύτου-

209 2967 281 3029 σις,
308 2941 521 3032 depositum.

549 3078 843 3160 Mutuatio.

310 3230 488 3303 Mutuatio
506 3240 557 3301 est
572 3240 790 3310 contractus,
813 3228 937 3320 inquo
963 3227 1112 3319 pecunia
1134 3229 1191 3297 vel

209 3363 265 3408 res
283 3335 400 3417 utilis,
422 3333 523 3401 cuius
544 3356 627 3401 usus
641 3343 695 3399 est
713 3331 956 3421 consumptio,
982 3331 1191 3401 transfertur

211 3439 332 3533 gratis,
359 3435 464 3529 oflicii
478 3459 580 3504 cansa
601 3433 638 3500 in
654 3433 817 3515 alterum,
845 3433 963 3528 quoad
979 3432 1191 3518 dominium,

209 3545 268 3616 sed
293 3542 339 3611 ita
366 3553 405 3609 ut
425 3539 471 3608 sit
492 3537 685 3628 obligatus,
724 3548 764 3604 ut
783 3549 863 3628 post
883 3536 1028 3631 aliquod
1053 3549 1191 3631 tempus

209 3647 336 3715 reddat
364 3666 439 3713 non
466 3641 559 3708 idem
588 3638 793 3720 individuo,
834 3642 894 3709 sed
920 3642 1128 3710 tantundem
1152 3641 1191 3709 in

209 3754 390 3828 numero,
406 3745 564 3835 pondere
584 3753 619 3810 et
633 3765 811 3811 mensura.
841 3812 844 3818 ,
945 3796 947 3801 .
1109 3756 1113 3762 ·

210 3907 333 3989 Quare
356 3901 572 3969 inseruntur
594 3894 810 4038 portieutpe
837 3895 965 3988 protis
997 3900 1037 3963 et
1068 3889 1191 3992 officit

634 4016 765 4066 causa.

308 4135 538 4228 Respondeo:
581 4130 631 4199 Ut
654 4129 884 4199 excludantur
907 4128 1089 4220 pactiones
1108 4157 1190 4203 usu·

207 4267 349 4324 rarum,
376 4251 410 4308 et
424 4233 664 4310 mutuationes
680 4235 884 4302 damnosae.

308 4342 372 4415 Est
395 4353 512 4410 autem
537 4360 663 4420 usura,
688 4337 846 4418 lucrum,
879 4336 976 4428 quod
999 4336 1093 4407 ultre
1116 4362 1191 4407 sor-

209 4458 280 4514 tem
299 4442 431 4513 aecedit
446 4454 592 4534 propter
610 4439 764 4508 officium
782 4437 1026 4508 mutuationis.

311 4541 484 4616 Prohibet
500 4555 617 4612 autem
628 4543 685 4614 lex
699 4542 818 4612 divina
836 4553 956 4633 petere
975 4553 1010 4610 et
1032 4541 1189 4633 accipere

82 4686 83 4689 ι
207 4671 373 4730 usuram,
395 4646 480 4741 quia
504 4671 583 4714 cum
606 4647 678 4713 vita
702 4645 778 4716 sinc
801 4643 932 4714 mutuis
958 4643 1095 4714 auxiliis
1118 4668 1190 4716 esse

207 4776 282 4833 non
296 4749 429 4847 possit,
453 4748 549 4819 iuxta
565 4745 657 4816 dicta
671 4743 753 4841 χεὶρ
765 4749 873 4840 χεῖρα
883 4741 1025 4831 eiures,
1052 4740 1190 4821 δάκτυ-

207 4863 269 4936 λος
290 4847 331 4928 δι’
350 4845 549 4925 δάκτυλον.
616 4843 739 4936 Σώζιι
763 4845 804 4921 δὲ
826 4844 921 4942 ἀνὴρ
943 4843 1084 4941 ἄνδρα,
1127 4839 1190 4922 xit

206 4954 307 5046 πόλις
328 4947 493 5050 πόλινθ),
527 4951 631 5034 item,
663 4946 779 5023 δεῖται
800 4946 909 5043 χορὸς
931 4945 1002 5042 μὲν
1021 4947 1104 5061 χεὶρ
1127 4950 1188 5023 καὶ

206 5099 412 5117 ρ·-

239 5162 273 5221 ι)
290 5158 404 5208 armoe
420 5134 503 5206 οιιιι.
521 5153 544 5202 ι.
557 5151 588 5200 ιι.
606 5164 630 5201 e
642 5151 668 5202 ι.
687 5145 770 5235 ιιι
788 5149 831 5201 ec
849 5149 945 5198 stur:
960 5145 1034 5199 eum
1049 5147 1105 5218 γὰρ
1121 5140 1142 5221 ᾖ
1157 5149 1188 5202 ιι

273 5222 328 5296 μὲν
344 5223 450 5293 βέλτιον
473 5216 589 5287 μικρὸν,
620 5215 689 5268 ete
718 5213 818 5277 ἐθίζειν
834 5210 952 5282 εὐχερῶς
969 5214 1043 5269 tem
1060 5217 1124 5278 τούς
1140 5217 1188 5270 rt.

271 5312 343 5364 μοις
361 5291 487 5362 φαῦλον,
511 5285 638 5357 φανερὸν
655 5283 693 5345 ὥς
707 5283 807 5337 tactor
823 5284 898 5343 tetur
914 5281 1053 5354 ἁμαρτιας
1068 5287 1116 5339 καὶ
1133 5288 1189 5340 πῶν

274 5362 436 5432 vagosum
451 5357 498 5410 κιιι·
515 5358 572 5410 τοῖν
587 5351 742 5424 ἀρχόντων.

230 5451 266 5514 6)
284 5451 364 5501 conl.
382 5459 470 5511 οοριο
486 5460 515 5509 p.
529 5446 590 5497 tu.

692 208 709 268 .’
734 204 736 209 ’
762 199 904 273 ‘eum
934 186 1050 275 tffltc
1083 199 1285 275 sculpta
1317 198 1654 276 runouootcat
1705 252 1711 261 -

2146 190 2227 274 bid

1238 371 1330 458 ποὺς
1345 370 1470 458 ποδός.
1518 377 1606 447 Vult
1622 379 1720 450 Deus
1734 379 1772 448 in
1788 368 2067 447 commutatione
2088 375 2228 444 servari

1240 479 1490 573 aequalitatem
1513 480 1714 552 ordinatam
1737 483 1776 552 in
1799 477 1998 574 praeceptis
2013 473 2145 570 (Exod.
2162 480 2227 562 20,

1241 578 1451 675 13-15.):
1479 581 1563 654 Non
1580 585 1734 668 occides,
1757 585 1840 656 Non
1854 576 2116 665 moechaberis,
2142 580 2230 653 Non

1239 686 1371 754 lurtum
1395 681 1533 755 iacies!
1576 684 1631 755 De
1660 683 1726 756 hac
1749 687 1912 757 ordinata
1932 683 2147 778 aequalitate
2171 685 2227 754 in-

1240 788 1318 881 quit
1346 783 1686 886 (Matctr.19,19.):
1727 788 1845 880 Dilige
1875 785 2078 880 proximum
2110 800 2227 870 tuum,

1239 890 1384 960 sicutte
1411 889 1540 981 ipsum.
1605 890 1713 962 ltem:
1744 893 1851 986 Quod
1873 890 1937 959 tibi
1958 913 2033 959 non
2057 889 2112 960 vis
2137 891 2226 973 fieri,

1241 990 1344 1061 alteri
1360 1015 1405 1061 ne
1422 992 1557 1064 leceris.

1340 1122 1395 1193 De
1427 1120 1494 1194 hac
1525 1126 1690 1196 ordinata
1716 1126 1929 1222 aequalitate
1951 1125 2171 1219 intelligatur
2193 1119 2228 1199 et

1241 1227 1416 1295 definitio:
1459 1223 1678 1325 δικαιοσύνη
1701 1227 1776 1302 ἔστι
1800 1224 1978 1303 κοινωνία
2009 1228 2103 1303 θεοῦ
2132 1227 2227 1323 μετὰ

1240 1321 1418 1422 ἰσότητος.
1469 1330 1676 1425 Aequalitas
1699 1346 1817 1403 autem
1834 1333 1879 1403 sit
1893 1332 1993 1416 talis,
2017 1356 2062 1401 ne
2079 1331 2160 1427 quis
2176 1335 2228 1402 al·

1242 1430 1309 1498 teri
1342 1431 1388 1501 sit
1422 1433 1542 1502 efficax
1574 1459 1679 1506 causa
1716 1436 1867 1519 damni,
1919 1447 1959 1504 ut
1992 1459 2071 1504 cum
2105 1460 2228 1507 emens

1242 1556 1366 1623 agrum
1389 1535 1457 1604 -dat
1478 1535 1632 1628 pretium
1648 1538 1866 1628 legitimum,
1892 1549 2053 1607 servatur
2069 1539 2228 1634 aequali·

1242 1646 1314 1718 tas,
1341 1636 1479 1708 etiamsi
1498 1639 1680 1730 possidens
1704 1665 1828 1733 agmm
1849 1639 1986 1734 aliquot
2011 1663 2125 1711 annos
2146 1643 2228 1736 plus

1242 1736 1324 1806 inde
1343 1740 1481 1832 accipit.
1517 1740 1625 1812 Dedit
1640 1744 1733 1813 enim
1749 1745 1902 1836 pretium
1915 1742 2127 1834 legitimum,
2153 1769 2225 1840 quo

1241 1842 1407 1911 venditor
1445 1867 1572 1935 agrum
1607 1847 1744 1931 alium,
1799 1858 1861 1917 aut
1887 1870 1962 1914 rem
1992 1847 2128 1938 pariter
2156 1849 2227 1919 uti·

1241 1943 1310 2011 lem
1335 1967 1450 2014 emere
1470 1958 1604 2037 potest,
1647 1974 1687 2019 ac
1708 1962 1831 2042 postea
1856 1962 1997 2040 emptor
2020 1948 2137 2041 longis
2163 1976 2226 2021 an-

1242 2069 1371 2115 norum
1386 2047 1508 2139 spatiis
1525 2047 1677 2142 amplius
1690 2051 1834 2144 accipit,
1861 2074 1935 2120 non
1948 2077 1991 2120 ex
2005 2052 2142 2137 alieno,
2165 2057 2226 2126 sed

1243 2173 1284 2216 ex
1299 2175 1383 2229 suo;
1416 2163 1456 2220 ut
1470 2175 1547 2221 cum
1566 2156 1700 2226 cineres
1719 2155 1804 2225 emit
1818 2178 1930 2247 parvo
1944 2155 1982 2224 in
1996 2153 2167 2243 Livonia,
2194 2170 2228 2228 et

1241 2275 1373 2343 magno
1395 2254 1519 2323 vendit
1535 2257 1579 2328 ‚in
1598 2257 1744 2351 Anglia:
1779 2259 1927 2327 debetur
1948 2258 2044 2327 enim
2068 2246 2226 2332 accessus

1242 2367 1389 2446 propter
1414 2357 1574 2426 laborem
1606 2373 1641 2428 et
1669 2372 1829 2452 sumptus
1857 2362 2147 2446 transvectionis,
2191 2376 2226 2432 et

1242 2468 1359 2548 potest
1384 2459 1479 2543 lieri,
1512 2473 1628 2533 utres
1649 2464 1726 2556 ipsa
1753 2476 1902 2555 propter
1920 2489 2025 2534 ¹usum
2050 2465 2223 2536 maiorem

1243 2559 1327 2629 alibi
1342 2561 1454 2652 pluris
1470 2563 1542 2633 liat.

1342 2694 1383 2766 ln
1406 2698 1584 2791 emptione
1606 2699 1714 2793 igitur
1738 2699 1792 2770 rei
1813 2703 1997 2774 translatio
2019 2705 2097 2775 fieri
2112 2718 2227 2799 potest

1242 2813 1390 2891 propter
1405 2801 1563 2887 lucrum,
1589 2802 1671 2897 quia
1689 2817 1809 2895 empto
1824 2828 1929 2896 agro,
1944 2796 2078 2900 'postea
2094 2835 2171 2880 non
2187 2837 2225 2880 ex

1244 2902 1381 2986 alieno,
1405 2906 1467 2973 sed
1485 2930 1526 2974 ex
1546 2931 1627 2975 meo
1651 2906 1786 2997 accipio
1810 2907 1968 2992 lucrum,
1995 2911 2078 2980 item
2101 2915 2224 3007 procul

1244 2999 1373 3075 vehens
1389 3030 1463 3077 rem
1480 3031 1592 3098 parvo
1607 3021 1777 3099 emptam,
1801 3002 1905 3079 debet
1917 3006 2049 3083 habere
2065 3030 2224 3109 sumptus

1243 3119 1278 3176 et
1298 3108 1452 3198 pretium
1472 3109 1616 3181 laboris.
1667 3109 1707 3179 ln
1727 3113 1951 3183 mutuatione
1976 3117 2015 3185 lit
2039 3120 2223 3190 translatio

1242 3209 1406 3304 reiquae
1432 3213 1651 3283 consumitur
1670 3240 1755 3298 usu,
1796 3228 1836 3284 ut
1858 3218 2026 3287 frumenti
2050 3223 2224 3293 mutuatio

1243 3315 1286 3380 ad
1309 3338 1426 3384 usum.
1491 3315 1584 3408 Quia
1611 3340 1695 3406 ergo
1717 3341 1773 3388 res
1793 3342 1859 3387 usu
1887 3322 2127 3408 consumitur,
2167 3339 2226 3394 aut

1242 3439 1303 3484 sua
1319 3429 1446 3494 natura
1462 3414 1553 3486 nihil
1568 3417 1698 3510 gignit,
1725 3420 1919 3515 aequalitas
1935 3437 2004 3508 est,
2028 3438 2069 3497 ut
2082 3439 2225 3498 tantun-

1242 3522 1321 3587 dem
1352 3521 1540 3605 reddatur,
1575 3535 1746 3616 quantum
1779 3528 1899 3593 datum
1933 3539 2002 3610 est,
2035 3552 2110 3599 non
2136 3533 2225 3624 plns,

1243 3622 1346 3716 qnia,
1373 3623 1402 3692 si
1420 3625 1498 3715 plus
1514 3628 1738 3709 redderetur,
1763 3627 1799 3696 id
1817 3627 1989 3698 accideret
2004 3655 2071 3722 pro
2095 3631 2222 3720 nihilo,

1243 3738 1277 3792 et
1301 3721 1548 3796 exhauriretur
1569 3730 1740 3812 reddens,
1777 3729 1879 3798 sicuti
1901 3731 2061 3804 videmus
2084 3740 2221 3830 magnis

1242 3827 1358 3899 arsuris
1389 3825 1568 3899 exhauriri
1599 3843 1691 3901 totas
1720 3845 1859 3921 gentes,
1899 3835 1982 3926 quia
2012 3861 2077 3928 pro
2110 3839 2222 3911 nihilo

1242 3934 1450 4002 redduntur.
1499 3929 1606 4017 ltem,
1641 3933 1756 4005 Nemo
1777 3935 1883 4004 debet
1902 3937 2040 4009 lucrum
2055 3945 2222 4039 accipere

1243 4059 1285 4104 ex
1301 4047 1375 4103 n'on
1391 4059 1476 4118 suo,
1506 4060 1562 4106 res
1586 4037 1668 4105 data
1690 4051 1815 4107 mutuo
1836 4040 1972 4110 desinit
1995 4066 2067 4114 esse
2094 4039 2220 4119 danlis.

1241 4138 1335 4228 Ergo
1360 4160 1434 4206 non
1453 4138 1532 4229 plus
1554 4140 1774 4210 reddendum
1797 4154 1860 4214 est.
1917 4143 2104 4238 sicigitur
2129 4155 2222 4222 ordi-

1242 4254 1324 4310 nata
1341 4253 1394 4309 est
1410 4241 1585 4311 mutuatio
1602 4243 1677 4334 lege
1693 4243 1835 4330 divina,
1847 4257 1900 4316 ‘ut
1914 4248 1960 4317 sit
1973 4251 2146 4333 officium;
2173 4259 2221 4324 ol·

1241 4343 1358 4427 licium
1377 4355 1495 4413 autem
1510 4369 1624 4439 neque
1638 4349 1829 4433 damnum,
1844 4372 1968 4443 neque
1992 4353 2082 4423 lucri
2100 4373 2222 4450 capta·

1241 4448 1291 4519 tio
1309 4471 1381 4520 esse
1395 4459 1522 4538 potest.

1341 4585 1420 4658 Sint
1436 4582 1543 4675 igitur
1566 4581 1633 4655 hae
1652 4591 1972 4670 demonstrationes
1990 4596 2221 4674 fundamenta

1241 4690 1278 4757 in
1302 4685 1368 4760 bae
1386 4688 1569 4772 doctrina,
1601 4702 1637 4760 et
1651 4693 1869 4786 ,adiungatur
1893 4698 1949 4766 lex
1962 4698 2041 4773 Dei.
2092 4698 2134 4770 In
2152 4734 2223 4780 em.

1239 4793 1362 4885 ptione
1391 4805 1425 4861 et
1452 4792 1655 4866 venditione
1685 4809 1846 4869 servatur
1876 4804 2089 4896 aequalitas,
2133 4813 2222 4907 'quia

1239 4910 1388 4990 uterque
1417 4893 1552 4988 aliquid
1583 4898 1746 4991 accipit„
1766 4912 1801 4969 et
1825 4916 1876 4973 est
1902 4928 2023 4976 rerum
2046 4912 2138 4982 lacta
2168 4941 2224 4985 cx·

1240 5000 1425 5093 aequatio,
1456 5000 1594 5070 etiamsi
1612 5016 1736 5093 postea
1758 5017 1918 5099 tempore
1942 5012 2082 5103 emptor
2112 5021 2221 5107 sunsit

1239 5103 1335 5194 plus,
1363 5116 1423 5170 aut
1437 5102 1602 5171 venditor
1612 5106 1720 5174 sumit
1733 5107 1833 5197 plus,
1857 5113 2006 5204 propter
2025 5119 2223 5191 suos'labo·

1238 5228 1313 5288 ιιι,
1340 5218 1376 5273 et
1397 5219 1577 5297 sumptus,¹
1601 5207 1684 5300 quia
1705 5221 1741 5278 et
1762 5226 1904 5304 emptor
1923 5229 1957 5285 et
1978 5210 2145 5292 venditor
2167 5251 2222 5296 su·

1238 5316 1341 5378 munt
1354 5309 1434 5399 plus
1448 5330 1490 5382 ex
1504 5310 1664 5400 proprio.
1714 5310 1809 5405 Ergo
1826 5317 1906 5387 talis
1925 5321 2058 5412 emptio
2082 5337 2118 5394 et
2134 5312 2223 5398 ¹ven·

1239 5411 1326 5482 ditio
1341 5423 1393 5481 est
1410 5411 1513 5481 iusta.
2067 5442 2074 5458 ⁸
