4544 5766
157 123 303 262 ¹reor
530 262 533 271 ,
776 170 1650 255 rnn.uec.scanrarnrr.0coc1ct
1815 218 1818 223 ·
2137 179 2222 253 120⁸

208 367 244 426 et
258 352 371 424 alteri.
423 351 523 436 ltem,
536 346 600 424 ἶσα
613 344 774 443 πόλεμον
789 347 835 424 οὐ
853 350 1014 449 noram).
1067 351 1196 421 Pecca-
1248 351 1362 423 sitate.
1413 352 1521 449 Quod
1536 351 1629 421 enim
1647 376 1688 421 ex
1704 353 1909 447 necessitate
1932 353 2093 445 cogimur
2107 353 2226 434 iacere,

208 459 261 527 vit
281 456 389 549 igitur
410 457 555 527 Tubero
582 466 706 524 contra
729 453 958 548 aequitatem.
1027 454 1116 526 'Sec
1139 465 1197 525 to·
1244 446 1535 525 iudicamurnon
1551 457 1676 524 fraude
1692 469 1753 525 aut
1769 459 1853 526 dolo
1868 457 2002 528 fecisse.
2087 454 2223 555 nam]

210 557 306 657 mea]
333 556 393 628 llla
415 550 566 650 regestio
590 557 749 628 criminis
771 556 890 627 reddit
911 581 1053 628 causam
1079 556 1197 625 Tube·
1249 557 1350 651 quasi
1371 558 1480 627 dicat:
1507 582 1591 627 non.
1643 558 1839 630 Necessitas
1861 561 2084 630 mansionem
2107 562 2224 628 confir·

212 663 311 756 ronis
332 661 445 753 magis
469 658 694 730 invidiosam.
796 663 914 754 ltaque
938 655 1056 756 prius]
1093 658 1197 728 Clau·
1248 673 1323 729 mat
1344 685 1409 751 per
1432 662 1663 730 coniecturas.
1739 662 1895 758 Artem)
1917 659 2036 759 egeram]
2065 663 2222 745 Collatio‚

212 752 301 836 sula.
377 767 415 849 Q.
433 758 559 860 igitur]
587 761 765 831 Hactenus
780 762 849 831 fuit
864 761 1068 840 exordium;
1102 783 1198 829 nunc
1249 785 1319 856 qua
1338 762 1436 832 auxit
1450 763 1663 832 orationem.
1737 761 1962 862 Maluiereti]
1989 764 2224 847 Continuatio,

211 864 372 961 ¹sequitur
390 865 573 948 narratio,
598 864 636 931 in
653 887 724 957 qua
740 862 826 931 dicit
842 859 1008 935 honestas
1030 863 1198 944 rationes,
1250 889 1329 934 cum
1361 865 1481 933 omnia
1510 865 1669 933 membra
1702 867 1808 934 unico
1832 867 1940 936 verbo
1963 869 2225 939 concluduntur.

216 993 326 1065 quare
354 967 399 1059 Q.
427 966 590 1058 Ligarius
621 968 799 1057 profectus
825 967 933 1035 fuerit
960 966 997 1038 in
1028 965 1198 1035 Africam.
1250 970 1359 1052 erum
1380 963 1520 1065 legatio]
1549 967 1782 1037 Confirmatio
1805 969 1954 1039 rationis
1976 983 2029 1041 est
2050 994 2071 1039 a
2096 983 2224 1040 contra·

215 1064 381 1168 beamus]
409 1065 630 1152 Stadhalter,
661 1069 724 1162 qni
744 1068 943 1138 addebatur
963 1065 1199 1160 magistratui,
1250 1067 1327 1150 rio,
1353 1069 1539 1160 dupliciter
1555 1094 1576 1138 a
1593 1070 1768 1160 legatione
1791 1093 1831 1139 ac
1852 1071 2022 1163 dignitate
2047 1075 2094 1142 ad
2118 1073 2225 1165 priva-

215 1187 257 1244 ut
271 1173 383 1241 vicem
401 1171 594 1252 obtineret,
624 1169 654 1240 si
677 1171 904 1261 magistratus
928 1171 1013 1240 alibi
1035 1183 1124 1242 esset
1142 1195 1200 1238 oc·
1251 1183 1326 1241 tum
1342 1165 1524 1254 habitum,
1550 1196 1677 1263 apace
1704 1175 1751 1241 ad
1764 1174 1908 1246 bellum.
1985 1173 2149 1275 Legatio]
2171 1172 2225 1247 sci·

217 1288 384 1367 cupatus,
422 1275 512 1345 sicut
533 1271 611 1342 Itali
634 1269 767 1342 habent
787 1273 1021 1364 provisorem.
1085 1273 1200 1362 Argu-
1251 1272 1332 1342 licet
1351 1274 1552 1344 vicariatus.

215 1390 396 1449 mentatur
411 1378 456 1446 ab
471 1377 580 1467 ipsius
595 1376 784 1465 probitate.
861 1371 1036 1472 Correidio]
1063 1372 1201 1442 Averi·
1355 1372 1385 1467 ᾗ.
1404 1375 1440 1447 6.
1464 1372 1623 1473 Nullam]
1649 1376 1838 1447 Conclusio
1853 1378 2155 1463 confirmationis,
2173 1406 2224 1451 seu

217 1481 337 1553 simili.
386 1480 466 1549 Mos
483 1479 578 1547 enim
594 1490 688 1560 erat,
712 1490 751 1546 nt
773 1477 878 1566 legati
895 1503 974 1548 cum
998 1477 1201 1547 consulibus
1247 1479 1411 1569 epilogus
1432 1478 1659 1550 narrationis.
1750 1478 1886 1579 Meam]
1921 1480 2053 1564 idest,
2082 1505 2224 1554 causam.

215 1564 256 1654 in
273 1581 474 1675 provincias
489 1581 592 1649 irent.
670 1576 801 1677 Sociis]
817 1579 968 1649 Partitio
986 1593 1022 1649 et
1034 1578 1202 1650 redditio.
1253 1576 1523 1677 Oclemeatiom]
1550 1579 1724 1652 Excursus
1739 1583 1782 1651 de
1797 1577 1983 1652 clementia
1998 1583 2172 1667 Caesaris,
2193 1586 2223 1654 in

216 1690 333 1779 ltaque
358 1688 398 1770 Q.
422 1678 606 1778 Ligarius]
639 1681 766 1752 Obiter
796 1683 931 1773 spargit
956 1683 996 1750 in
1025 1681 1202 1750 narratio-
1254 1706 1325 1775 quo
1343 1695 1493 1774 occupat
1516 1708 1596 1752 cum
1613 1684 1772 1754 Caesaris
1794 1696 1868 1754 tum
1889 1686 2014 1757 iudicis
2035 1688 2080 1755 de
2103 1711 2140 1757 se
2160 1690 2223 1781 opi-

216 1810 301 1857 ncm
325 1798 553 1877 argumenta,
576 1797 611 1853 et
636 1785 795 1877 primum
819 1797 872 1855 est
892 1783 1201 1854 commendatioa
1252 1784 1411 1853 nionem.
1462 1782 1591 1866 ἄλλως.
1650 1786 1862 1878 Obiurgatio
1885 1787 2109 1873 Tuberonis,
2141 1794 2222 1886 qnod

218 1890 331 1959 iactis.
1254 1899 1356 1976 turpe
1375 1887 1407 1954 ei
1420 1886 1465 1956 sit
1478 1901 1666 1958 consecuto
1682 1889 1982 1974 misericordiam,
2008 1915 2172 1965 accusare
2184 1894 2223 1961 al-

220 2078 225 2085 ,
322 1988 353 2081 ξ.
370 1991 406 2061 3.
431 1986 582 2087 Bellum]
610 1987 794 2080 Separatio
813 2000 864 2058 cst
882 1987 1069 2080 proprium
1086 1988 1202 2078 splen·
1253 2001 1389 2071 terum,
1414 2001 1450 2057 et
1463 1988 1577 2058 videri
1592 1992 1771 2060 crudelem
1793 2016 1867 2063 esse
1887 1993 1926 2061 in
1942 1994 2107 2066 alterum.
2152 1996 2222 2069 Non

219 2091 317 2164 doris
336 2088 490 2162 schema.
563 2087 702 2188 Subito]
728 2088 856 2173 Addit,
881 2091 1041 2160 utnulla
1063 2089 1202 2160 ratione
1253 2090 1372 2160 statim
1389 2090 1529 2175 obiicit,
1557 2094 1653 2186 quod
1675 2095 1783 2163 fuerit
1802 2090 1913 2166 hostis
1929 2096 2103 2170 Caesaris.
2151 2097 2221 2168 ldeo

219 2197 379 2266 futurum
397 2193 530 2263 bellum
546 2191 710 2285 Ligarius
724 2193 904 2262 videretur
919 2193 1075 2283 potuisse
1091 2192 1204 2283 suspi-
1254 2193 1410 2285 primum
1434 2193 1520 2263 dicit
1540 2197 1584 2263 de
1604 2219 1661 2278 se,
1699 2199 1797 2290 quod
1819 2211 1854 2267 et
1877 2198 1951 2291 ipse
1979 2200 2089 2269 fuerit
2113 2196 2223 2273 bostis.

222 2297 306 2367 cari.
403 2291 570 2392 Exarsit]
603 2295 807 2365 Translatio
831 2308 885 2365 est
905 2294 1204 2377 commodissima,
1254 2291 1536 2365 Pulcherrimum
1554 2310 1606 2368 cst
1622 2297 1807 2369 consilium
1824 2301 2005 2373 Ciceronis
2021 2303 2059 2372 in
2075 2299 2223 2375 bacora-

221 2424 312 2496 quae
327 2423 407 2471 cum
422 2398 576 2468 subitam
592 2423 634 2468 cx
649 2399 728 2488 igne
743 2399 927 2467 flammam
943 2397 1099 2488 erupisse
1122 2409 1204 2465 ante
1254 2398 1372 2481 tione,
1397 2423 1468 2492 qna
1485 2394 1575 2468 nibil
1589 2400 1783 2497 simplicius
1799 2416 1835 2472 et
1850 2404 1993 2475 suavius
2015 2406 2089 2476 dici
2108 2420 2222 2501 potest.

222 2504 344 2573 oculos
359 2513 489 2594 ponat,
515 2501 654 2571 ardoris
669 2500 776 2570 etiam
798 2523 839 2568 ac
858 2500 1113 2591 magnitudinis
1130 2500 1203 2590 ple·
1255 2500 1308 2569 l)e
1333 2497 1401 2569 hoc
1424 2501 1504 2569 loco
1529 2502 1610 2572 vide
1635 2503 1786 2597 Quintil.
1807 2505 1869 2577 lib.
1884 2506 1920 2579 9.
1940 2530 2017 2600 cap.
2048 2510 2095 2579 de
2115 2511 2222 2601 figuris

221 2630 268 2675 na
286 2618 348 2675 est.
434 2598 618 2700 Ligarius]
648 2603 902 2674 Narrationcm
924 2603 1009 2672 facit
1031 2602 1204 2673 verisimi-
1254 2603 1510 2674 sententiarum
1518 2603 1579 2700 ⁰⁶).
1656 2605 1929 2707 Oclemeatiam]
1953 2610 1987 2678 A
2002 2612 2110 2683 rebus
2124 2614 2222 2682 maio-

220 2708 290 2778 lem
324 2705 543 2789 rationibus,
590 2729 683 2798 quae
718 2728 738 2774 a
774 2704 1045 2775 circumstantiis
1078 2705 1205 2774 fluunt.
1254 2707 1372 2788 ribus,
1405 2730 1495 2800 quae
1520 2706 1664 2778 Caesari
1684 2708 1817 2799 gloriae
1839 2711 2001 2795 fucrant,
2033 2717 2081 2783 ad
2101 2717 2225 2787 miseri-

221 2804 408 2905 attactu]
434 2809 565 2880 scilicet
588 2808 650 2900 qui
675 2808 780 2899 gessit
800 2808 933 2877 bellum
955 2809 1121 2877 adversus
1136 2806 1205 2876 Cu·
1256 2809 1414 2877 cordiam
1439 2807 1601 2900 impellit.
1649 2808 1884 2882 Clementiam
1904 2814 1999 2884 enim
2013 2816 2174 2891 Caesaris
2194 2819 2225 2887 io

222 2914 374 2981 tionem.
455 2915 498 2983 st
517 2906 619 3006 illud]
653 2909 849 3001 Corrcctio.
906 2909 1009 2980 Nunc
1033 2908 1205 3001 cupidita·
1255 2910 1461 2980 manifestos
1493 2906 1611 2984 hostes
1643 2914 1848 3004 praedicat,
1898 2930 1939 2988 ut
1971 2918 2225 2992 clementiorem

222 3029 293 3084 tem
316 3013 404 3082 Vari
426 3025 549 3103 auget,
580 3024 621 3080 ut
643 3036 685 3081 ex
707 3007 773 3081 hac
795 3012 1022 3081 contentione
1046 3012 1205 3103 probitas
1256 3013 1372 3105 ipsum
1404 3012 1442 3081 in
1464 3012 1647 3105 Ligarium
1675 3018 1823 3100 reddat,
1864 3021 1925 3113 qui
1950 3021 2007 3090 vel
2031 3020 2142 3110 nihil,
2179 3024 2225 3092 uel

222 3116 358 3209 Ligarii
369 3115 482 3205 magis
499 3112 665 3184 emineat.
1257 3128 1397 3185 coactns
1410 3116 1579 3206 peccavit.
1620 3115 1746 3187 Obiter
1758 3132 1925 3191 extenuat
1940 3122 2089 3197 crimen.
2150 3131 2225 3199 Coa·

327 3215 358 3307 §.
377 3216 412 3287 4.
435 3212 647 3312 Οοηᾳιιὶευίί]
664 3213 794 3285 scilicet
808 3213 939 3283 mansit
953 3213 992 3282 in
1008 3212 1205 3304 proxincia.
1250 3213 1388 3315 fitetur]
1407 3215 1504 3308 Ergo
1518 3220 1598 3309 plus
1612 3220 1772 3309 peccavi,
1798 3247 1905 3317 quam
1921 3224 2098 3317 Ligarius.
2142 3229 2225 3298 llaec

326 3320 411 3412 Cap.
427 3316 469 3389 ll.
496 3316 526 3408 ἓ.
545 3317 580 3388 4.
607 3311 744 3412 Adbuc]
770 3315 972 3408 Applicatio
989 3319 1035 3385 ad
1050 3339 1204 3400 causam,
1256 3318 1376 3388 omnia
1400 3319 1503 3404 dicit,
1544 3335 1585 3391 ut
1608 3335 1689 3414 apte
1709 3325 1820 3415 possit
1839 3329 2027 3417 pervenire
2050 3334 2095 3400 ad
2120 3356 2226 3424 reprc-

222 3448 283 3494 scu
297 3422 543 3504 commonitio,
567 3415 635 3489 hoc
653 3432 716 3503 est,
740 3420 858 3488 brevis
876 3420 1049 3513 quaedam
1068 3442 1204 3503 eorum,
1256 3419 1464 3492 hensionem
1484 3422 1697 3496 Tuberonis.
1753 3426 1875 3520 Turpe
1899 3431 1993 3500 enirn
2017 3446 2071 3502 est
2089 3434 2227 3515 doctori,

222 3551 313 3621 quae
331 3525 423 3596 dicta
449 3536 549 3607 sunt,
582 3522 748 3616 repetitio
770 3522 815 3591 ad
835 3522 979 3612 longam
1004 3521 1203 3591 orationem
1255 3524 1285 3595 si
1308 3524 1410 3616 culpa
1434 3526 1616 3617 redarguit
1635 3526 1763 3619 ipsum.
1837 3536 1891 3601 Ne
1913 3531 2070 3632 traam]
2104 3536 2226 3630 Aperit,

222 3627 599 3698 accommodatissima.
708 3621 915 3722 Erpediret]
953 3619 1205 3716 Enthymema,
1256 3638 1428 3721 quantum
1453 3631 1626 3711 confidat,
1652 3629 1714 3724 qui
1731 3632 1786 3700 vel
1808 3634 1852 3701 de
1876 3637 1997 3705 animo
2022 3637 2134 3730 ipsius
2151 3640 2225 3709 Cac-

222 3755 296 3800 non
319 3731 386 3799 l'uit
410 3729 442 3797 ei
465 3753 554 3821 opus
575 3728 682 3797 bello.
735 3812 738 3818 .
769 3723 1030 3823 Necessitatem]
1062 3725 1205 3796 Caesari
1255 3729 1343 3801 saris
1358 3728 1545 3799 certiorem
1561 3755 1598 3801 se
1615 3755 1687 3802 esse
1704 3735 1869 3806 ostendit.

220 3828 378 3927 mirabili
391 3831 538 3901 artificio
554 3828 776 3921 purgationis
790 3828 941 3919 speciem
960 3827 1120 3913 subiicit,
1145 3828 1205 3896 Li·
1344 3832 1448 3924 ,Cap
1463 3830 1521 3902 lll.
1546 3830 1577 3923 ξ.
1596 3832 1631 3902 6.
1673 3838 1772 3920 Vide,
1804 3836 2011 3937 qraata⁶⁸)]
2038 3841 2224 3913 Collatione

220 3936 382 4030 garium,
407 3935 437 4006 si
451 3931 623 4026 potuisset
640 3956 682 4001 ex
698 3929 817 3999 Africa
833 3931 1005 4023 elingere,
1033 3956 1112 4001 cnm
1135 3932 1205 4000 fra·
1255 3934 1310 4005 sni
1326 3935 1484 4004 defendit
1494 3933 1631 4025 Ligarii
1646 3936 1826 4010 delictum.
1901 3944 2102 4038 Gloriatur]
2127 3945 2225 4038 Quasi

220 4040 333 4111 tribus
344 4039 532 4109 Caesarem
545 4046 746 4107 secuturum
761 4031 879 4104 luisse.
945 4040 1066 4118 Unum,
1087 4035 1204 4128 quum]
1255 4036 1402 4106 diceret:
1436 4036 1533 4106 Haec
1558 4060 1633 4106 non
1656 4041 1823 4109 auderem
1846 4042 1980 4129 dicere,
2013 4045 2083 4118 nisi
2106 4046 2226 4118 iudica·

219 4142 370 4214 Divisio.
1255 4163 1331 4208 rem
1350 4151 1383 4207 te
1403 4139 1519 4208 virum
1540 4165 1613 4209 esse
1636 4143 1932 4233 sapientissimum
1956 4161 1992 4217 et
2012 4150 2227 4222 clementissi·

321 4243 354 4338 ξ.
371 4240 408 4316 5.
433 4236 674 4337 Necessitatis]
701 4237 794 4332 Quia
819 4261 898 4306 cum
917 4249 1006 4307 esset
1022 4236 1204 4329 praeposi·
1255 4266 1372 4325 mum,
1398 4242 1483 4335 quia
1507 4242 1680 4334 cupiditas
1702 4246 1879 4317 vindictae
1900 4272 1974 4318 non
1997 4252 2093 4323 cadit
2115 4253 2153 4322 in
2174 4250 2226 4322 bo

219 4360 275 4419 tus
290 4345 496 4441 provinciae
511 4368 531 4412 a
547 4342 737 4425 Considio,
763 4364 838 4410 non
851 4339 952 4409 licuit
964 4339 997 4408 ei
1015 4340 1204 4411 discedere.
1254 4344 1366 4414 mines
1382 4344 1570 4436 sapientes.
1621 4345 1668 4416 Et
1687 4373 1770 4418 rere
1790 4362 1842 4420 est
1861 4351 2035 4442 sapientia
2056 4356 2225 4449 despicere

220 4454 278 4521 Aa
307 4447 382 4547 itte]
419 4445 673 4531 Confirmatio,
714 4469 790 4513 non
824 4465 983 4535 peccasse
1006 4441 1203 4533 Ligarium,
1255 4471 1378 4517 omnes
1394 4447 1616 4519 offensiones.
1676 4447 1860 4550 Quantum]
1876 4454 2007 4525 scilicet
2021 4458 2105 4528 volo
2120 4484 2225 4530 menn

220 4554 319 4649 quod
334 4552 462 4621 restitit
475 4550 512 4619 in
528 4548 659 4619 Africa.
709 4546 774 4619 Est
796 4559 913 4615 autem
935 4549 1080 4614 ductum
1100 4569 1203 4636 argu·
1253 4563 1435 4641 peccatum
1452 4575 1661 4642 exaggerare
1675 4554 1768 4623 clara
1783 4579 1881 4626 voce.

218 4668 379 4725 mentum
394 4678 414 4722 a
430 4653 645 4723 coniectura.
697 4648 825 4730 ἄλλως.
878 4648 1035 4742 Obliqna
1061 4660 1096 4717 et
1116 4650 1202 4739 figa-
1356 4649 1388 4743 ᾗ.
1406 4653 1441 4724 ’1.
1466 4653 1919 4747 Susceptal-Exaggeratio:
1954 4657 2038 4731 Feci
2054 4660 2186 4735 iudicio
2199 4674 2225 4731 et

119 4808 121 4821 ·
218 4773 296 4830 rata
313 4755 499 4829 translatio
516 4753 674 4824 criminis
688 4765 760 4837 est,
787 4764 821 4820 et
835 4751 1000 4843 purgatio
1023 4775 1065 4820 cx
1084 4774 1202 4821 neces·
1253 4754 1448 4827 voluntate.
1500 4752 1629 4838 ἄλλως.
1680 4757 1881 4854 codenola,
1903 4787 1994 4857 qnae
2009 4758 2119 4836 babet
2132 4791 2224 4861 sigor

1252 4857 1474 4940 ficationem,
1515 4881 1588 4928 esse
1616 4859 1791 4930 infinitam
1821 4867 2000 4958 quandam
2025 4868 2222 4949 bonitatem,

253 5031 304 5091 6⁴)
321 5031 379 5081 noo
402 5026 445 5074 est
471 5018 582 5071 Solonis
606 5018 820 5080 apophthegm,
856 5012 1078 5078 quemadmodum
1107 5011 1202 5063 scrttrtt
1672 4994 1675 5000 ¹

287 5095 451 5150 Plutarchus
460 5092 490 5142 tn
503 5088 582 5138 bolus
594 5086 652 5136 vlto
663 5100 687 5139 o.
703 5086 762 5149 tc,
778 5085 928 5135 &monens
939 5083 1040 5133 dictum
1050 5083 1101 5132 troo
1113 5081 1202 5131 tolose
1619 5068 1622 5073 ’

286 5168 371 5230 vulgo
389 5164 504 5215 screare.
538 5155 679 5213 uruntur
697 5155 781 5205 otram
797 5155 961 5206 narrum
978 5151 1058 5215 arag.
1078 5151 1140 5202 carr.
1153 5151 1201 5201 ιν.
1287 5131 1356 5192 ⁶⁶⁸)
1373 5127 1455 5197 Atto]
1474 5133 1524 5182 ¹³⁶·
1543 5132 1619 5187 ¹⁶⁶⁸.
1636 5133 1730 5189 aare.

286 5238 358 5287 cent.
372 5233 406 5286 n.
423 5243 500 5294 pror.
512 5228 556 5280 96.
1284 5219 1334 5277 66)
1353 5216 1464 5279 Qutntlt.
1484 5217 1571 5272 tosttt.
1590 5222 1660 5271 orat.
1677 5222 1728 5289 lx,
1745 5222 1773 5290 2,
1790 5224 1837 5277 δι.

251 5341 300 5400 ta)
318 5336 417 5394 Attus]
440 5333 480 5383 stc
497 5332 546 5382 ltrt.
569 5325 675 5391 oren.;
712 5322 1092 5388 tormentarium
1127 5322 1198 5373 cont.
1283 5302 1333 5362 67)
1353 5302 1398 5355 ΝΘ
1413 5306 1498 5364 ⁸⁸⁰⁸]
1516 5303 1625 5356 ⁸¹⁰2&
1646 5308 1738 5373 lfflt
1763 5312 1813 5367 ltet-
1832 5312 1918 5369 orell.
1935 5327 1989 5368 nec
2005 5320 2086 5373 tros.

284 5417 370 5471 sapa·
387 5418 413 5469 p.
428 5402 503 5455 asos.
520 5401 587 5450 nors
598 5397 643 5447 aa
1283 5387 1333 5448 ⁶⁸)
1349 5386 1477 5453 wem]
1495 5386 1537 5439 us
1553 5386 1602 5439 rc
1622 5388 1715 5460 rosea
1741 5393 1792 5444 sa.
1805 5394 1892 5449 orac
1908 5408 2007 5465 m.
