4544 5766
204 191 284 270 666

206 380 327 462 togata
356 370 582 457 fortitudine,
621 396 684 444 seu
713 371 912 442 constantia
935 384 972 440 et
989 369 1191 454 tolerantia,

209 497 271 544 seu
288 473 472 565 patientia,
499 498 607 569 quam
623 499 730 567 supra
746 475 901 558 delinivi,
926 469 1014 543 haee
1028 469 1192 543 inchoari

210 587 245 644 et
268 577 471 645 confirmari
492 589 609 669 potest
632 578 811 661 doctrina,
838 589 872 647 et
886 601 973 659 usu,
996 576 1078 645 ideo
1095 575 1191 644 enirn

208 677 306 748 Deus
319 679 493 771 praecipit
510 683 552 750 de
569 681 809 772 paedagogia,
842 681 932 750 sicut
953 681 1120 749 laborans
1141 680 1192 748 fe-

207 781 283 863 bri,
323 783 515 852 adsuefacit
536 808 572 853 se
597 786 642 852 ad
662 783 877 852 mediocrem
907 781 1192 874 temperantiam,

199 884 346 955 'duabus
359 885 484 967 rebus,
517 887 679 955 doctrina
695 899 731 955 et
744 912 821 956 usu.
880 883 992 954 Audit
1011 885 1107 952 enim
1131 908 1193 974 pe-

208 985 360 1056 riculum
386 988 480 1055 vitae
507 1012 598 1073 esse,
639 991 669 1059 si
689 989 840 1059 nimium
864 1000 925 1056 aut
947 987 1192 1077 intempestive

207 1088 318 1159 bibat.
368 1089 506 1159 Deinde
523 1095 665 1163 accedat
680 1117 775 1174 usus,
801 1091 965 1160 voluntas
981 1090 1112 1159 iudicio
1130 1090 1192 1157 ob

208 1203 401 1283 temperet,
442 1195 590 1263 mandet
610 1196 793 1277 manibus,
827 1218 872 1262 ne
897 1196 1111 1262 admoveant
1129 1217 1193 1282 po-

207 1305 298 1363 tum.
355 1291 405 1362 lta
429 1320 529 1365 mens
550 1296 720 1391 Aiacisffl)
745 1298 857 1365 delixa
880 1297 919 1364 in
941 1295 1191 1386 cogitationem

206 1391 313 1466 huius
330 1397 512 1468 doctrinae
528 1423 600 1469 csse
616 1402 783 1482 debebat,
810 1423 886 1467 non
901 1399 1101 1468 faciendum
1119 1422 1192 1467 esse

207 1512 331 1569 contra
356 1500 524 1570 iustitiam
548 1516 696 1594 propter
716 1502 877 1570 dolorem
908 1514 1071 1593 acceptae
1101 1501 1192 1569 iniu-

207 1601 301 1686 riae,
327 1602 412 1671 item
435 1605 696 1676 moderandum
720 1629 792 1675 esse
817 1606 997 1687 dolorem,
1030 1603 1192 1694 colligere

209 1719 417 1794 argumenta
445 1719 480 1775 et
502 1711 661 1800 exempla
685 1709 723 1776 in
745 1719 1116 1801 utramquepartem,
1159 1716 1194 1773 et

209 1807 372 1877 conferre
387 1810 557 1892 debebat,
591 1823 631 1880 ut
645 1813 810 1880 voluntas
827 1811 1017 1880 abduceret
1032 1809 1191 1877 animum

208 1931 230 1977 a
245 1911 389 1992 dolore,
415 1924 450 1979 et
463 1913 656 2001 imperaret
669 1913 846 1994 manibus,
869 1938 913 1982 ne
928 1911 1017 1979 inse
1034 1911 1192 2001 gladium

207 2012 422 2101 stringerent
430 2011 489 2108 ⁰¹).
531 2013 588 2082 Sic
600 2016 704 2084 multi
719 2016 757 2082 in
772 2016 909 2105 magnis
922 2013 1192 2096 calamitatibus,

206 2115 385 2183 moderati
402 2127 486 2184 sunt
506 2117 679 2189 dolorem.
736 2117 784 2186 Et
807 2142 886 2187 cum
909 2138 1013 2206 saepe
1035 2139 1135 2184 mens
1158 2127 1194 2183 et

207 2216 373 2287 voluntas
388 2216 437 2286 sic
454 2233 681 2305 exercentur,
710 2221 841 2311 gradus
861 2219 973 2312 aliqui
993 2213 1098 2288 huius
1120 2217 1192 2285 vir-

208 2318 294 2389 tutis
308 2319 346 2387 in
362 2320 483 2388 animo
498 2323 716 2406 excitantur,
742 2335 778 2391 et
801 2346 862 2391 cor
886 2324 926 2390 fit
947 2320 1190 2414 tranquillius:

208 2421 291 2514 quia
308 2423 475 2513 cogitatio
493 2426 593 2493 sedat
608 2439 723 2496 aestus
742 2426 857 2495 cordis
872 2438 907 2494 et
921 2425 1007 2494 foris
1030 2425 1190 2494 membra

206 2523 343 2594 domita
369 2537 405 2594 et
426 2528 526 2619 quasi
549 2528 666 2598 vincta
689 2524 934 2597 cohercentur.
992 2527 1089 2595 Haec
1109 2526 1190 2595 ideo

207 2626 337 2711 adieci,
376 2628 459 2722 quia
482 2631 586 2699 multi
607 2631 852 2702 fortitudinem
883 2629 1013 2713 animi,
1051 2643 1191 2699 tantum

206 2730 364 2821 cogitant
378 2755 451 2802 esse
466 2746 615 2803 naturae
631 2736 786 2818 bonum,
820 2733 910 2802 sicut
931 2735 1042 2801 robur
1065 2756 1192 2823 corpo-

201 2830 275 2915 ris,
301 2845 336 2902 et
349 2858 540 2924 generosae
561 2850 710 2906 naturae
735 2860 901 2928 magnam
924 2834 997 2902 vim
1019 2858 1092 2904 esse
1116 2859 1191 2902 uon

204 2937 409 3026 negandum
427 2949 497 3019 cst,
524 2940 586 3006 sed
607 2952 727 3009 tamen
751 2940 859 3007 ctiam
883 2960 950 3005 nos
971 2935 1102 3028 reliqui
1124 2937 1191 3004 im-

202 3037 403 3108 becilliores
418 3038 612 3124 discamus,
638 3042 820 3134 quomodo
841 3063 1101 3131 consequamur
1124 3040 1191 3107 sal-

204 3150 277 3209 tem
294 3134 479 3211 inchoatas
503 3142 662 3214 virtutes.
719 3141 802 3212 ldeo
826 3143 920 3212 enim
940 3140 1038 3211 Deus
1060 3141 1190 3209 doctri-

203 3264 289 3310 nam
307 3243 471 3328 tradidit,
499 3255 533 3312 ct
550 3245 771 3338 disciplinam
793 3271 834 3315 ac
856 3243 1112 3337 paedagogium
1136 3244 1190 3312 in-

204 3344 338 3430 stituit,
364 3358 405 3416 ut
419 3349 626 3417 assuefactio
642 3349 758 3418 flectat
771 3373 838 3418 nos
852 3351 897 3417 ad
911 3348 1092 3417 virtutem.
1138 3347 1190 3415 Ac

205 3448 249 3516 dc
274 3449 530 3520 consuetudine
549 3453 662 3521 multa
688 3452 855 3522 dicuntur
875 3451 914 3520 in
935 3447 1027 3521 hanc
1049 3464 1189 3519 senten-

205 3551 292 3622 tiam
301 3551 365 3646 “):
1018 3566 1020 3571 ’

247 3670 333 3738 Quod
348 3673 426 3732 male
438 3671 518 3749 fers,
538 3673 695 3747 adsuesce
718 3675 799 3734 feres
812 3675 899 3734 bene.
933 3671 1026 3732 Multa
1041 3681 1167 3731 vetustas

245 3771 402 3853 Lanitffl).

203 3888 239 3947 et
252 3874 413 3967 Oedipus
428 3879 523 3969 apud
538 3874 768 3970 Sophoclem:
795 3876 894 3969 Ipsae
907 3903 965 3947 me
982 3901 1186 3960 aerumnae,

202 3992 237 4049 et
260 3980 407 4071 longum
430 3992 570 4072 tempus
594 3982 791 4051 docuerunt
813 3980 1052 4051 tolerantiam.
1111 3980 1185 4051 Nos

202 4080 288 4152 verb
309 4078 504 4153 Christiani
527 4083 678 4153 sciamus
700 4084 738 4152 in
761 4079 828 4153 hac
848 4084 1101 4154 assuefactione
1125 4108 1185 4174 pe-

199 4188 347 4256 tendum
381 4209 455 4255 esse
488 4185 659 4255 auxilium
685 4185 772 4269 Dei,
806 4186 897 4257 sicut
928 4186 1099 4278 scriptum
1134 4198 1185 4256 cst

219 4283 426 4372 loann.16,
450 4283 520 4382 6.):
567 4289 650 4360 Sine
676 4314 733 4358 me
758 4285 847 4357 nihil
882 4290 1029 4381 potestis
1057 4291 1183 4359 facere.

218 4405 288 4460 tern
310 4389 433 4485 (Rom.
448 4389 489 4475 8,
511 4392 607 4488 26.);
649 4392 800 4487 Spiritus
821 4405 962 4464 sanctus
989 4392 1184 4484 opitulatur

472 188 674 273 scama
697 194 775 273 ru
799 192 915 273 lfflb.
939 192 1007 269 An
1030 190 1243 269 umam
1266 191 1335 268 ΕΤ
1358 191 1619 271 POLI'HOEN
1643 190 1957 271 saumatam
2149 189 2230 273 666

1490 368 1554 440 De
1588 366 1985 467 Temperantia0).

1343 518 1598 611 Temperantia
1613 532 1664 591 est
1678 520 1811 607 virtus,
1838 544 1929 616 quae
1943 517 2232 591 mediocritatem

1242 619 1348 691 eflicit
1361 625 1553 692 secundum
1569 636 1701 693 rectam
1716 624 1893 693 rationem
1909 623 1949 692 in
1972 622 2051 692 cibo
2075 634 2110 692 et
2129 637 2234 715 potu.

1242 722 1336 794 Nam
1357 725 1395 792 in
1418 721 1474 796 his
1490 726 1611 795 Latini
1633 723 1779 818 proprie
1800 738 1950 796 utuntur
1972 726 2234 817 temperantiae

1244 827 1408 910 nomine,
1441 831 1503 897 sed
1518 828 1725 900 Aristoteles
1748 824 1805 898 hic
1828 828 1926 896 addit
1947 829 2234 898 mediocritatem

1245 928 1282 998 in
1298 929 1468 1013 venereis,
1493 927 1588 1001 hanc
1603 931 1732 1002 usitate
1748 930 2003 1000 continentiam
2018 943 2151 1001 vocant
2167 956 2236 1001 no-

1244 1032 1340 1101 mine
1355 1033 1504 1123 generis.

1345 1136 1498 1205 Prodest
1519 1135 1658 1218 videre,
1685 1136 1868 1229 quomodo
1895 1135 1933 1203 in
1955 1158 2119 1204 sermone
2144 1158 2235 1226 apo-

1244 1236 1367 1306 stolico
1390 1239 1538 1308 virtutes
1559 1251 1828 1329 nuncupentur,
1871 1249 1906 1305 et
1933 1239 1978 1305 ad
2008 1261 2099 1331 quac
2126 1262 2234 1330 prae-

1245 1351 1343 1430 cepta
1361 1340 1520 1431 decalogi
1534 1342 1740 1409 referendae
1765 1341 1855 1424 sint,
1889 1351 2056 1432 utsupra
2079 1341 2233 1410 contuli-

1245 1468 1323 1511 mus
1352 1438 1581 1513 christianam
1614 1456 1649 1512 et
1680 1439 1966 1534 philosophicam
1989 1443 2231 1514 tolerantiam.

1243 1544 1394 1637 Proprie
1418 1559 1538 1615 autem
1560 1542 1751 1616 christiana
1775 1545 1963 1613 tolerantia
1988 1544 2096 1637 primi
2119 1544 2233 1637 'prae-

1244 1646 1335 1738 cepti
1351 1648 1463 1717 virtus
1479 1662 1549 1732 cst,
1580 1650 1663 1743 quia
1683 1660 1735 1718 est
1750 1647 1951 1717 obedientia
1973 1647 2012 1716 in
2034 1648 2232 1732 doloribus,

1245 1773 1335 1842 quae
1351 1749 1554 1820 immediate
1570 1751 1647 1820 Deo
1664 1763 1885 1842 praestatur,
1920 1762 1955 1818 et
1977 1775 2057 1821 curn
2080 1775 2143 1842 spe
2167 1774 2231 1821 au-

1243 1851 1319 1919 xilii
1343 1852 1455 1921 divini
1477 1854 1664 1923 coniuncta
1687 1867 1750 1925 est.
1800 1852 1989 1923 Fortitudo
2004 1879 2089 1922 vero
2102 1854 2230 1924 bellica

1243 1955 1288 2022 ad
1302 1969 1529 2047 praeceptum
1543 1957 1726 2051 quintum,
1752 1957 1848 2049 quod
1863 1958 1984 2039 docet,
2018 1957 2163 2049 quando
2184 1958 2230 2027 sit

1244 2060 1494 2148 pugnandum,
1535 2062 1679 2153 quando
1712 2083 1796 2128 non.
1861 2058 1956 2126 Haec
1983 2059 2172 2129 nominum
2196 2072 2232 2128 et

1243 2161 1402 2250 decalogi
1418 2161 1560 2231 collatio
1575 2165 1745 2231 admonet
1760 2185 1825 2230 nos
1840 2162 1884 2230 de
1900 2161 2077 2231 mandatis
2086 2161 2166 2245 Dei,
2194 2175 2230 2232 et

1243 2262 1379 2356 aliquid
1394 2264 1482 2334 lucis
1498 2265 1597 2334 addit
1613 2261 1696 2335 huic
1711 2263 1778 2333 toti
1793 2263 1987 2347 doctrinae,
2008 2277 2043 2333 et
2058 2289 2230 2336 numerus

1243 2365 1434 2449 virtutum,
1478 2367 1725 2437 animadversa
1747 2363 1813 2434 hac
1836 2366 2083 2436 distributione
2111 2367 2229 2459 aptius

1243 2464 1497 2559 comprehendi
1510 2483 1637 2561 potest.
1689 2467 1729 2538 ln
1746 2493 1909 2539 sermone
1927 2469 2122 2561 apostolico
2138 2482 2230 2538 tem-

1242 2572 1405 2664 perantia
1422 2570 1459 2639 in
1475 2573 1552 2642 cibo
1569 2586 1603 2642 et
1617 2587 1706 2665 potu
1720 2586 1868 2642 vocatur
1882 2573 2067 2642 sobrietas.
2119 2573 2229 2664 Quod

1243 2698 1328 2742 vero
1352 2672 1473 2743 Latini
1501 2677 1647 2768 proprie
1678 2675 1884 2768 pudicitiam
1909 2676 2051 2757 dicunt,
2091 2676 2228 2747 Paulus

1243 2777 1329 2846 alias
1351 2778 1439 2845 dixit
1460 2772 1633 2876 ἁγνείαν,
1664 2779 1753 2848 alias
1776 2778 2102 2849 sanctificationem.
2154 2778 2229 2848 Vo-

1243 2879 1407 2948 cabulum
1423 2906 1509 2950 vero
1527 2877 1751 2977 σωφροσύνη
1766 2879 1872 2949 latius
1893 2893 1991 2971 patet
2015 2884 2111 2971 apud
2132 2905 2229 2964 eum,

1242 2993 1278 3050 et
1299 2983 1511 3071 generaliter
1533 2983 1707 3073 significat
1726 2982 1958 3066 modestiam,
1993 2983 2029 3051 icl
2053 2997 2123 3066 est,
2149 3009 2229 3055 mo-

1241 3083 1462 3154 derationem
1484 3085 1523 3153 in
1547 3087 1646 3154 omni
1667 3096 1785 3176 gestu,
1818 3109 2000 3168 sermone,
2032 3084 2172 3156 incessu
2193 3102 2229 3156 et

1240 3185 1481 3278 voluptatibus
1500 3187 1787 3282 quibuscunque,
1813 3187 1937 3279 plane,
1962 3202 2003 3259 ut
2024 3189 2227 3280 germanice

1241 3289 1391 3360 dicimus
1412 3292 1568 3381 zuclttiq,
1604 3303 1658 3372 et,
1691 3304 1732 3360 ut
1746 3289 1869 3358 Cicero
1890 3293 1932 3359 de
1949 3305 2075 3385 quarta
2091 3293 2226 3363 virtute

1241 3392 1278 3461 in
1303 3393 1426 3461 officiis
1457 3392 1618 3488 loquitur
1632 3391 1691 3487 ω).
1756 3393 1926 3484 Exempla
1955 3395 2085 3485 passim
2117 3396 2226 3465 obvia

1239 3508 1337 3564 sunt:
1367 3497 1400 3566 1.
1418 3493 1578 3567 Timoth.
1594 3502 1631 3579 2,
1647 3491 1742 3590 (15.)
1756 3497 1888 3590 inquit:
1922 3497 2089 3567 Mulieres
2107 3499 2227 3569 salvas

1239 3597 1316 3666 fieri
1329 3623 1393 3689 per
1407 3598 1519 3668 officia
1536 3612 1677 3690 partus,
1703 3599 1733 3669 si
1748 3612 1868 3667 tamen
1880 3598 2076 3669 manserint
2090 3599 2127 3667 in
2141 3603 2227 3685 fide,

1239 3700 1446 3784 dilectione,
1472 3699 1747 3771 sanctificatione
1763 3713 1800 3769 et
1813 3702 1999 3772 modestia.
2045 3702 2137 3793 Apte
2153 3702 2228 3773 vir·

1238 3816 1329 3873 tutes
1360 3803 1514 3872 maxime
1547 3802 1760 3873 necessarias
1794 3803 2058 3893 complectitur,
2104 3806 2227 3890 fidem,

1238 3931 1328 3999 quae
1344 3919 1397 3976 est
1409 3909 1489 3976 fons
1506 3906 1582 3975 veri
1599 3907 1712 3976 cultus
1724 3904 1809 3989 Dei,
1842 3918 1877 3974 et
1896 3928 2000 3975 verae
2024 3906 2225 3978 invocatio-

1237 4008 1312 4092 nis,
1339 4009 1583 4092 dilectionem,
1607 4010 1644 4077 id
1662 4020 1724 4091 cst,
1750 4004 1899 4077 honesta
1913 4009 2028 4078 officia
2046 4034 2128 4100 erga
2145 4036 2225 4080 ma-

1236 4111 1365 4195 ritum,
1397 4113 1528 4182 liberos
1550 4124 1585 4180 et
1610 4123 1765 4180 caeteros
1789 4112 1941 4201 gradus,
1975 4112 2225 4184 sanctificatio-

1236 4238 1338 4298 nem,
1381 4213 1513 4298 idest,
1552 4212 1779 4305 pudicitiam,
1814 4238 1876 4283 seu
1897 4216 2115 4298 castitatem,
2159 4241 2223 4287 seu

1235 4318 1338 4385 fidem
1357 4317 1590 4408 coniugalem.
1640 4315 1731 4386 Huic
1745 4317 1845 4385 addit
1861 4316 1988 4386 deinde
2003 4318 2223 4389 moderatio·

1235 4420 1373 4488 nemin
1388 4419 1553 4489 omnibus
1570 4418 1829 4511 voluptatibus,
1856 4420 1954 4503 cibo,
1975 4432 2083 4512 potu,
2109 4435 2223 4512 gestu,

199 4492 399 4612 lfffifmllali
426 4506 568 4612 Πθξῗξᾶθ
599 4509 663 4566 ⁰¹⁰·
730 4494 964 4588 Elpeflfflnuf
996 4507 1114 4564 aulem
1145 4494 1183 4563 in
1234 4547 1278 4591 ne
1303 4523 1348 4592 sit
1368 4523 1582 4607 temulenta,
1613 4545 1765 4613 procax,
1797 4521 1952 4593 insolens
1974 4536 2040 4594 etc.
2097 4521 2149 4593 lta
2176 4526 2221 4594 de

196 4588 254 4666 lus
269 4621 353 4703 ipsis
369 4609 561 4682 exemtus,
586 4599 841 4691 promissiones
856 4599 995 4669 divinas
1011 4622 1086 4667 non
1109 4623 1181 4669 esse
1233 4625 1403 4717 pudicitia
1428 4625 1606 4721 loquitur,
1646 4625 1679 4698 1·
1697 4621 1820 4695 Thess·
1837 4623 1873 4710 4,
1888 4623 1941 4720 (3ο
1957 4624 2028 4720 4,)ζ
2054 4624 2150 4698 ΗΜ
2167 4639 2222 4698 032

196 4699 328 4770 irritas.

230 4899 280 4959 ω)
301 4900 366 4953 6611.
382 4901 650 4967 116616161666611,
669 4902 714 4967 qut
731 4904 891 4956 6116111116
907 4914 984 4954 arma
1000 4905 1034 4954 atr
1050 4901 1112 4966 ipso
1129 4916 1180 4966 pe·

265 4971 317 5019 ttta
335 4972 430 5035 Ulysst
446 4975 481 5023 ab
498 4976 702 5036 Agamemnone
719 4975 784 5023 data
807 4974 973 5037 gravissime
997 4972 1178 5036 irascebatur,

264 5039 319 5089 vid.
337 5041 416 5094 tlon.
435 5043 539 5105 odyss.
555 5043 604 5107 ΧΙ,
621 5042 763 5093 aaa-oa.
782 5046 809 5092 et
827 5044 909 5103 soon.
926 5043 1005 5092 Aiax.

221 5120 275 5189 at)
293 5124 355 5176 Vld.
381 5126 463 5188 soph.
486 5128 557 5178 Atax
579 5128 631 5177 816
647 5138 705 5188 sqq.
753 5124 828 5175 Ptnd.
851 5125 928 5174 Nem.
948 5125 1069 5188 111116
1093 5124 1177 5187 (66).

262 5192 400 5257 nycopm.
418 5198 478 5249 464.
514 5197 593 5250 ovid.
612 5199 721 5245 116166.
734 5194 810 5258 xut,
826 5194 875 5245 691
893 5207 954 5256 sqq.

227 5276 275 5346 66)
295 5281 375 5333 ovid.
393 5286 446 5335 art.
465 5282 721 5345 61661.11,64766.

225 5365 388 5487 wmqtt]
413 5369 454 5420 616
472 5370 550 5422 ovid.
575 5369 701 5434 acrtpstt3
732 5366 818 5418 nuta
842 5359 963 5418 enarrat.
978 5364 1042 5417 1161.
1061 5352 1175 5415 babent:

1263 4909 1313 4976 67)
1330 4909 1483 4973 Explicatlo
1513 4913 1564 4962 lrao
1587 4924 1656 4962 vooa
1678 4909 1707 4961 ln
1729 4910 1909 4964 1161161646.
1934 4915 1962 4963 et
1988 4913 2064 4965 1646.
2086 4913 2221 4979 inscripta

1298 4982 1404 5044 spectat
1418 4980 1453 5029 ad
1466 4980 1580 5034 aristot.
1593 4981 1655 5032 Ettt.
1672 4979 1690 5033 1.
1704 4978 1730 5030 6.
1749 4993 1773 5030 6.
1787 4981 1925 5048 ro-ta.,
1944 4981 1989 5032 611
2007 4982 2040 5031 da
2058 4984 2220 5046 temperan-

1298 5052 1337 5101 tta
1354 5049 1484 5115 disserit,
1514 5052 1655 5113 postquam
1673 5048 1797 5098 66-9.
1816 5049 1850 5098 de
1868 5050 2028 5101 tortitudtne
2047 5051 2164 5103 dtxerat
2183 5081 2220 5092 -

1295 5120 1327 5170 16
1339 5118 1423 5169 rotet
1439 5119 1514 5170 tm.
1528 5121 1556 5168 et
1570 5117 1644 5167 1666.
1662 5119 1730 5167 traso
1746 5119 1891 5180 inscrtptto
1908 5131 1969 5171 cun
1985 5121 2108 5183 aequanti
2126 5122 2217 5186 66661,

1294 5186 1369 5305 quotu
1386 5187 1503 5239 titrtltt.
1520 5186 1661 5239 enarratio
1679 5186 1729 5238 tlte
1753 5187 1787 5238 da
1810 5186 1952 5240 atectttus
1975 5201 2104 5241 aunone
2125 5191 2157 5242 tn
2179 5192 2216 5243 tta

1314 5269 1342 5305 m
1356 5268 1400 5306 ur.

1259 5356 1308 5423 68)
1326 5359 1367 5408 De
1384 5360 1482 5420 quarta
1499 5355 1618 5420 virtute,
1636 5355 1697 5408 aclt.
1715 5357 1750 5406 da
1766 5356 1902 5407 modestta
1918 5360 1946 5408 ot
1963 5360 2146 5422 teupernus
2163 5360 2217 5416 cl·

1292 5439 1358 5479 oero
1375 5426 1409 5478 da
1426 5425 1498 5478 otae.
1518 5425 1575 5477 11.
1591 5438 1616 5476 6.
1630 5424 1759 5478 n-ti.
1775 5426 1905 5489 toqusur.
