4544 5766
213 212 286 288 671
785 194 910 272 PlllL.
943 194 1058 272 ΜΕΙ..
1088 191 1290 270 SCRIPTA
1314 185 1689 275 Prntotootsst'
1751 268 1754 273 .
2142 196 2219 275 072

214 387 262 461 Et
284 385 441 481 primum
465 380 509 450 de
533 371 720 468 iustitiafl)
744 372 848 457 dicit,
879 383 1001 464 postca
1028 370 1072 438 de
1097 367 1193 437 utili·
1246 372 1365 442 medio
1389 373 1545 445 tollebat.
1585 368 1706 466 ltaque
1721 368 1903 447 caletum
1916 367 2223 445 Alexicacusller-

215 491 346 562 tatibus
362 479 599 579 pugnantibus
608 501 688 546 cum
698 475 844 570 reliquis
861 473 1062 544 virtutibus.
1101 476 1193 544 Nom
1245 476 1356 558 cules,
1382 475 1509 559 idest,
1535 475 1711 547 malorum
1740 473 1919 565 depulsor.
1972 473 2160 547 Caeterum
2185 474 2226 546 id

214 595 382 687 principio
402 581 508 681 tollit]
531 580 639 650 Ratio
664 591 715 648 est
738 602 758 646 a
781 575 1095 671 consequentibus,
1118 575 1193 643 offi-
1245 577 1295 646 ait
1311 577 1434 649 Cicero
1451 589 1605 671 propter«
1613 575 1819 668 Epicurum,
1846 577 1909 672 qui
1930 576 2070 669 scripsit
2082 579 2225 673 sapien·

216 698 379 787 ciumque
393 687 546 759 iustitiae
562 694 834 764 commemorat,
861 682 956 774 quod
972 678 1127 770 positum
1142 688 1194 747 est
1244 694 1316 750 tem
1340 681 1408 752 sibi
1434 681 1500 752 soli
1521 681 1640 748 vivere
1666 680 1803 750 debere.

216 802 254 869 in
277 791 545 867 conservatione
575 784 750 857 societatis
773 779 1017 877 humanaeffi).
1347 780 1377 875 §.
1392 784 1453 858 26.
1485 786 1618 854 Deinde
1639 786 1697 877 qut
1719 782 1878 875 utrm]
1897 780 2017 853 Altera
2042 795 2096 853 est
2118 806 2224 874 argu.

131 986 133 995 Ι
322 896 353 990 ξ.
374 901 435 970 22.
477 899 536 976 Ut,
569 895 601 962 ri
623 882 892 983 unumquodque]
923 884 1124 954 Similitudo
1133 881 1193 978 Ἢ).
1243 887 1415 956 mentatio
1438 911 1501 979 per
1523 886 1703 956 dilemma.
1754 884 1909 977 Quidam
1925 887 2021 955 enim
2041 886 2091 955 ita
2108 909 2223 977 pravo

216 1011 308 1078 Nom
330 1004 396 1072 ribi
415 992 470 1092 ut]
496 993 576 1063 Alia
599 1004 652 1060 est
673 991 838 1081 probatio
855 988 963 1082 petita
981 1012 1000 1055 a
1018 986 1094 1057 iure
1111 1010 1194 1077 gen·
1244 1001 1327 1057 sunt
1346 989 1509 1080 ingenio,
1534 1000 1576 1059 ut
1596 988 1789 1058 secuudum
1809 1001 1974 1059 naturam
1998 1013 2071 1059 esse
2086 1000 2225 1080 putent,

217 1110 320 1178 tium.
370 1100 470 1170 Licet
490 1097 584 1166 enim
609 1094 686 1163 iure
702 1093 881 1182 gentium,
903 1091 1057 1182 legitime
1075 1088 1194 1181 ecqui·
1245 1091 1394 1161 alterum
1424 1092 1570 1161 violare.
1621 1089 1756 1181 Vulgus
1790 1104 1908 1161 autem
1940 1104 2064 1182 suapte
2092 1104 2224 1162 natura

218 1235 317 1294 rere,
342 1218 498 1276 attamen
518 1211 570 1269 est
589 1209 713 1265 eontra
737 1195 790 1265 ius
811 1194 968 1287 gentium
1000 1192 1109 1262 etius
1130 1214 1195 1259 na·
1245 1195 1447 1278 sordidum,
1488 1189 1676 1286 posthabet
1710 1194 1958 1265 emolumentis
1990 1189 2225 1267 honestatem.

219 1327 339 1394 turae,
374 1309 522 1376 alterum
546 1297 765 1392 spoliarem).
1245 1299 1288 1367 si
1310 1301 1398 1369 attat
1416 1296 1608 1386 existimat]
1630 1295 1836 1388 Assumptio
1862 1310 1912 1367 est
1940 1296 2142 1388 argumenti
2168 1324 2226 1367 su·

322 1414 352 1505 ξ.
375 1411 436 1484 23.
475 1411 590 1499 Neque
612 1425 688 1473 aero
705 1403 766 1471 tac
785 1401 890 1470 colum
916 1409 1040 1468 ndstra
1063 1407 1096 1468 et
1120 1400 1195 1467 ture
1245 1401 1415 1490 perioris,
1440 1399 1609 1470 cuiusvis
1632 1411 1685 1469 est
1710 1423 1730 1466 a
1752 1399 1966 1490 coniugatis,
1993 1413 2073 1483 arrt,
2097 1400 2129 1471 si
2150 1425 2226 1470 ma„

216 1512 384 1614 gentium]
415 1510 472 1580 lus
499 1505 655 1599 gentium
686 1516 737 1573 est
764 1503 857 1571 ratio
880 1499 968 1595 οἰκ)
998 1498 1196 1569 communis
1246 1502 1318 1587 vis,
1345 1502 1545 1594 aproprio.
1594 1499 1659 1570 Est
1679 1501 1773 1570 enim
1796 1497 1998 1572 humanitas
2018 1497 2226 1574 hominibus

220 1646 340 1696 sensus
361 1613 566 1689 hominum;
592 1609 684 1698 leges
704 1604 938 1697 populorum,
963 1628 1065 1673 suum
1083 1602 1195 1671 cuius-
1246 1606 1411 1699 propria,
1437 1630 1543 1698 quam
1564 1603 1677 1687 tollit,
1703 1604 1765 1697 qui
1789 1605 1939 1675 alterum
1959 1605 2081 1678 hedit.
2158 1611 2226 1679 sta

220 1750 289 1821 que
321 1717 471 1791 civitatis
502 1710 611 1804 ius²⁷)
642 1707 758 1801 estffl).
859 1710 969 1801 Atque
997 1709 1059 1776 loc
1079 1704 1195 1794 multo]
1243 1707 1455 1800 fugiendum]
1479 1708 1598 1776 Altera
1624 1719 1675 1777 est
1697 1707 1890 1799 assumptio
1906 1732 1970 1800 per
1985 1707 2222 1781 collationem.

219 1827 351 1903 Adiicit
375 1827 620 1911 argumentum
643 1807 886 1880 vehementius
903 1833 923 1875 a
941 1809 1018 1897 lege
1036 1819 1196 1887 naturae,
1247 1812 1340 1882 Nam
1362 1810 1473 1879 animi
1493 1810 1588 1880 vitiis
1610 1833 1841 1904 quaecunque
1869 1810 1937 1880 alia
1965 1823 2048 1880 sunt
2074 1812 2222 1882 leviora.

221 1954 312 2027 quae
334 1951 354 1996 a
378 1924 456 1994 Deo
479 1914 731 2011 proficiscitur,
761 1914 818 1980 lex
840 1910 960 1978 divina
985 1910 1131 1979 dicitnr:
1158 1920 1199 1976 ut
1349 1913 1435 2005 Cap.
1452 1910 1512 1982 Vl.
1552 1909 1582 2004 ᾖ.
1606 1911 1667 1984 26.
1708 1917 1798 2004 Ergo
1817 1938 1921 1984 unum
1941 1915 2047 2006 dedet]
2079 1913 2224 2008 Colligit

221 2048 340 2104 aretem
372 2050 451 2097 eam
483 2046 503 2090 a
527 2019 605 2089 Deo
625 2015 756 2086 nostris
784 2012 961 2083 mentibus
985 2011 1196 2102 insculptam
1248 2016 1554 2107 exsuperioribus
1585 2039 1708 2084 omnes
1734 2015 1939 2085 coniunctos
1962 2040 2035 2086 esse
2056 2016 2155 2086 inter
2176 2044 2223 2090 se.

220 2134 398 2231 sequitur,
423 2128 478 2195 lex
497 2118 654 2192 hnmana
677 2117 824 2201 dicitur,
851 2140 921 2208 qua
944 2116 987 2184 tle
1008 2139 1048 2183 rt!
1072 2113 1121 2183 sle
1140 2111 1197 2181 (Ῑί-
1249 2117 1355 2209 Quod
1377 2119 1407 2189 si
1427 2143 1551 2188 verum
1575 2130 1647 2202 est,
1672 2118 1875 2189 coniunctio
1898 2142 2039 2213 quoque
2059 2121 2223 2191 affligatis

220 2263 313 2310 cero.
358 2226 596 2318 Principalem
620 2235 737 2291 autem
760 2234 794 2289 et
818 2218 979 2289 ultimam
1001 2218 1114 2308 legem
1135 2241 1198 2285 vo·
1249 2245 1321 2291 esse
1346 2221 1502 2291 debebit:
1530 2245 1570 2290 ac
1586 2245 1625 2289 re
1642 2221 1819 2315 veraniure
1833 2220 1990 2291 naturali
2005 2223 2125 2292 omnia
2139 2238 2226 2294 sunt

221 2345 350 2415 cabant
373 2343 549 2412 mentem,
574 2337 636 2395 aut
659 2323 778 2392 omnia
800 2320 939 2390 ratione
961 2320 1113 2390 vetantis
1137 2329 1199 2388 aut
1249 2325 1469 2408 communia,
1502 2324 1716 2394 servandum
1744 2336 1796 2395 est
1823 2337 1963 2409 umen,
1995 2326 2093 2418 qrrod
2117 2350 2223 2419 prae.

222 2439 378 2537 cogentis
399 2434 486 2515 Ilei,
513 2455 555 2499 ex
577 2452 646 2523 qua
671 2427 730 2494 illa
755 2426 831 2507 lex,
864 2448 971 2517 quam
995 2421 1058 2494 Dii
1081 2417 1197 2491 homi·
1248 2428 1416 2520 scriptum
1438 2427 1581 2497 estiore
1602 2426 1758 2518 gentium
1776 2440 1811 2496 et
1831 2427 1939 2498 civili.
1975 2425 2016 2497 ld
2032 2429 2128 2499 cuim
2143 2455 2224 2524 per-

220 2551 325 2622 nibus
351 2543 544 2617 dederunt,
570 2544 622 2601 cst
641 2529 709 2599 rite
732 2525 942 2620 laudataffl).
1248 2531 1338 2600 tinet
1367 2532 1410 2599 ad
1434 2529 1650 2601 societatem.

324 2645 355 2740 ᾗ.
371 2641 432 2719 24.
465 2640 599 2710 Etenim
613 2635 715 2704 mutto
735 2634 856 2724 mauis]
881 2631 936 2699 Ab
959 2624 1197 2700 enumeratio·
1351 2630 1381 2725 ᾗ.
1398 2633 1459 2706 27.
1492 2638 1601 2728 Atque
1623 2635 1746 2716 etiam,
1771 2633 1819 2724 er]
1846 2627 1993 2702 ldenim
2008 2636 2142 2725 probat
2154 2639 2220 2730 syl·

221 2783 266 2829 ne
292 2749 448 2847 partium
478 2737 613 2828 colligit
642 2735 821 2826 potiorem
851 2733 1002 2804 utilitate
1031 2726 1197 2799 honesta·
1246 2735 1396 2825 logismo
1420 2734 1592 2818 acervali,
1620 2757 1724 2828 quem
1746 2735 1891 2804 soritem
1906 2737 2098 2829 appellant.
2150 2740 2221 2807 llo·

221 2874 306 2930 tem.
342 2842 604 2923 Fortitudinem
619 2836 748 2929 posuit,
772 2860 863 2929 quae
879 2834 917 2902 in
933 2832 1195 2924 contemptione
1247 2839 1359 2909 mines
1376 2840 1470 2906 enim
1493 2836 1631 2907 ratione
1655 2851 1690 2906 ct
1705 2837 1866 2907 oratione
1877 2839 1972 2908 inter
1987 2865 2024 2910 se
2041 2842 2222 2913 coniuncti

220 2982 341 3036 rerum
362 2964 604 3023 externarum:
632 2939 867 3030 comitataque
889 2949 941 3006 est
962 2936 1194 3026 temperantia
1247 2954 1340 3012 sunt.
1390 2938 1443 3010 lta
1464 2941 1542 3011 iure
1561 2940 1718 3009 naturali
1734 2939 1896 3011 utilitatis
1916 2967 1991 3014 esse
2011 2945 2119 3014 debet
2138 2970 2221 3015 con-

221 3060 392 3136 iustitiam
415 3063 449 3120 et
468 3043 733 3122 liberalitatem,
775 3065 864 3133 quae
893 3037 1034 3108 suntin
1056 3062 1196 3106 conser·
1246 3043 1392 3114 iunctio,

222 3166 366 3236 ratione
390 3148 566 3226 societatis
588 3142 782 3213 humanae:
813 3155 854 3210 ut
875 3141 1007 3209 dictum
1031 3153 1083 3210 est
1103 3141 1194 3209 libro
1348 3142 1378 3237 ᾗ.
1393 3146 1454 3219 28.
1485 3148 1576 3216 Nam
1588 3146 1674 3214 illud
1686 3144 1832 3239 quidem]
1858 3141 2143 3240 Anthypophora
2157 3163 2220 3222 est,

222 3269 352 3365 primo.
433 3253 622 3327 Detrahere
647 3257 757 3316 autem
792 3249 832 3314 de
866 3244 987 3334 altero]
1018 3243 1196 3336 Saepenu-
1246 3247 1423 3319 Nonnulli
1450 3249 1544 3317 enim
1576 3247 1677 3316 aiunt
1703 3272 1776 3315 non
1803 3251 2003 3319 nocendum
2034 3277 2111 3322 csse
2137 3278 2221 3323 con·

222 3394 322 3445 mero
339 3365 442 3433 iterat
462 3354 607 3426 eandem
625 3348 923 3442 propositionem,
951 3344 1033 3440 quia
1051 3360 1196 3438 propter
1246 3351 1467 3442 sanguineis,
1498 3352 1558 3421 sed
1590 3363 1710 3418 tamen
1732 3350 1808 3419 aliis
1832 3352 2006 3424 omnibus.
2056 3354 2130 3447 Qui
2151 3357 2221 3428 siut

224 3502 282 3549 eas
301 3491 421 3541 causas
436 3457 600 3531 homines
613 3454 728 3522 solent
745 3447 965 3520 honestatem
984 3449 1196 3543 relinquere,
1248 3467 1364 3524 autem
1383 3456 1512 3546 gradm
1529 3452 1786 3524 coniunctionis
1801 3449 1997 3540 humanae,
2019 3455 2155 3528 dictum
2171 3472 2222 3530 est

222 3578 289 3652 hac
312 3572 417 3644 etiam
441 3566 484 3634 de
510 3581 613 3629 causa
639 3555 677 3624 in
700 3553 910 3624 Tusculanis
928 3552 1079 3623 maxime
1100 3552 1196 3620 labo·
1247 3556 1338 3626 libro
1360 3558 1491 3650 primo.
1553 3561 1620 3642 Qut
1636 3567 1747 3627 ortem
1759 3557 1896 3647 civium]
1919 3557 1998 3627 Alia
2015 3572 2068 3630 est
2082 3559 2220 3657 Antlry.

224 3680 318 3754 ravit
344 3673 487 3749 Cicero,
520 3675 559 3732 ut
580 3657 644 3728 has
667 3682 723 3727 res
744 3682 818 3727 non
849 3682 922 3727 esse
948 3657 1060 3725 malas
1082 3668 1197 3726 osten·
1247 3657 1422 3752 pophora.
1477 3657 1682 3750 Digreditur
1713 3659 1758 3727 ab
1797 3660 1947 3731 arctiore
1974 3644 2143 3750 socictate
2177 3668 2221 3736 ad

224 3789 344 3861 deret,
370 3774 432 3844 sed
448 3763 734 3837 contemnendas.
1248 3788 1491 3845 communem,
1518 3787 1608 3856 quae
1629 3759 1743 3852 prima
1767 3762 1869 3833 nobis
1884 3778 1935 3834 est
1950 3768 2144 3838 secundum
2159 3794 2222 3840 na.

327 3879 357 3972 ἓ.
381 3871 442 3950 25.
482 3876 627 3959 Itemque
654 3866 760 3951 magis
784 3861 848 3951 eat]
880 3859 962 3929 Non
986 3858 1099 3928 solum
1122 3883 1195 3926 non
1248 3877 1377 3934 turam.
1478 3867 1551 3949 Qua
1576 3863 1720 3955 sublato]
1752 3862 1890 3934 Eventa
1916 3868 2053 3959 posuit,
2089 3896 2218 3968 easque

225 4004 277 4064 est
301 3977 483 4055 inserenda
515 3965 663 4047 iniuria,
696 3965 756 4034 sed
788 3987 832 4029 ΗΘ
864 3961 930 4030 Sibi
963 3961 1105 4055 quidem
1130 3961 1194 4031 soll
1249 3968 1450 4059 complexus
1479 3979 1530 4035 est
1553 3967 1719 4048 virtutes,
1751 3993 1841 4060 quae
1864 3974 2065 4041 societatem
2088 3975 2218 4047 civium

225 4091 428 4164 vivendum.
486 4075 563 4143 Hoc
591 4071 692 4137 d0c⁰l
724 4064 882 4134 Herculis
917 4066 1094 4157 exemplo,
1136 4064 1195 4157 qui
1248 4082 1411 4152 tuentur,
1438 4081 1478 4138 ut
1502 4068 1633 4138 dictum
1657 4079 1708 4138 est
1726 4069 1819 4139 libro
1842 4072 1972 4164 primo.
2023 4070 2140 4150 Elium
2157 4084 2219 4151 od.

225 4197 388 4287 regiones
417 4175 647 4275 peragrabat,
680 4169 936 4261 sceleratosque
963 4163 1125 4236 homines
1154 4170 1196 4236 do
1247 4170 1937 4270 versuumn,immortalqumplificarw)
1954 4201 1972 4244 a
1989 4178 2220 4279 religionem),

226 4347 430 4373 “-
1349 4272 1380 4366 §.
1402 4274 1464 4348 29.
1502 4279 1659 4345 Forsitan
1685 4278 1866 4371 quispiam]
1892 4279 2087 4372 Propterea
2122 4289 2219 4378 quod

258 4445 306 4497 eri
324 4437 444 4494 lustttto]
460 4432 544 4484 earu.
562 4424 653 4487 roae,
672 4421 745 4475 raas.
764 4416 911 4468 intimius.
1248 4377 1339 4446 rssfi⁰
1361 4375 1701 4447 circumstantiarum
1721 4379 1842 4464 efficit,
1867 4384 1962 4476 quod
1980 4384 2116 4479 aliquid
2130 4413 2220 4460 noo·

258 4531 307 4587 ra)
325 4528 398 4577 neec
413 4522 480 4572 note
495 4512 605 4566 nonnisi
622 4511 649 4560 in
666 4508 751 4561 ruite.
764 4507 839 4558 tota.
856 4503 1003 4555 osveottor.
1248 4506 1431 4575 nunquam
1446 4479 1608 4548 videatur
1620 4479 1675 4549 vel
1691 4476 1899 4567 honestum,
1925 4486 1981 4555 vel
1996 4497 2111 4580 turpe⁴
2151 4489 2218 4584 Igi.

258 4617 306 4681 24)
328 4615 400 4663 nese
417 4609 484 4659 note
500 4605 528 4654 tn
544 4601 627 4652 Edstt·
647 4598 739 4660 1532,
766 4595 859 4658 Μ,
888 4593 980 4655 Μ,
1010 4591 1198 4643 15624589·
1249 4598 1307 4654 tur
1334 4585 1500 4653 adversus
1526 4583 1716 4653 formulam
1742 4586 1893 4677 opponit
1932 4592 2091 4682 exempla
2126 4596 2220 4682 licta,

177 4706 179 4710 ·
257 4685 398 4829 ”peagio
412 4763 478 4811 nm
494 4759 598 4808 tentum
614 4753 744 4804 aoetttt.
763 4750 838 4801 lm
856 4746 1005 4801 “mm
1248 4684 1560 4759 acircumstantiis
1588 4686 1762 4784 petita”).
1842 4693 1923 4762 Non
1950 4695 2057 4788 enim]
2079 4694 2218 4771 Solutio

258 4846 533 4918 manturanae]
555 4836 843 4904 rotet.1sor.,rses.
863 4829 1128 4897 aratrorum.
1249 4802 1299 4861 ⁸⁵²
1329 4815 1393 4882 Per
1421 4790 1736 4884 ⁰⁰¹¹¹P³f³li⁰¹¹ffl
1791 4791 1893 4863 B⁰¹¹³
1927 4794 2020 4865 enim
2059 4803 2219 4894 corporis

217 4988 219 4992 ι
257 4928 602 5009 mnufflfg1mr,
626 4936 694 4976 mo..
1248 4891 1489 4986 posthabenda
1519 4904 1605 4964 sunt
1625 4892 1729 4964 bonis
1751 4894 1872 4967 animi.
1956 4902 2000 4969 St
2022 4902 2217 5007 Phalarim]

258 5030 307 5096 28)
325 5025 409 5078 Edttt.
429 5016 502 5067 toto.
521 5015 630 5076 praeter
647 5012 716 5059 hauc
733 5007 824 5057 notan
841 5006 875 5055 ed
894 5004 1006 5056 enodem
1030 5000 1086 5055 clo.
1108 5001 1197 5053 locum

294 5099 373 5162 petilo
392 5092 452 5154 post
470 5086 537 5134 batto
553 5083 667 5130 alteram
686 5074 823 5125 reserarit:
851 5074 959 5124 creselt
982 5072 1025 5122 vis
1043 5071 1197 5135 argumenti

293 5165 397 5224 moris,
413 5161 441 5208 et
456 5153 530 5206 eadlt
555 5151 581 5199 to
608 5146 733 5210 speeiem.
769 5142 893 5194 ostendit
911 5143 981 5192 eotn
999 5141 1125 5191 lolortrrr
1142 5151 1196 5191 noo
1282 5148 1329 5216 ao)
1349 5148 1516 5213 amplificet]
1534 5145 1604 5197 ruit.
1624 5144 1737 5195 rosan
1759 5145 1812 5195 Est
1834 5142 2015 5210 onptttcrtto.

292 5223 381 5356 3¹¹1}ss
392 5218 632 5359 fpggjl‘ssssgffll:
644 5211 859 5335 ffi'ffigffiffl
877 5209 957 5261 “¹⁸¹''
980 5214 1078 5261 Μ
1095 5209 1139 5258 '¹¹'
1156 5208 1196 5258 ⁰¹·
1280 5243 1328 5312 an
1346 5255 1419 5303 usa
1438 5257 1503 5302 nats
1520 5252 1546 5300 u
1566 5250 1647 5300 erat.
1667 5250 1758 5313 reae,
1778 5251 1869 5317 isar,
1889 5255 1963 5307 ross
1982 5254 2070 5311 aaut

256 5396 309 5450 29)
329 5389 402 5439 usse
420 5382 485 5430 nota
502 5379 530 5427 et
549 5377 578 5425 n
598 5379 744 5435 sequentes
761 5364 870 5419 oonolsl
889 5364 916 5414 ln
935 5363 1019 5416 rota.
1031 5364 1107 5414 roto.
1124 5363 1197 5415 luter
1279 5355 1328 5415 ὃ)
1348 5357 1420 5408 ltere
1440 5356 1508 5407 nott
1529 5353 1591 5404 ott
1609 5359 1756 5416 soqueoter
1771 5357 1876 5406 uotum
1892 5355 1922 5407 to
1938 5358 2022 5414 lttttt.
2041 5363 2117 5418 ltu.
2134 5381 2215 5437 ημ.

278 5460 349 5509 uel.
367 5448 478 5504 actoru
496 5445 660 5498 Morantur.
1315 5428 1432 5478 rtuottu.
