4544 5766
228 176 325 254 1279
412 222 415 231 .
801 165 924 242 mu.
957 167 1071 243 eut.
1102 167 1303 247 scetere
1334 167 1670 257 eutuouoetcn
1919 247 1973 267 Η
2116 175 2238 251 ⁷12⁸0

330 342 361 438 5.
384 349 420 420 2.
459 345 594 414 Narin
623 342 686 412 loe
711 333 800 437 mea]
833 338 1071 432 Amplilicatio
1098 364 1119 410 a
1142 364 1205 412 sua
1256 315 1447 414 Brundusii
1455 337 1528 441 ω)]
1562 342 1696 415 scilicet
1712 356 1901 439 postquam
1924 347 2025 427 redii,
2039 348 2077 419 in
2098 346 2236 418 ltaliam

230 474 346 523 causa.
407 440 526 542 Dedit]
543 439 786 534 Reprehendit
799 443 985 514 stultitiam
1002 442 1089 527 eius,
1110 446 1208 538 quod
1257 457 1338 535 post
1352 468 1507 537 pugnam
1522 440 1776 522 Pharsalicam.
1843 445 1977 548 Victor]
2003 451 2138 523 scilicet
2152 450 2235 522 Cae-

230 549 452 625 maledixerit
468 547 535 618 sibi
551 546 589 614 in
604 558 740 616 senatu.
816 549 906 617 utut
922 543 1088 645 prolecto]
1115 547 1208 616 Con·
1258 570 1328 618 sar.
1413 543 1612 646 Detulernt]
1644 547 1773 619 Elevat
1793 550 2014 623 beneficium.
2103 557 2179 639 Qun
2202 559 2235 624 in

231 656 357 728 clusio:
382 651 465 722 ldeo
483 650 640 719 invectus
659 661 711 718 est
732 648 769 716 in
791 673 869 732 me,
894 660 935 718 ut
954 650 1152 719 venditaret
1172 673 1208 720 se
1258 644 1317 746 re]
1347 646 1550 719 Translatio
1571 653 1616 720 ad
1636 665 1767 723 statum
1790 654 2023 745 reipublicae:
2057 655 2144 728 Non
2166 669 2233 725 tam

221 755 402 851 ,improbis
423 750 638 823 hominibus.
691 749 820 833 ἄλλως.
877 748 1077 822 Aconsilio
1103 750 1209 823 illins.
1260 764 1312 820 est
1344 749 1538 822 iucundum
1567 750 1677 839 mihi,
1722 756 1820 850 quod
1858 781 1916 826 me
1949 781 2024 827 non
2057 759 2233 842 occideris,

232 864 364 934 Contra
378 881 456 927 rem
471 880 571 926 suam
589 853 746 937 venisse,
772 849 828 922 ich
850 878 910 951 sey
933 854 1049 924 wider
1066 850 1130 924 ihn
1152 880 1210 948 ge·
1261 877 1367 946 quam
1384 854 1451 925 fuit
1466 851 1555 924 mihi
1577 858 1783 943 molestum,
1814 858 1920 929 talem
1942 861 2048 932 fuisse
2069 862 2232 955 reipubli-

231 987 364 1035 wesen.
431 960 521 1029 Sunt
547 956 755 1026 reiectiones
777 957 820 1025 de
845 956 1012 1042 consilio,
1054 983 1125 1052 quo
1157 958 1210 1027 in·
1262 980 1321 1023 cae
1343 968 1491 1040 statum,
1529 957 1567 1027 in
1590 984 1662 1052 quo
1686 984 1862 1056 quemque
1895 961 2041 1055 impune
2064 963 2135 1036 tibi
2152 965 2231 1035 occi·

230 1077 349 1136 vectus
367 1076 418 1133 est
433 1061 610 1130 Antonius
625 1059 661 1126 in
680 1058 898 1129 Ciceronem.
940 1061 973 1131 1.
989 1058 1210 1161 Admonitio.
1262 1061 1344 1127 dere
1359 1058 1524 1153 licuitw).
1835 1131 1844 1141 ,,

231 1176 267 1245 2.
291 1166 343 1236 llli
364 1162 564 1235 habuerunt
585 1162 671 1230 tales
692 1161 814 1230 exitus.
866 1162 901 1231 3.
928 1162 1123 1234 Consilium
1138 1161 1211 1232 An-
1364 1157 1394 1250 5.
1410 1160 1443 1232 6.
1468 1160 1723 1263 Pramnipatne]
1750 1166 1873 1251 idest,
1899 1169 2117 1260 propositae.
2153 1167 2229 1241 Pro

231 1270 342 1353 tonii,
366 1291 441 1336 non
459 1267 556 1360 quod
569 1289 626 1332 me
641 1263 827 1355 despiciat,
853 1267 913 1334 sed
929 1266 1005 1335 vult
1026 1268 1211 1336 ostendere
1261 1262 1418 1353 mulgare
1441 1265 1535 1335 enim
1557 1279 1610 1336 est
1638 1292 1841 1363 proponere
1866 1270 1999 1361 legem,
2033 1271 2229 1367 priusquam

232 1370 423 1466 improbis,
463 1392 498 1438 se
520 1392 592 1438 esse
612 1362 750 1436 hostem
772 1366 998 1458 reipublicae.
1064 1368 1211 1463 Hocque
1263 1365 1504 1438 concludatur.
1553 1367 1661 1439 Ferre
1677 1384 1796 1440 autem
1814 1384 1866 1442 est
1882 1376 2104 1444 concludere.
2175 1379 2227 1447 ln·

233 1489 285 1549 est
300 1484 484 1564 argutum,
510 1468 754 1560 interpretatio
770 1468 900 1538 scilicet
921 1471 1162 1542 consiliorum.
1260 1465 1511 1567 tereessionem]
1538 1470 1660 1556 idest,
1691 1473 1925 1550 tribunitiam.
2000 1471 2152 1573 Pudice]
2174 1476 2226 1546 sci·

335 1572 366 1666 5.
381 1575 416 1646 3.
454 1577 515 1648 cut
544 1568 730 1669 ρήιιεῆ]
764 1570 952 1663 Purgatio,
987 1599 1077 1668 qnae
1100 1573 1212 1643 conti·
1262 1568 1344 1638 licet
1356 1569 1540 1663 Pompeii,
1572 1575 1655 1669 quia
1671 1577 1785 1646 tenuit
1798 1591 1879 1669 post
1893 1579 2078 1649 victorium
2095 1579 2225 1649 &mun

230 1693 292 1752 net
312 1680 437 1748 breves
460 1675 700 1758 defensiones,
734 1673 863 1768 quibus
887 1676 1001 1746 obiter
1022 1678 1213 1768 respondet
1262 1671 1437 1764 Pompeii.

233 1786 278 1854 ad
301 1780 469 1863 crimina,
502 1801 592 1873 quae
617 1774 747 1846 obiecit
759 1776 959 1849 Antonius.
1029 1775 1212 1877 tentatam]
1365 1771 1395 1865 5·
1415 1775 1449 1846 7.
1486 1779 1573 1870 Uno]
1604 1775 1735 1849 scilicet
1754 1779 1888 1878 aliquo.
1959 1778 2152 1881 deceperit]
2175 1782 2225 1853 sci-

231 1885 436 1976 Respondet
450 1881 612 1976 querelae
623 1877 790 1962 Antonii,
815 1893 855 1949 ut
868 1881 973 1949 fidem
990 1906 1089 1950 suam
1108 1893 1214 1951 testa·
1262 1874 1345 1945 licet
1360 1900 1425 1967 ego
1441 1879 1600 1950 tractabo
1617 1905 1697 1951 eum
1710 1878 1818 1953 hodie
1831 1883 2015 1977 prolixius.

232 1986 438 2058 tamiaciat.
487 1981 648 2055 Primum
667 1982 761 2051 enim
778 1995 920 2076 questus
943 1995 994 2052 est
1013 1984 1056 2052 de
1081 1983 1213 2053 violata
1365 1978 1450 2070 Cap.
1471 1978 1530 2051 lV.
1565 1979 1596 2074 5.
1622 1983 1656 2054 7.
1687 1990 1736 2057 At
1757 1991 1859 2058 ettam
1879 1989 2027 2078 litteras]
2058 1984 2159 2059 Alius
2186 1999 2225 2057 est

236 2089 402 2160 amicitia,
898 2176 903 2183 .
1262 2078 1360 2150 locus
1376 2083 1420 2150 de
1436 2082 1578 2166 litteris,
1605 2110 1694 2179 quae
1709 2100 1829 2158 extant
1849 2089 2100 2161 blandissimae
2122 2090 2165 2159 ad
2177 2090 2226 2158 At·

335 2189 421 2281 Cap.
434 2186 476 2258 11.
497 2183 528 2277 5.
544 2188 580 2256 3.
608 2188 733 2258 Contra
748 2180 839 2282 rem]
863 2184 994 2267 Venire
1010 2201 1132 2256 contra
1150 2187 1214 2257 ali·
1264 2181 1371 2252 ticum
1400 2183 1462 2256 lib.
1487 2186 1546 2259 14.
1591 2188 1698 2281 Quod
1736 2216 1875 2262 mecum
1905 2217 1969 2284 per
2001 2192 2122 2265 literas
2157 2191 2226 2283 egb,

235 2319 361 2390 quem,
401 2304 452 2360 est
482 2291 668 2358 defendere
697 2287 851 2382 aliquem
874 2288 910 2356 in
934 2289 1064 2358 iudicio
1089 2304 1213 2360 contra
1264 2283 1395 2380 erem).

234 2398 402 2488 aliquem.
496 2387 622 2562 Flore]
639 2390 731 2461 Puto
756 2416 836 2461 eum
861 2405 986 2460 notare
1009 2393 1213 2464 Curionem.
1369 2385 1400 2477 5.
1416 2390 1451 2460 8.
1477 2393 1681 2486 stultitiam]
1704 2392 1955 2487 Amplificatio.
2036 2403 2079 2470 Ut
2097 2398 2227 2468 Mutet·

233 2496 395 2591 Opponit
409 2492 585 2562 rationem
625 2494 803 2565 onestatis.
869 2491 1125 2593 Intercessoris]
1149 2497 1214 2566 sci·
1264 2485 1333 2588 lae]
1358 2488 1567 2584 Exaggerat.
1647 2496 1811 2589 Temieio]
1838 2499 1875 2568 id
1891 2512 1961 2583 est,
1986 2497 2157 2570 militibus
2172 2499 2228 2567 tuis

232 2602 316 2671 licet
346 2597 531 2680 Curionis,
570 2597 653 2690 quia
686 2595 779 2664 inter
807 2596 1005 2666 Antonium
1030 2611 1064 2667 et
1089 2599 1215 2669 Curio·
1264 2590 1410 2664 sicariis.
1441 2595 1588 2686 Semper
1602 2596 1697 2667 enim
1712 2625 1791 2669 cum
1808 2614 1944 2670 armata
1960 2627 2072 2673 manu
2085 2600 2228 2693 exemplo

234 2729 314 2773 nem
331 2701 397 2771 fuit
411 2699 523 2790 turpis
536 2697 770 2768 familiaritas.
826 2697 1039 2770 lntercessor
1056 2715 1126 2786 est,
1152 2701 1213 2797 qui
1265 2693 1423 2766 Caesaris
1445 2698 1600 2768 venitin
1621 2713 1794 2773 senatum.
1878 2704 2118 2798 chirographo]
2150 2702 2229 2796 Quia

233 2804 417 2898 proposita
433 2802 550 2894 aliqua
566 2801 640 2891 lege
654 2802 880 2885 adversatur,
906 2815 940 2871 et
954 2802 1102 2894 impedit
1115 2805 1214 2874 illam
1266 2797 1439 2888 allegabat
1456 2794 1692 2894 chirographa
1711 2804 1879 2876 Caesaris.
1953 2809 2113 2880 Libram·
2129 2803 2231 2898 menn]

233 2910 358 3000 legem.
459 2897 757 3000 Libertinnm⁴⁷)]
800 2904 894 2997 Quia
917 2904 1096 2978 Antonius
1116 2908 1216 2978 duxit
1265 2900 1303 2972 id
1319 2912 1389 2984 est,
1410 2902 1561 2996 scriptae
1576 2929 1677 2976 meae
1699 2906 1849 2979 litterae.
1922 2913 1996 2981 lam
2020 2913 2153 2979 invideo
2171 2936 2230 2978 mee

233 3033 381 3082 uxorem
397 3006 561 3098 ignobilis
574 3004 768 3076 cuiusdam.
838 3003 905 3105 At]
932 3008 1132 3080 Secundum
1149 3012 1216 3080 cri·
1262 2997 1387 3100 pistre]
1413 3001 1595 3077 Invehitur
1611 3007 1650 3077 in
1665 3023 1930 3103 praeceptorem
1939 3012 2103 3082 Antonii.
2161 3015 2231 3084 Mn·

233 3137 329 3183 men.
404 3104 499 3205 Nae]
526 3107 756 3178 Affirmantis.
1262 3109 1383 3198 pietro]
1408 3108 1538 3179 scilieet
1554 3109 1658 3180 Sexto
1675 3111 1814 3183 Clodio.

337 3210 369 3302 5.
384 3210 419 3284 4.
444 3207 659 3308 dupundius]
687 3209 850 3281 Tertium
867 3213 1020 3296 crimen,
1046 3215 1148 3308 quasi
1163 3216 1216 3284 di-
1369 3206 1400 3297 5
1417 3208 1452 3280 9.
1478 3218 1526 3285 At
1545 3237 1603 3305 epe
1620 3216 1713 3309 tuos]
1742 3215 1966 3286 Praeteritio.
2056 3212 2232 3314 Qeoenden]

236 3330 309 3387 eat:
336 3312 512 3382 Antonius
527 3312 695 3404 gloriatus
711 3324 762 3383 est
777 3338 813 3383 se
830 3316 969 3386 cessisse
987 3318 1029 3386 de
1051 3342 1115 3389 suo
1135 3319 1216 3389 loco
1266 3310 1304 3380 id
1320 3323 1389 3394 0⁸1,
1418 3311 1534 3385 Clodii
1548 3315 1672 3389 filium·

236 3417 419 3499 Ciceroni,
452 3414 583 3485 seilicet
602 3441 680 3487 cum
705 3416 780 3509 ipse
801 3416 979 3491 Antonius
998 3435 1118 3511 posset
1139 3423 1216 3492 fieri
1368 3413 1455 3508 Cap.
1478 3417 1522 3491 V.
1562 3414 1677 3509 5.10.
1717 3424 1787 3493 Sed
1809 3445 1909 3516 quum
1929 3421 2029 3514 mihi]
2063 3418 2232 3493 Transitio

236 3545 368 3612 augur,
410 3542 445 3588 se
474 3531 593 3591 tamen
613 3520 708 3590 ultro
731 3544 872 3612 passum
899 3547 991 3606 esse,
1029 3537 1070 3593 ut
1092 3525 1215 3597 Cicero
1267 3515 1432 3590 iucunda·

236 3624 435 3714 eligeretur.
499 3619 659 3711 Augures
681 3623 844 3707 fuerunt,
878 3624 1098 3696 sicutmodo
1121 3632 1216 3721 apud
1372 3619 1479 3711 5-11.
1505 3617 1790 3721 Qutnmutatn]
1815 3622 2056 3695 Transitiode
2079 3649 2146 3696 sno
2166 3648 2233 3695 ton·

234 3749 302 3796 nos
317 3736 400 3794 sunt
412 3723 585 3794 canonici.
647 3723 870 3825 Concessisse]
889 3725 1085 3819 gewichen.
1144 3737 1216 3804 Νο-
1265 3722 1394 3794 sulam·

237 3818 469 3921 minaverunt]
493 3821 547 3892 llli
563 3823 678 3908 enim,
711 3826 774 3924 qui
797 3843 898 3898 erant
921 3832 1122 3926 praecipui,
1154 3831 1218 3905 ha.
1370 3820 1401 3915 5.
1422 3829 1481 3898 12.
1505 3829 1746 3916 reptacester.
1761 3831 1924 3924 Seruilio]
1948 3827 1982 3897 A
1997 3829 2162 3913 testibus,
2186 3825 2236 3923 qui

235 3932 368 4001 bebant
389 3926 443 4001 ius
467 3926 691 3998 nominandi.
768 3930 949 4031 solvendo]
984 3934 1077 4028 Quia
1098 3939 1218 4009 nullus
1268 3929 1490 4000 consulatum
1507 3925 1687 3998 Cleewssis
1706 3930 1916 4020 probarunt·

237 4035 426 4104 obaeratus
450 4029 703 4100 admittebatur
723 4033 768 4100 ad
787 4034 1024 4126 magistratus.
1110 4047 1217 4112 Unum
1372 4031 1458 4123 Cap·
1472 4027 1530 4101 Vl·
1558 4028 1664 4121 514·
1690 4036 1743 4103 Dt
1765 4036 1934 4123 republica
1958 4029 2155 4129 retulistii]
2179 4032 2234 4104 Fet·

234 4129 382 4230 tribum]
407 4132 532 4217 idest,
557 4156 631 4203 non
646 4134 818 4225 potuisses
833 4136 938 4207 unius
960 4137 1071 4210 tribus
1094 4143 1218 4212 suffra·
1269 4158 1400 4203 cursus·
2124 4206 2127 4211 .

238 4239 294 4330 gia
319 4235 481 4305 emereri.
564 4232 689 4335 Ferre]
724 4238 761 4308 id
783 4252 852 4323 est,
885 4236 1016 4311 hahere
1039 4245 1219 4337 suffragia,
1372 4232 1489 4326 515.
1533 4240 1585 4309 Tu
1611 4260 1714 4331 quum
1736 4237 1940 4329 prinoipem]
1979 4235 2236 4332 Frequentatio.

236 4352 299 4410 aut
313 4337 465 4410 calculos
478 4337 582 4409 unius
597 4337 722 4412 tribus.
754 4341 872 4412 Omne
886 4344 967 4414 tulit
981 4359 1151 4437 punctum
1159 4347 1218 4447 ⁴⁸).
1273 4344 1379 4410 litem
1391 4340 1618 4431 exhauriunt]
1644 4334 1845 4420 ἀντίθεσις.

236 4436 358 4538 Cuius]
385 4440 517 4513 scilicet
532 4439 709 4513 Curionis.
1372 4440 1458 4533 Cap.
1482 4439 1556 4514 Vll.
1590 4435 1704 4532 515.
1744 4444 1788 4511 ln
1810 4443 1870 4512 loe
1883 4439 1929 4536 ⁰⁹)
1949 4440 2084 4532 templo]
2117 4438 2236 4513 scilieet

340 4541 425 4637 Cap.
446 4540 504 4616 ΙΠ.
547 4541 578 4637 5.
595 4540 631 4616 5.
665 4550 711 4615 At
736 4544 911 4645 beneficio]
946 4550 1122 4641 Quartum
1152 4553 1219 4620 cri·
1270 4544 1502 4615 Concordiae.
2255 4570 2263 4587 ·

235 4668 331 4718 men.
405 4642 655 4746 Proemetuli]
681 4647 800 4732 idest,
826 4650 882 4742 egi
898 4651 962 4722 tibi
979 4652 1121 4743 gratias.
1163 4651 1219 4724 ln·
1372 4644 1478 4738 §.16.
1507 4650 1662 4730 Consule,
1686 4651 1835 4740 plenum]
1862 4645 1991 4716 leonia.
2032 4645 2160 4717 Partes
2172 4642 2237 4715 sub

236 4748 348 4821 iurias
363 4746 587 4841 accipiendo,
614 4764 649 4820 et
669 4753 800 4841 gratias
823 4757 958 4844 agendo
985 4755 1095 4827 evasit
1120 4771 1217 4828 tarua
1271 4748 1362 4832 licii.
1388 4775 1476 4844 quas
1492 4745 1721 4839 reprehendit
1738 4751 1774 4818 51¹
1792 4750 1986 4820 consulatu.

236 4851 413 4945 pericula,
452 4849 568 4946 iuquit
598 4851 743 4948 quidam
766 4854 900 4927 aulicus
920 4859 1016 4950 apud
1038 4858 1219 4932 Senecam.

240 5029 443 5045 ..........
1303 4987 1352 5046 te)
1369 4985 1549 5046 Brundustt]
1566 4984 1608 5036 sio
1624 4984 1673 5037 ltu
1693 4984 1784 5049 16685
1810 4984 1861 5035 Et.
1873 4982 1960 5036 orell.
1976 4979 2144 5036 mut.

1303 5071 1352 5129 oo)
1370 5069 1461 5131 ltoult]
1479 5069 1618 5120 11111668.
1638 5079 1734 5119 errore
1751 5071 1878 5132 typogr.:
1902 5065 1996 5117 locuit.

272 5125 323 5184 ⁴⁶)
339 5123 439 5188 praue]
464 5118 506 5171 ⁸¹⁰
522 5118 572 5172 Μ·
586 5120 679 5184 '⁶⁶⁸⁴
706 5120 756 5174 Μ·
775 5121 860 5174 ⁰⁸⁰⁰·
877 5126 1056 5190 '’²'‘“³‘l¹¹“'’'·
1305 5158 1354 5215 u)
1372 5157 1413 5205 ns
1436 5155 1479 5205 nn
1502 5154 1597 5205 vern·
1621 5153 1715 5218 tumn
1738 5153 1855 5217 splenia
1877 5150 2022 5204 ctorem
2047 5151 2084 5203 ιιι
2105 5148 2239 5201 annum

272 5226 321 5285 17)
342 5224 774 5286 attentnnantere.1ase.;
799 5226 848 5275 111.
868 5228 952 5279 oren.
972 5227 1111 5279 ttterttnt.
1339 5225 1479 5275 consulem
1501 5223 1622 5291 scrtptu,
1656 5223 1733 5275 cutus
1755 5223 1909 5287 ‘exenplun
1931 5220 2024 5272 anteo
2053 5218 2189 5297 toueptst.
2206 5213 2239 5264 t&

271 5328 319 5386 48)
337 5326 432 5375 flotil-
449 5333 497 5374 ⁸1¹⁸
513 5330 585 5389 poet.
598 5325 674 5380 wa
697 5325 784 5377 omne
803 5328 866 5378 tuttt
884 5333 1028 5395 punctum,
1052 5330 1098 5393 qut
1115 5329 1222 5382 ntnutt
1340 5292 1402 5343 mm
1418 5292 1494 5343 m·
1511 5291 1594 5343 Μ·

306 5395 374 5444 ”⁰¹⁰
391 5391 472 5444 nutet
812 5446 815 5452 ·
1305 5395 1355 5454 ⁶2)
1372 5395 1439 5458 Μ]
1457 5395 1499 5449 ⁸1⁰
1515 5393 1566 5453 ld.
1585 5393 1679 5458 ttius
1694 5392 1745 5448 111.
1763 5392 1849 5448 orett.
1865 5405 1908 5451 eo..
