4544 5766
121 192 196 266 ω
279 124 285 135 ,
682 177 804 253 em
837 173 1552 259 umscuuaaruuoroueu
2042 184 2123 263 see

125 378 254 434 terram
277 358 351 430 sine
369 354 549 425 voluntate
573 351 750 447 patris⁷¹).
810 349 914 421 Item:
951 348 993 421 ln
1015 350 1091 442 ipso
1144 350 1302 444 aliquam
1322 347 1441 424 babet.
1488 351 1536 423 Et
1555 366 1920 449 suntnonnuuquam
1939 358 2124 429 naturales

124 488 262 545 sunaus,
300 458 450 528 vivimus
479 468 514 525 et
540 453 790 548 movernurl').
850 455 961 523 Multa
987 452 1093 523 etiam
1145 478 1267 525 causae
1299 452 1472 525 eiusmodi
1498 469 1706 540 eventuum,
1748 482 1899 552 quarum
1930 460 2125 555 pleraeque

123 579 264 661 praeter
295 559 474 630 naturales
501 581 622 627 causas
646 555 816 627 Diabolus
839 557 943 627 efficit
965 555 1003 623 in
1027 551 1094 640 his,
1144 557 1344 626 suntuobis
1360 557 1519 649 ignotae,
1543 571 1583 627 ut
1600 558 1630 628 si
1652 558 1731 651 quis
1754 562 1920 631 morbum
1943 587 1985 632 ex
2005 563 2124 653 gravi·

125 671 186 765 qui
201 664 329 737 deserti
343 688 362 731 a
378 661 455 730 Deo
472 660 700 752 impelluntur
715 685 733 725 a
748 659 912 729 Diabolo.
1145 669 1215 748 tate
1232 660 1321 729 coeli
1341 656 1526 729 contrabat
1541 673 1576 729 et
1589 661 1947 734 rursos'convalescat
1957 664 2029 734 loci
2044 691 2124 737 mu·

226 769 313 859 Cap.
326 761 418 835 XVI.
445 759 475 854 ἓ.
491 762 551 851 61.
576 765 766 853 Dilipenter
784 773 834 833 est
856 759 1093 851 separandum]
1144 762 1288 835 tatione.
1315 761 1437 853 ¹Multa
1450 776 1633 855 praeterea
1648 762 1811 836 accidunt
1826 766 2007 852 divinitus,
2030 791 2123 863 quae

123 872 163 944 ld
180 884 250 955 est,
276 891 399 938 causae
413 867 627 935 necessariae
644 876 726 935 sunt
739 864 955 956 separandae
975 886 998 930 a
1021 885 1095 930 non
1144 888 1219 933 non
1232 860 1365 934 habeut
1379 866 1541 958 proprias
1558 878 1593 935 et
1607 869 1820 938 necessarias
1835 870 1924 941 ullas
1939 869 1977 939 in
1992 885 2121 941 natura

124 971 347 1055 necessariis,
387 982 428 1040 ut
458 993 537 1037 cum
565 968 735 1038 iustitiam
754 964 947 1038 humanam
959 988 1095 1057 posue·
1145 990 1284 1050 causas,
1309 980 1351 1037 ut
1365 991 1445 1038 cum
1462 967 1500 1039 in
1516 968 1701 1061 naufragio
1716 971 1898 1063 contingat
1912 973 2023 1045 aliurn
2039 998 2123 1044 ena·

123 1076 250 1171 sitm)
279 1096 419 1143 causam
443 1069 716 1152 iustificationis,
758 1083 809 1140 est
834 1069 1012 1164 quaestio,
1049 1091 1094 1139 an
1144 1081 1239 1153 tare,
1266 1069 1374 1139 alium
1391 1071 1518 1162 perire.
1560 1068 1645 1141 ltem
1662 1095 1851 1162 regnorum
1868 1074 1972 1145 vices.
2014 1076 2121 1147 Recte

125 1181 172 1253 sit
186 1175 393 1259 necessaria,
409 1172 564 1243 annon?
595 1173 727 1242 Paulus
742 1174 941 1265 respondet,
956 1168 1094 1266 n0n⁷³).
1146 1171 1252 1264 igitur
1277 1173 1422 1269 definias
1441 1174 1623 1244 fortunam
1648 1187 1924 1260 eventum-esse,
1964 1179 2027 1272 qui
2048 1204 2121 1248 non

128 1287 284 1371 Utinam,
311 1280 392 1371 etc]
416 1274 493 1346 Hoc
508 1276 633 1346 Cicero·
652 1298 755 1366 saepe
779 1276 924 1367 allegat,
957 1287 992 1342 et
1008 1271 1095 1343 reci·
1144 1289 1287 1358 nostro,
1327 1278 1388 1345 sed
1409 1276 1530 1345 divino
1552 1275 1699 1347 consilio
1724 1278 1871 1368 regitur.
1933 1279 2012 1350 Huc
2035 1283 2120 1351 illud

125 1397 245 1454 tantur
266 1378 304 1450 bi
325 1405 445 1449 versus
466 1381 503 1447 in
516 1375 706 1449 Rhetorica
730 1381 775 1447 ad
790 1377 1028 1461 Herennium,
1055 1400 1096 1444 ex
1143 1378 1345 1449 Salomonis
1353 1377 1400 1473 7ὅ)
1416 1379 1583 1471 pertinet:
1609 1377 1651 1449 ln
1673 1379 1790 1449 sinum
1814 1381 2027 1453 deiicinntur
2047 1408 2120 1456 sot-

124 1486 248 1556 Medea
258 1483 316 1579 ⁷⁴).
397 1483 799 1576 deposueramus]
833 1481 886 1551 Ex
913 1478 1095 1549 comoedia
1145 1495 1217 1566 tes,
1242 1494 1279 1550 at
1293 1506 1311 1551 a
1330 1480 1406 1551 Deo
1423 1481 1590 1551 iudicium
1605 1506 1726 1551 eartrm
1742 1484 1986 1574 proficiscitur.

124 1588 240 1682 aliqua
258 1597 339 1657 sunt
356 1585 476 1676 petita.
1094 1656 1098 1665 ,
1249 1580 1279 1674 ᾗ.
1296 1581 1355 1653 64.
1389 1589 1446 1653 lin
1471 1608 1532 1679 pua
1551 1587 1657 1677 urica]
1684 1581 1724 1653 ld
1748 1598 1819 1669 est,
1851 1610 1914 1657 vos
1938 1612 2045 1679 saepe
2069 1611 2120 1655 ar·

226 1685 330 1780 §.62
355 1692 463 1781 Atque
476 1692 577 1758 etiam
591 1695 640 1757 eat
654 1709 833 1756 causarum
844 1684 1096 1774 dissimilitudo]
1147 1685 1405 1776 gumentamiui
1434 1687 1472 1757 in
1503 1686 1580 1755 iure
1606 1689 1649 1756 de
1671 1689 1833 1766 luctuum
1864 1712 1949 1759 narn
1968 1691 2118 1760 multum

123 1794 266 1865 Summa
289 1787 377 1859 baec
399 1814 526 1880 genera
550 1800 633 1858 sunt
654 1812 858 1870 causarum,
889 1800 1036 1857 naturae
1062 1797 1096 1853 et
1145 1788 1311 1870 interest,
1333 1789 1363 1858 si
1387 1792 1465 1882 quis
1488 1790 1686 1860 voluntarie
1695 1788 1765 1885 ⁷⁶⁸)
1791 1814 1838 1861 an
1858 1790 2009 1861 insciens
2033 1792 2118 1862 occi-

124 1894 327 1965 voluntatis.
391 1888 536 1960 lllorum
560 1913 644 1979 ergo
666 1912 832 1978 generum
858 1884 915 1959 hic
938 1886 1096 1977 exempla
1146 1887 1329 1985 derium).
1417 1896 1546 1964 Cadunt
1557 1897 1659 1963 dmm
1673 1897 1710 1963 in
1726 1897 1986 1982 ignorationem,
2010 1896 2122 1990 murae]

124 1998 236 2091 ponit.
287 1994 441 2063 Allectus
463 2005 497 2061 et
513 1988 653 2060 babitus
675 2015 749 2061 non
769 1993 893 2082 procul
916 1991 1095 2061 dissident
1145 1991 1184 2061 ld
1216 2005 1284 2077 est,
1321 1992 1466 2065 allectus
1496 2008 1645 2086 possunt
1674 1994 1779 2065 etiam
1803 1994 1916 2064 videri
1944 1999 2119 2067 naturales

124 2101 247 2193 ltaque
271 2108 353 2166 sunt
370 2091 510 2165 babitus
532 2094 570 2162 in
592 2094 736 2178 animis,
772 2106 941 2187 tanquam
961 2093 1095 2173 colores
1147 2118 1269 2165 causae
1287 2106 1320 2163 et
1335 2116 1409 2169 non
1424 2097 1657 2166 voluntariae.

124 2205 163 2270 in
178 2199 396 2290 corporibus.
445 2197 617 2268 Naturam
635 2209 739 2265 vocat
753 2197 1018 2267 inclinationem
1033 2219 1096 2263 na·
1193 2238 1197 2246 ·
1248 2194 1280 2286 §.
1293 2193 1354 2270 65.
1382 2203 1462 2270 Toto
1478 2203 1584 2289 ipitur
1598 2201 1679 2291 loca]
1705 2198 1891 2271 Concludit
1908 2202 2029 2273 locum
2044 2226 2119 2275 cau·

124 2305 287 2374 turalem.
344 2298 497 2392 Quidam
520 2297 632 2390 magis
656 2300 701 2368 ad
722 2298 832 2385 iram,
855 2300 1008 2394 ¹quidam
1032 2322 1096 2366 na·
1146 2323 1285 2379 sarum;
1334 2300 1374 2369 in
1406 2301 1613 2371 tractatione
1644 2326 1827 2373 causarum
1859 2319 2021 2376 versatur
2049 2318 2119 2376 tota

124 2420 205 2476 tura
221 2406 265 2473 ad
279 2403 459 2472 lenitatem
476 2401 723 2494 propensiores
740 2415 831 2474 sunt.
872 2403 999 2473 Casmn
1016 2402 1096 2472 sub
1148 2397 1261 2471 oratio
1277 2427 1343 2495 pro
1354 2402 1506 2472 Milone:
1534 2405 1620 2498 quid
1637 2404 1774 2477 consilii
1785 2405 1928 2478 Clodius
1946 2403 2119 2492 habuerit,

124 2509 206 2579 iecit
227 2505 435 2576 voluntariis
465 2505 595 2588 causis,
635 2505 731 2599 quod
756 2501 955 2577 humanum
976 2503 1097 2579 consi·
1147 2506 1242 2600 quod
1264 2505 1394 2575 Miloni
1420 2505 1605 2578 insidiatus
1631 2507 1693 2578 sit:
1736 2509 1821 2601 quid
1853 2511 1993 2580 consilii
2020 2510 2118 2597 Milo,

124 2613 212 2683 lium
225 2609 337 2702 possit
348 2611 511 2679 fortunae
528 2621 563 2677 et
579 2608 675 2678 casui
687 2608 834 2678 mederi.
1047 2670 1051 2679 ,
1147 2609 1245 2701 quod
1268 2608 1434 2679 Clodium
1463 2609 1639 2680 occiderit.
1674 2662 1677 2669 -
1718 2612 1951 2705 Differentim]
1992 2610 2032 2682 ld
2060 2626 2118 2697 est,

226 2710 257 2804 ἓ.
275 2712 334 2786 62.
359 2714 557 2782 Huiusmodi
570 2735 688 2780 causae
711 2736 779 2781 nan
799 2710 1035 2803 macenariam]
1057 2704 1096 2779 ld
1144 2723 1288 2800 oportet
1317 2723 1350 2780 te
1379 2712 1566 2783 observare
1589 2713 1675 2782 alias
1697 2737 1769 2782 esse
1789 2716 1969 2787 naturales
1990 2741 2119 2801 causas,

125 2831 197 2901 est,
220 2839 295 2884 non
308 2837 445 2905 semper
460 2813 604 2905 pariunt
611 2812 680 2908 ⁷⁴⁸)
696 2839 776 2885 suos
792 2813 946 2909 effeetusa
1147 2814 1233 2884 alias
1248 2814 1473 2884 necessarias.
1522 2814 1645 2908 Neque
1661 2815 1757 2887 enim
1774 2816 1950 2910 sequitur:
1978 2817 2117 2889 Clodius

226 2914 257 3008 ᾗ.
274 2916 335 2986 66.
370 2920 526 2987 (tmuium
550 2916 884 3008 numerosarum]
917 2915 997 2985 Alia
1018 2937 1097 2985 cau·
1148 2916 1230 2985 odio
1247 2911 1577 3001 babuitMilonem,
1604 2942 1687 3009 ergo
1707 2917 1808 2987 illum
1825 2919 1976 2991 occidit..
2039 2926 2118 2994 Pri·

124 3044 244 3093 sarum
264 3016 402 3087 divisio.
454 3017 640 3108 Quaedam
663 3031 779 3089 certos
800 3019 959 3103 effectus,
991 3040 1097 3111 quae·
1146 3031 1224 3090 omn
1238 3024 1328 3089 enim
1344 3021 1486 3112 iudicia]
1513 3019 1641 3091 Civiles
1666 3022 1945 3106 controversiae,
1970 3048 2047 3093 non
2066 3049 2117 3093 ca·

123 3127 208 3194 dam
241 3120 424 3191 dissimiles
466 3132 500 3189 et
540 3120 736 3192 contrarios
775 3121 932 3204 effectus,
954 3117 1097 3190 babent.
1148 3121 1284 3212 pitales.
1333 3119 1412 3190 Hoc
1426 3120 1595 3193 iudicium
1615 3124 1821 3193 exercebant
1844 3124 2116 3222 centumviriw).

124 3227 258 3296 Omnes
287 3235 406 3291 tamen
435 3246 558 3291 causae
585 3225 632 3293 ad
655 3223 853 3316 superiores
874 3223 996 3293 relecti
1017 3248 1098 3316 pos-
1145 3227 1273 3295 nasus
1289 3225 1502 3315 ministrant]
1527 3222 1568 3296 ld
1583 3239 1652 3309 est,
1677 3225 1802 3296 iuvant
1815 3240 1974 3298 oratores
1982 3227 2065 3324 Ψ).

125 3340 225 3411 sunt,
265 3324 459 3394 voluntatis
478 3337 513 3394 et
533 3340 692 3396 naturae.
783 3332 827 3425 ln
848 3338 971 3399 παίωνα
998 3338 1030 3397 et
1060 3331 1098 3397 in
1249 3321 1280 3416 ᾗ
1295 3325 1354 3395 66.
1385 3331 1429 3396 ln
1450 3331 1600 3399 omnibus
1624 3329 1745 3420 ipitur]
1777 3329 1931 3399 Subiecit
1952 3332 2118 3423 exempla,

124 3430 227 3521 arta]
254 3426 346 3519 Quia
361 3451 419 3498 ars
434 3439 485 3497 est
498 3429 594 3498 veltet
605 3429 769 3525 aemula,
796 3443 830 3498 et
847 3431 1009 3500 effectum
1027 3453 1098 3499 cer·
1149 3439 1183 3495 et
1204 3425 1321 3521 inquit
1341 3429 1459 3498 locum
1481 3454 1665 3500 causarum
1693 3432 1880 3525 praecipue
1907 3434 2119 3507 iureconsul-

124 3547 200 3604 tum
217 3528 334 3601 habet.
404 3602 408 3611 ,
1149 3530 1192 3600 tis
1214 3530 1295 3601 usui
1316 3555 1408 3616 esse,
1448 3532 1532 3626 quia
1556 3557 1660 3625 saepe
1683 3535 1883 3626 quaeritur,
1921 3561 1993 3631 qrra
2020 3562 2120 3609 causa

226 3633 312 3726 Cap.
336 3629 441 3702 XVII.
487 3628 517 3723 §.
540 3632 601 3703 63.
651 3637 749 3705 Attae
782 3647 859 3706 sunt
889 3635 1098 3726 perspicuae]
1149 3630 1284 3726 aliquid
1307 3633 1352 3704 sit
1382 3636 1533 3719 factum,
1566 3648 1607 3706 ut
1628 3635 1756 3707 dolone
1779 3660 1825 3705 an
1849 3663 1970 3709 errore
1996 3640 2119 3735 aliquis

126 3737 225 3832 Quas
254 3759 419 3805 vocamus
442 3735 680 3817 „voluntarias
769 3740 868 3808 Aliae
892 3741 1021 3831 tarem]
1051 3736 1101 3807 Ut
1148 3735 1263 3807 laesus
1279 3736 1336 3806 sit.
1374 3734 1579 3808 Divortium
1593 3762 1662 3831 qua
1680 3762 1783 3808 rausa
1798 3742 1929 3810 factum
1943 3742 2001 3812 sit.
2036 3741 2119 3813 ltcm

125 3843 280 3910 fortuna.
338 3837 427 3905 Sunt
458 3851 576 3906 autem
607 3862 730 3909 causae
761 3839 1003 3934 fortunent)
1036 3839 1099 3921 ali·
1150 3838 1188 3906 iu
1218 3839 1413 3910 actionibus
1436 3840 1551 3910 bonae
1575 3840 1675 3923 fidei,
1707 3867 1775 3937 qua
1801 3867 1904 3913 causa
1926 3858 2068 3937 emptor
2088 3871 2119 3917 se

125 3944 269 4040 quando
290 3940 467 4010 naturales
490 3953 524 4009 et
545 3940 705 4026 divinae,
731 3942 921 4036 aliquando
938 3943 1100 4013 volunta·
1151 3941 1327 4011 venditori
1348 3954 1526 4033 praestare
1547 3945 1765 4014 confiteatur.
1821 3943 2010 4019 Ducuntur
2030 3949 2118 4019 enim

126 4048 212 4117 tiae.
261 4043 324 4114 Est
338 4042 432 4112 enim
448 4044 611 4127 fortuna,
642 4068 721 4114 eum
744 4059 889 4116 eventus
911 4046 1011 4115 nullo
1035 4070 1099 4116 no·
1150 4043 1188 4112 in
1212 4043 1376 4114 omnibus
1400 4044 1662 4139 quaestionibus
1686 4047 1885 4117 firmissima
1915 4065 2118 4141 argumenta

126 4162 199 4219 stro
215 4146 362 4217 consilio
376 4145 520 4237 regitur.
556 4143 603 4215 Ει
618 4158 736 4217 tamen
750 4147 780 4218 is
798 4161 942 4219 eventus
958 4172 1100 4237 causam
1152 4171 1192 4215 ex
1208 4146 1332 4217 causis.
1382 4145 1430 4217 Et
1443 4148 1480 4216 id
1494 4149 1636 4219 demum
1659 4162 1752 4220 recte
1767 4152 1912 4234 docere,
1936 4166 1989 4224 est
2004 4178 2118 4226 causas

1086 4312 1091 4321 .
1150 4246 1203 4318 rei
1224 4249 1388 4340 colligere
1409 4263 1445 4320 et
1466 4253 1680 4343 patefacere,
1715 4266 1756 4323 ut
1776 4255 2116 4354 cumdicemusm),

1150 4389 1353 4405 m

163 4416 213 4472 tt)
230 4413 324 4464 ιιιιιιι.
339 4413 381 4475 to,
398 4411 441 4464 tt.

160 4501 209 4558 rr)
226 4500 285 4548 au.
302 4496 342 4563 u,
359 4497 402 4547 ss.
1182 4476 1234 4535 ra)
1254 4475 1334 4528 νων.
1350 4476 1393 4539 re,
1409 4475 1453 4531 aa,

161 4584 228 4642 72⁸)
246 4581 382 4645 posuerit]
400 4582 440 4632 ste
457 4582 540 4633 attat.
556 4584 652 4650 totu,
672 4583 764 4650 tutta
787 4583 838 4637 Ed.
854 4585 927 4638 tuot).
945 4585 1083 4649 posueris.
1186 4559 1254 4627 ⁷⁶¹)
1273 4561 1377 4625 Si‘1¹¹¹'
1396 4560 1721 4621 ”mmsi‘Dlfflm-
1741 4559 1832 4626 lma
1859 4562 1949 4626 ¹5⁴¹&
1979 4566 2031 4619 Ed·
2051 4568 2117 4621 1666

162 4671 210 4730 73)
228 4668 305 4719 cont.
324 4668 439 4735 noma,
457 4667 561 4731 eusqq.
1218 4631 1372 4681 voluntarie
1389 4631 1458 4730 spuis.
1525 4694 1529 4704 1

160 4758 208 4816 ιι)
227 4753 260 4803 ιιι
284 4765 380 4805 versor
405 4756 470 4805 suut
494 4768 526 4803 01
545 4754 657 4805 neam
680 4757 786 4823 tabule,
820 4767 899 4819 qum
922 4770 954 4807 ,Χ
971 4756 1101 4823 mimo
1183 4715 1254 4784 πθ)
1272 4720 1302 4767 ιιι
1320 4726 1442 4782 margins
1459 4717 1508 4770 Ed.
1524 4716 1597 4769 15³³.
1616 4717 1725 4767 vocibus
1740 4719 1820 4769 artes
1835 4719 1886 4772 ute
1902 4719 1970 4770 trec
1985 4722 2118 4789 aucupe

193 4821 298 4876 Ennius
317 4833 390 4872 more
407 4834 457 4873 suo
474 4822 586 4872 llberlus
605 4826 748 4875 convertit.
785 4826 962 4875 Invertuntur
979 4826 1007 4875 tu
1020 4826 1100 4876 ltoutt
1169 4798 1172 4809 ¹
1218 4792 1297 4838 'um‘
1322 4788 1352 4837 Μ
1368 4786 1794 4886 “t’fmmmillumi*

194 4889 355 4957 fragmenti!
372 4900 389 4940 t
406 4891 538 4943 Culum
561 4893 681 4954 conquir.
704 4896 732 4943 et
754 4894 866 4960 expuo,
898 4906 987 4945 reesa.
1011 4906 1099 4944 mur,
1183 4873 1233 4931 76)
1252 4875 1291 4923 De
1309 4875 1484 4923 centumrrrts
1500 4875 1570 4924 wart.
1589 4872 1689 4922 Adam:
1715 4873 1819 4925 flenda.
1844 4872 1893 4921 der
1910 4874 1989 4926 Bon.
2006 4878 2117 4929 Altertt.

195 4961 321 5014 narseus
344 4961 523 5019 (anuum.
544 4960 617 5012 um.
641 4965 682 5022 a)
708 4976 734 5024 p.
752 4963 807 5014 in.
840 4964 872 5012 u
889 4963 1100 5021 armorumue
1220 4941 1707 5023 *⁸0¹··v·⁵¹u⁰r1·‚¹·e·²⁶⁹⁸t·
1727 4939 1787 4991 ⁴³⁴·
1812 4943 1840 4990 et
1857 4943 2022 5007 acnuam:
2047 4948 2117 4997 11⁶2

194 5028 440 5081 Herennianus.
458 5042 481 5077 c.
493 5029 536 5079 ἥ.
556 5032 665 5091 praeter
682 5033 731 5081 tos
748 5033 816 5081 duos
835 5045 948 5093 versos,
969 5032 1025 5093 um·
1043 5032 1100 5080 ltu·
1218 5013 1415 5074 Rffll'tt'ttmlae
1430 5025 1456 5063 ¹¹·
1471 5011 1685 5083 Rit'liwmffl'·
1703 5009 1729 5061 ³·
1740 5012 1774 5062 A·
1791 5023 1820 5064 V·
1836 5010 1975 5062 Glifl‘flssf
1993 5009 2019 5080 5·
2031 5016 2117 5069 ⁸4²⁴

194 5100 245 5161 rtp.
258 5101 327 5150 Med.
340 5099 366 5149 8.
379 5101 405 5148 t.
423 5098 608 5162 respoudeat,
627 5099 708 5148 ettam
723 5104 826 5162 septe·
844 5103 964 5162 proxime
981 5111 1100 5163 mareri·
1218 5095 1243 5141 ι·
1257 5081 1304 5129 ⁹³¹
1320 5092 1378 5143 ’‘tt-

194 5172 236 5218 tes
254 5168 411 5219 atteruntur.
1184 5164 1250 5229 7⁶¹)
1269 5167 1341 5214 llaec
1359 5167 1424 5215 uota
1440 5163 1546 5215 nonnisi
1564 5164 1593 5211 in
1611 5163 1734 5229 margine
1752 5164 1800 5213 co.
1815 5163 1888 5216 1533.
1907 5164 2058 5220 invenitur.

165 5251 233 5334 etp
251 5263 358 5370 ponpa
373 5254 498 5316 pauore]
516 5253 556 5304 m
572 5253 656 5305 natu.
672 5253 764 5318 asar,
783 5255 874 5319 nam
897 5210 947 5307 ni.
959 5256 1085 5317 saram
1183 5247 1252 5329 nst)
1272 5248 1477 5370 supponamus]
1495 5249 1536 5299 aa
1552 5250 1635 5303 rante
1650 5238 1742 5309 uas„
1763 5252 1853 5315 issa,
1885 5251 1934 5305 aa.
1947 5253 2022 5306 isso.
2041 5257 2118 5307 rua·

194 5333 254 5372 raon
283 5332 400 5384 reaper.
1046 5356 1050 5361 -
1218 5332 1301 5370 consu
1334 5333 1357 5369 s.

157 5403 225 5473 ιιι)
244 5407 384 5470 eorunm]
402 5408 650 5473 sacratisima,
671 5412 760 5474 raar.;
783 5412 832 5462 aa
850 5411 922 5462 issu.
940 5382 1076 5467 tarmus.
1110 5470 1117 5491 .
1183 5405 1250 5468 tue)
1268 5406 1399 5467 dee-uu]
1417 5403 1458 5463 dc
1474 5400 1665 5477 tultum..
1683 5403 1774 5469 tut-3
1797 5402 1848 5457 Bt
1863 5404 1939 5459 ¹⁵⁶⁰·
1956 5405 2090 5463 tom-u
