4544 5766
140 171 242 247 1229
345 166 452 243 XVII.
503 162 791 242 ENARRATIO
826 162 1087 242 oaartottts
1120 163 1369 243 CICERONIS
1402 166 1503 241 PRO
1535 166 1668 242 REGE
1701 157 1965 247 DEIOTARO.
2070 177 2170 293 12ῥο

136 345 327 436 Arguitur]
341 342 473 413 sedicet
488 341 676 434 probatur,
699 353 895 413 accusatur.
960 332 1125 436 Voluisse]
1176 364 1234 413 res
1248 342 1306 412 vel
1319 342 1488 414 Caesares
1503 366 1570 434 pro
1585 356 1689 436 parta
1706 340 1869 415 victoria.
1928 348 2165 443 decumberet]

134 446 313 519 Voluntas
335 445 493 538 primum
524 445 562 514 in
593 442 706 515 causis
729 442 1025 515 coniecturalibus
1047 466 1126 534 spe·
1175 443 1308 516 scilicet
1331 469 1511 516 coenares.
1592 438 1783 541 fugitivae]
1814 446 1944 516 scilicet
1963 443 2163 542 Phidippus

135 552 266 619 ctanda
299 561 361 619 est.
469 542 670 648 Smpicari]
707 544 961 641 Ampliticatio.
1082 550 1126 617 Ut
1174 547 1344 620 medicus.
1394 547 1578 618 Adecaro
1602 571 1788 638 personae.
1824 600 1827 604 -
1863 553 2064 643 Dominam]
2089 553 2161 621 Ad-

134 654 243 745 enim]
268 649 501 720 Confirmatio
521 674 585 722 seu
605 649 802 740 occupatio.
886 641 1006 743 Tanti]
1032 646 1123 718 scili·
1174 650 1272 720 ducit
1289 651 1511 722 occasionem
1528 649 1823 742 incontemptum
1841 652 2025 723 etodium.
2092 660 2162 747 Ego

135 768 192 825 cet
214 753 475 825 immanissimi.
560 752 750 843 Hospitem]
783 750 924 824 scilicet·
940 763 975 820 te
996 749 1122 820 Cacsa-
1172 755 1371 846 mehercule]
1404 753 1568 824 Tertium
1598 765 1868 845 argumentum,
1908 767 1943 823 et
1973 751 2041 823 hoc
2068 759 2162 829 tollit

133 884 224 929 rcrn.
290 860 408 929 Omnia
423 854 617 946 memoriae]
641 851 829 945 Apietate.
889 847 1119 951 Extinguere]
1172 878 1237 944 per
1250 855 1477 926 instantiam:
1503 854 1544 924 ln
1561 867 1662 925 tanto
1678 856 1805 926 scelere
1827 857 1994 927 credibile
2018 870 2087 940 est,
2122 860 2160 930 id

131 953 360 1050 Metaphora.
428 960 641 1049 feracitatis]
667 956 798 1027 scilicet
811 953 993 1026 audaciae.
1058 958 1120 1025 ln-
1172 957 1273 1049 eligi,
1316 960 1416 1052 quod
1446 971 1499 1029 est
1528 957 1822 1041 occultissimum,
1862 956 2052 1029 Deiotarus
2082 985 2159 1032 non

129 1067 227 1156 grati
259 1062 383 1153 animi]
423 1059 460 1129 id
494 1072 564 1142 est,
603 1058 856 1131 beneficiorum
888 1056 1119 1128 immemoris.
1171 1059 1276 1151 elegit
1291 1061 1348 1146 id,
1374 1063 1472 1156 quod
1495 1074 1548 1132 est
1568 1061 1861 1131 occultissimum:
1897 1086 1982 1154 ergo
2004 1079 2158 1137 nonest

130 1171 164 1237 Δ
185 1165 268 1260 qua]
293 1163 427 1234 scilicet
448 1175 489 1233 ut
510 1185 530 1231 a
555 1173 589 1230 te
605 1160 767 1232 Caesare.
867 1159 963 1252 Rex]
986 1158 1120 1231 scilicet
1170 1163 1337 1234 credibile
1360 1165 1507 1234 crimen.
1608 1158 1728 1260 Initia]
1763 1163 1929 1235 Ostendit
1948 1165 2181 1237 incredibile¹

129 1266 336 1339 Deiotarus.
416 1260 635 1361 Tyrannum]
659 1262 732 1333 Alii
746 1264 885 1355 legunt:
912 1261 1119 1355 Tyrannus,
1169 1288 1262 1350 csse,
1300 1266 1453 1338 voluisse
1475 1264 1687 1336 Deiotarum
1713 1264 1899 1338 Caesarem
1924 1291 2035 1337 manu
2064 1270 2155 1338 occi-

131 1368 201 1441 hoc
215 1382 286 1453 est,
312 1366 462 1439 crudelis
479 1380 515 1437 et
527 1366 670 1459 impius.
722 1365 869 1438 Confert
888 1362 982 1434 inter
1004 1387 1041 1434 se
1062 1387 1118 1433 re·
1168 1368 1274 1453 dere,
1299 1393 1380 1439 cum
1393 1369 1530 1440 facilius
1546 1368 1716 1460 potuerit,
1742 1382 1778 1439 et
1790 1369 1947 1441 securius
1961 1394 2099 1440 veneno
2115 1371 2153 1442 in
2172 1422 2176 1429 .

131 1499 212 1566 gem
234 1484 271 1542 et
292 1484 498 1566 tyrannum.
586 1477 631 1541 ta
650 1471 732 1541 laec
753 1469 918 1560 amittam]
951 1465 1115 1538 Primum
1168 1468 1247 1540 ciba
1278 1482 1315 1540 et
1342 1485 1431 1565 potu
1456 1473 1553 1542 dato.
1637 1474 1791 1565 Lapatia]
1826 1469 1978 1561 Legatos
2007 1474 2153 1544 miserat

129 1587 380 1669 argumentum
410 1597 430 1641 a
459 1570 630 1665 periculo.
688 1571 774 1644 Non
804 1583 857 1642 est
871 1569 919 1665 ²⁶)
949 1568 1116 1640 credibile
1167 1569 1358 1645 Deiotarus
1370 1575 1552 1658 Romam²
1581 1585 1621 1642 ut
1642 1574 1848 1643 conciliaret
1868 1574 1936 1643 sibi
1950 1574 2152 1660 Caesarem,
2258 1641 2262 1647 .

131 1701 349 1775 quemquam
376 1700 504 1746 sanum
522 1675 701 1766 suscipere
728 1673 936 1756 consilium,
975 1672 1013 1741 in
1041 1696 1114 1767 quo
1167 1688 1229 1745 aut
1244 1688 1357 1761 certe,
1381 1690 1422 1748 ut
1441 1678 1651 1770 impetraret
1669 1677 1850 1768 regiones,
1885 1700 1976 1769 quae
1997 1677 2065 1745 sibi
2086 1702 2151 1769 per

128 1784 174 1854 sit
193 1794 331 1851 certum
355 1792 392 1848 et
411 1802 589 1849 summum
616 1777 825 1869 periculum.
890 1774 969 1845 Hoc
996 1786 1114 1844 autem
1167 1776 1353 1849 Caesarem
1370 1782 1556 1873 ademptae
1574 1792 1687 1848 erant.
1762 1778 1993 1869 Adulescente]
2020 1779 2150 1850 scilicet

128 1883 315 1956 consilium
333 1883 377 1951 de
403 1880 645 1950 interficiendo
662 1878 812 1950 Caesare
833 1876 955 1948 fuisset
977 1877 1115 1969 pericu·
1166 1878 1324 1952 Castore.
1426 1883 1578 1974 Crimen]
1610 1881 1743 1952 scilicet
1762 1879 1973 1950 Deiotarum
1996 1881 2149 1951 voluisse

128 1987 361 2060 losissimum:
388 1982 497 2076 igitur
512 2008 587 2052 uon
606 1995 659 2052 est
679 1979 882 2052 verisimile.
956 1981 1127 2072 Liberos]
1165 1994 1200 2052 te
1233 2007 1370 2053 veneno
1396 1984 1605 2054 interficere.
1712 1982 1876 2073 Veritate]
1910 1982 2041 2052 scilicet
2063 1983 2149 2076 quia

128 2093 260 2172 idest,
293 2087 563 2157 confoederatos
585 2110 666 2155 curn
686 2082 872 2154 Romanis.
948 2083 1113 2174 Quanam]
1164 2109 1239 2156 non
1253 2110 1377 2156 verum
1395 2086 1473 2158 fuit.
1545 2087 1776 2177 Criminandi]
1802 2084 1934 2155 scilicet
1948 2087 2148 2158 accusandi.

128 2192 347 2282 Confutatio.
426 2183 592 2286 Quanam]
627 2185 731 2283 quasi
751 2185 863 2255 dicat:
898 2183 1112 2255 miserrimo.
1163 2189 1246 2282 lice]
1268 2187 1401 2258 scilicet
1419 2189 1555 2258 crimen
1575 2188 1714 2258 veneni.

127 2293 339 2384 maroam]
366 2289 499 2373 idest,
530 2291 709 2373 desertus,
739 2288 909 2358 divulsus.
989 2284 1112 2378 Tanta]
1266 2286 1298 2382 ἓ.
1317 2290 1376 2360 18.
1402 2298 1450 2363 At
1465 2295 1503 2362 id
1513 2290 1611 2383 ficri]
1637 2289 1844 2360 Confutatio
1866 2289 1911 2358 ab
1932 2288 2146 2381 importuni-

127 2399 261 2473 scilicet
287 2410 320 2464 te
351 2391 595 2463 interficiendi.
698 2384 894 2482 mutarat]
928 2387 961 2456 A
990 2412 1112 2458 conse-
1162 2404 1235 2461 tate
1252 2406 1288 2462 et
1306 2394 1613 2487 consequentibus.
1690 2393 1798 2483 Quod]
1823 2388 2007 2481 Epilogus.

126 2501 328 2599 quentibus.
1264 2491 1296 2587 ὃ.
1313 2495 1372 2566 19.
1397 2503 1445 2568 At
1466 2494 1582 2590 qaam]
1607 2491 1739 2564 Ironia.
1791 2492 1980 2563 Transitus
1996 2494 2041 2561 ad
2057 2491 2145 2562 alias

228 2597 390 2696 capvt.
425 2594 457 2688 ἓ.
475 2597 534 2669 16.
565 2602 631 2680 Aa,
664 2596 776 2687 meda]
808 2592 971 2686 Asignis
990 2617 1111 2684 perso·
1163 2597 1433 2668 confutationes.
1512 2598 1601 2689 lisa]
1627 2594 1860 2666 Confirmatio
1877 2592 2103 2665 accusatoris.

126 2706 268 2781 nalibus
289 2701 473 2776 subiectio.
551 2697 669 2791 Credo]
695 2695 798 2792 quasi
821 2695 934 2767 dicat:
959 2696 1043 2768 Nan
1059 2708 1111 2766 est
1262 2699 1351 2792 Cap.
1366 2697 1441 2770 tlt.
1469 2694 1501 2790 ἓ.
1519 2698 1578 2770 19.
1612 2706 1669 2770 An
1686 2699 1885 2792 Deiotarus]
1910 2691 2145 2790 Quartnmf‘)

127 2808 306 2886 credibile.
391 2802 619 2899 lateamaltpa]
658 2798 791 2871 scilicet
818 2797 1109 2869 inconsideratus.
1162 2815 1430 2893 argumentum:
1481 2800 1565 2872 Non
1595 2814 1647 2872 est
1674 2799 1865 2870 verisimile
1898 2824 1972 2868 non
2007 2810 2145 2868 mutata

123 2921 322 3006 Acorpore
342 2910 387 2977 ad
404 2905 576 2974 animum.
658 2901 810 2993 matut]
837 2901 967 2972 scilicet
982 2899 1111 2970 intelli·
1160 2927 1265 2974 causa
1288 2930 1362 2974 non
1386 2903 1519 2975 mutari
1545 2905 1725 2988 effectum,
1767 2902 1797 2973 si
1825 2902 1956 2972 armati
1983 2898 2144 2992 dispositi

122 3022 241 3115 gebat.
343 3014 551 3102 Quamquam
574 3007 636 3076 lac
662 3006 746 3097 laco]
778 3004 980 3074 Secundum
1006 3027 1110 3095 argu-
1161 3010 1310 3078 suntad
1336 3007 1578 3078 insidiandum
1601 3020 1682 3076 ante
1714 3029 1879 3076 coenam:
1921 3027 2005 3094 ergo
2034 3003 2143 3072 etiam

123 3136 285 3196 mentum
309 3114 353 3183 ab
376 3110 460 3202 ipsis
482 3106 642 3178 moribus
664 3119 829 3176 naturae:
863 3103 904 3176 In
926 3102 1109 3177 hominem
1160 3122 1403 3201 postcoenam
1421 3109 1562 3179 tantillo
1584 3123 1745 3203 ternpore
1768 3132 1913 3177 manere
1938 3106 1988 3175 ibi
2005 3104 2142 3198 potuis-

122 3227 350 3298 moderatum
368 3238 443 3282 non
467 3211 561 3280 cadit
586 3208 666 3280 talis
688 3208 892 3280 immanitas
915 3221 978 3279 aut
996 3209 1110 3293 furor,
1159 3225 1256 3296 sent,
1288 3213 1497 3306 praesertim
1522 3237 1601 3283 cum
1623 3213 1722 3282 ncilla
1747 3224 1918 3302 appareat
1940 3234 2044 3279 causa
2066 3231 2145 3276 mu·

118 3310 1109 3402 Deiotaruscstmoderatissimus:ergononestcredibile
1158 3316 1271 3386 tandi.
1342 3316 1412 3386 Sed
1442 3328 1524 3407 post
1552 3339 1699 3385 coenam
1728 3338 1803 3382 non
1827 3314 2022 3382 affuerunt:
2058 3333 2144 3401 erga

118 3425 326 3519 *concepisse
343 3445 423 3490 eum
440 3418 477 3486 in
493 3417 614 3485 animo
629 3427 766 3483 tantum
786 3414 908 3485 scelus.
983 3417 1109 3499 Quam·
1159 3418 1327 3499 credibile
1359 3431 1412 3489 cst
1445 3418 1551 3486 etiam
1588 3430 1669 3485 ante
1703 3440 1850 3485 coenam
1883 3440 1958 3483 non
1990 3413 2143 3483 affuisse.

121 3532 240 3635 quam]
268 3522 462 3597 Correctio.
538 3519 641 3609 Luca]
667 3515 799 3587 scilicet
819 3512 885 3585 hac
908 3529 1010 3607 parte
1028 3540 1109 3585 cau·
1158 3523 1275 3613 allius]
1307 3520 1440 3592 scilicet
1465 3543 1572 3614 quam
1599 3519 1648 3602 is,
1690 3521 1727 3586 in
1753 3541 1824 3611 quo
1856 3528 1958 3585 creant
1979 3537 2142 3584 munera.

120 3665 194 3712 sae.
272 3626 427 3720 Ingenia]
454 3620 585 3695 scilicet
600 3644 671 3714 quo
689 3618 869 3712 praeditus
885 3631 949 3689 est.
1014 3619 1108 3710 ttae]
1158 3624 1222 3715 At]
1248 3622 1481 3692 Confirmatio
1496 3621 1665 3693 criminis.
1736 3619 1873 3712 mam]
1899 3617 2030 3689 scilicet
2045 3617 2142 3685 ideo-

115 3740 256 3816 ‘scilicet
269 3727 480 3802 constantia.
556 3724 744 3815 Religione]
767 3721 916 3791 Timcns
931 3720 1025 3789 enim
1041 3718 1109 3790 fuit
1159 3749 1228 3818 que
1243 3725 1434 3796 Deiotarus
1450 3725 1516 3795 tibi
1528 3724 1613 3794 alibi
1629 3748 1702 3794 non
1718 3723 1786 3793 fuit
1804 3722 2001 3792 insidiatus.
2077 3723 2142 3789 fea

120 3846 298 3917 Deorum.
375 3835 465 3903 Nata
482 3881 491 3900 .
509 3827 597 3919 .eu]
628 3823 840 3916 Aprobatis
859 3818 1037 3906 1110ῐῖ11118,
1073 3834 1108 3891 el
1157 3831 1249 3921 ciete]
1276 3829 1408 3898 scilicet
1426 3829 1551 3899 eadem
1571 3827 1719 3899 rediisti.
1795 3821 1982 3922 Arma'⁷)]
2009 3820 2142 3892 scilicet

124 3954 309 4021 anteactae
338 3934 432 4003 vitae
460 3929 660 4021 integritate
683 3926 862 4008 Caesaris.
894 3939 929 3995 el
952 3924 1106 3994 allorum
1158 3929 1220 4023 qui
1237 3944 1270 4001 tc
1286 3944 1389 4001 erant
1404 3931 1636 4002 interfecturi.
1709 3924 1886 4025 Retinere]
1914 3923 2014 4022 quasi
2029 3922 2139 3991 dicat:

121 4041 341 4124 testimonio.
443 4037 537 4119 Quia
555 4032 676 4122 igitar]
715 4027 904 4100 Conclusio
934 4027 1007 4096 sive
1033 4027 1107 4119 cpi·
1157 4031 1317 4105 minime.
1392 4036 1493 4126 Illac]
1526 4033 1657 4104 scilicet
1673 4033 1735 4101 ubi
1762 4031 1969 4101 dicebantur
1992 4049 2065 4096 esse
2085 4022 2142 4091 in-

118 4158 243 4246 logus,
268 4136 499 4214 acontrario.
561 4135 822 4226 Impendentem]
847 4131 971 4214 idest,
998 4142 1106 4199 teme·
1155 4134 1278 4207 sidiae.
1344 4139 1467 4223 Quoia
1482 4138 1564 4227 loca]
1591 4135 1796 4206 Confutatio
1811 4157 1831 4199 a
1846 4133 1937 4202 loco.
2012 4124 2141 4217 Talem]

119 4254 271 4329 tarium.
348 4240 478 4331 Exilii]
504 4234 635 4308 scilicet
653 4236 750 4328 quod
769 4233 944 4303 occidenti
963 4232 1106 4303 Caesari
1156 4237 1288 4308 scilicet
1302 4249 1375 4310 tam
1394 4239 1613 4310 munificum.
1689 4238 1784 4328 ltea]
1809 4234 1938 4304 scilicet
1952 4232 2140 4318 Pergame-

117 4351 362 4452 impendisset.
455 4340 535 4431 Vae]
566 4336 699 4410 scilicet
718 4348 950 4407 accusatores.
1009 4334 1106 4428 Apo·
1156 4365 1301 4412 norum.
1377 4341 1528 4432 Attalus]
1551 4341 1683 4410 scilicet
1697 4339 1758 4432 qui
1771 4336 1893 4405 Asiam
1908 4336 2058 4405 liberam
2074 4354 2140 4421 po-

117 4454 266 4554 strophe
282 4453 328 4521 ad
343 4455 575 4518 accusatores.
1156 4444 1241 4535 pulo
1256 4443 1423 4512 Romano
1441 4454 1652 4512 testamento
1665 4439 1911 4534 legaveraiss).
1982 4441 2024 4508 Ρ.
2037 4432 2141 4523 asra·-

226 4559 259 4652 §.
284 4555 342 4626 17.
375 4556 424 4621 At
445 4546 560 4642 quam]
589 4542 703 4613 Affert
726 4540 861 4610 crimen
880 4539 1105 4626 accusatoris,
1155 4548 1291 4638 canum]
1326 4544 1458 4616 scilicet
1483 4545 1661 4613 minorem
1687 4545 1880 4614 delatorem
1903 4533 2139 4628 Carthaginis.

118 4684 161 4744 ut
176 4660 341 4739 ostendat
355 4675 431 4723 non
444 4645 647 4729 convenire,
672 4646 730 4716 sed
746 4643 1003 4736 perabsurdum
1020 4667 1105 4714 ²⁵⁵⁶·
1154 4649 1344 4740 Scriptum]
1369 4648 1500 4717 scilicet
1516 4650 1560 4716 de
1575 4647 1708 4718 Attalo.
1783 4642 2021 4733 Numantiam]
2046 4636 2140 4710 scili·

121 4759 354 4850 Credibiliter]
378 4756 498 4834 idest,
523 4745 591 4819 hoc
608 4748 831 4838 contingitur.
896 4748 1022 4831 Quam,
1047 4749 1104 4816 in·
1156 4763 1211 4820 cet
1225 4751 1351 4820 urbem
1365 4749 1571 4843 Hispaniae.
1648 4748 1757 4840 Quod]
1780 4746 2061 4819 scilicetAttalus
2076 4740 2137 4808 ab·

121 4872 215 4973 9231]
239 4855 444 4942 confutatio
460 4851 697 4935 accusatoria,
723 4852 848 4943 inqua
872 4847 1001 4917 refellit
1021 4870 1104 4916 con·
1154 4877 1234 4922 sens
1248 4854 1391 4925 fecerat.

120 4986 275 5051 iacturas
290 4956 587 5038 adversariorum.
660 4954 783 5045 Quam]
801 4948 969 5020 Mimesis.
1040 4953 1103 5020 In-

120 5080 210 5181 quit]
236 5070 368 5144 scilicet
381 5071 573 5134 accusator.
650 5054 857 5145 Manerare]
880 5052 971 5124 Nam
991 5051 1103 5122 maris
1189 5072 1238 5132 es)
1257 5069 1764 5134 aaarunlauicvocttura.1asa
1787 5068 1936 5133 promum
1953 5066 1997 5116 ..a
2011 5060 2135 5117 maon.

1222 5153 1335 5193 nonen:
1353 5141 1422 5192 retr.
1438 5140 1503 5190 Mel.

1186 5227 1236 5290 27)
1254 5230 1355 5289 Arana]
1374 5229 1416 5279 aia
1431 5228 1481 5278 lta.
1497 5226 1590 5291 latias
1613 5228 1663 5278 tta.
1681 5226 1768 5278 orell.
1785 5226 1926 5279 armatas.

120 5326 325 5358 -··-····'·‘
1185 5312 1233 5375 28]
1252 5314 1362 5364 Attalus
1378 5312 1423 5365 111.
1441 5310 1624 5363 Philometor.
1650 5308 1777 5373 tergant
1799 5320 1865 5372 rex,
1888 5318 1952 5362 aa.
1966 5317 1990 5360 c.
2004 5303 2064 5357 aet.
2083 5303 2133 5354 bc·

155 5424 204 5481 25)
223 5417 285 5468 130„
303 5408 360 5466 at]
377 5401 428 5455 Ed.
445 5397 517 5449 1118.
536 5393 602 5463 Plu]
620 5393 683 5443 atet.
702 5390 762 5445 11011
781 5391 831 5442 est.
1221 5385 1313 5435 retem
1331 5381 1452 5434 instituit
1468 5383 1594 5446 poputum
1613 5378 1773 5429 Rauranum.

123 5197 219 5267 erat,
245 5188 286 5248 ut
299 5195 399 5263 reges
415 5167 591 5236 donarent
605 5181 752 5228 munere
777 5158 931 5250 quodam
954 5153 1102 5225 dictata·
