4544 5766
118 224 194 310 883

119 398 257 469 Deinde
273 401 452 467 adduntur
468 395 759 489 amplificationes
783 395 877 464 iusta
904 389 997 463 ha'nc
1020 414 1104 462 con·

121 527 260 573 versam
280 505 452 570 formam:

163 621 271 698 losquc
289 619 388 677 datram
409 614 513 676 sceleri
534 615 678 691 canimus,
707 613 909 692 populumque
930 624 1081 692 potentem

163 725 196 781 ln
219 739 271 779 sua
292 721 400 779 uictrici
420 733 593 776 conversum
614 716 727 774 uiscera
748 713 904 797 dextra0).

122 829 194 897 Pro
220 825 331 892 altero
356 832 550 890 commate:
590 819 714 912 iusque
737 821 858 888 datum
883 816 1022 900 sceleri,
1053 815 1105 885 di·

124 942 217 997 ctum
239 927 360 995 suisset
382 923 607 1014 simpliciter:
643 934 885 1012 contemptum
907 921 1011 999 iuris3
1044 921 1106 989 sed

123 1031 277 1099 atrocius
300 1026 467 1120 estquod
495 1024 561 1094 ait:
603 1048 771 1117 oppresso
793 1023 891 1107 iure,
928 1025 983 1092 rel
1005 1046 1107 1114 prae-

125 1147 220 1202 textu
237 1131 323 1200 iuris
340 1127 510 1197 immania
533 1126 663 1198 scelera
684 1138 844 1219 suscepta
868 1151 952 1196 esse.
1011 1127 1107 1193 Alte-

125 1262 203 1305 rum
236 1254 374 1302 comma
397 1227 505 1301 habet
525 1229 697 1299 illustrem
718 1225 959 1323 hypotyposin
984 1229 1022 1296 in
1043 1249 1105 1298 sua

127 1341 280 1420 ulscera,
305 1360 384 1404 rum
400 1332 608 1426 simpliciter
626 1332 742 1401 dicere
761 1332 949 1424 potuisset:
974 1329 1106 1400 mutuis

125 1439 329 1511 vulneribus
346 1437 507 1506 cecidisse
522 1435 708 1526 populum.

228 1541 397 1631 Exempla
442 1549 524 1608 sunt
562 1538 749 1607 innumera
784 1536 880 1629 apud
910 1534 1108 1617 Lucanum,

125 1659 185 1728 ut,
211 1668 289 1713 cuum
305 1655 464 1712 recenset
480 1662 621 1723 causas,
647 1662 757 1734 quare
778 1639 883 1710 multi
903 1640 1037 1708 bellum
1061 1637 1109 1705 ci-

125 1750 193 1817 vile
217 1745 467 1838 expetiverint:

166 1869 322 1944 Quemque
342 1882 412 1923 suae
433 1863 551 1940 rapiunt
571 1862 716 1920 scelerata
738 1862 767 1917 lu
788 1836 904 1938 praelia
924 1875 1045 1917 causac:

145 1968 227 2027 ·llos
248 1967 360 2044 polluta
381 1964 500 2040 dosuus,
525 1962 667 2039 legesque
689 1963 717 2019 in
736 1976 810 2038 pace
831 1959 996 2020 timendae:

155 2070 227 2129 ¹llos
248 2068 328 2127 lerro
347 2064 489 2144 fugienda
508 2063 619 2139 tames,
645 2064 806 2141 mundique
827 2064 930 2121 ruinae

166 2164 372 2230 Permiscenda
391 2160 466 2225 fide's
487 2146 610 2246 etc.²)ss'

127 2273 232 2344 Prius
254 2271 358 2340 colon
382 2281 434 2339 est
456 2267 666 2359 simplicius:
708 2264 864 2360 Quidam
888 2263 1020 2339 conscii
1043 2261 1110 2332 sibi

127 2377 317 2456 scelerum,
349 2384 446 2440 metu
467 2370 679 2441 iudiciorum
704 2368 859 2461 gaudent
880 2367 1019 2436 moveri
1039 2365 1111 2433 bel-

128 2481 223 2563 lum,
262 2501 306 2545 ne
330 2475 519 2566 rapiantur
541 2475 586 2542 ad
610 2491 755 2565 poenas.
822 2470 983 2540 Alterum
1007 2469 1112 2537 colon

129 2595 181 2652 est
204 2577 389 2672 grandius:
417 2576 572 2668 Quidam
596 2589 744 2667 propter
766 2590 824 2646 aes
846 2572 1001 2643 alienum
1027 2594 1112 2661 gau-

696 216 818 295 uuna.
846 206 959 294 MEL.
992 212 1195 293 SCRIPTA
1221 214 1556 296 uuuouootca.
1636 254 1641 263 ·

2056 214 2127 290 ott

1155 395 1265 462 multa
1284 393 1547 485 complectitur,
1573 394 1798 488 quacomuia
1815 391 2052 484 significamus
2066 384 2129 459 hac

1155 496 1259 565 runica
1276 521 1362 565 voce
1376 497 1536 589 prolata,
1560 497 1741 579 videlicet,
1768 496 1953 567 consilium
1968 493 2050 574 Dei,
2075 516 2133 583 gu-

1155 599 1336 669 bernantis
1353 610 1388 667 et
1403 599 1559 668 actiones
1571 612 1711 669 nostras
1728 612 1762 668 et
1780 601 1901 669 earum
1919 611 2077 667 eventus.

1258 717 1344 809 Cap.
1358 715 1434 788 Vll.
1462 714 1493 808 5.
1507 718 1568 791 23.
1595 725 1653 789 Ea
1668 715 1797 816 uerbo]
1824 718 1914 788 Cum
1934 716 2132 810 proprium,

1156 816 1212 887 vel
1233 830 1470 915 synonymum
1491 821 1548 888 vel
1570 816 1778 912 metaphora
1803 821 2009 912 explicatur.
2060 817 2135 885 Hoc

1157 923 1213 1004 fut,
1240 947 1318 992 cum
1342 918 1576 1015 periphrasis,
1603 937 1665 993 aut
1687 923 1955 1016 interpretatio,
1981 933 2044 991 aut
2068 920 2134 990 clis-

1158 1025 1304 1095 tributio
1344 1037 1407 1093 ant
1441 1025 1533 1095 aliae
1563 1026 1797 1118 expolitiones
1829 1027 2033 1103 adduntur:
2081 1016 2134 1092 ut:

1157 1126 1381 1220 l'yrannides
1396 1137 1477 1224 non!
1494 1141 1576 1198 sunt
1599 1129 1799 1200 diuturnae.
1850 1129 1888 1200 Si
1911 1129 2022 1197 addas
2046 1125 2137 1218 peri·

1157 1226 1320 1321 phrasin:
1362 1226 1515 1321 Imperia
1538 1231 1690 1315 iniusta,
1732 1232 1907 1314 crudelia,
1948 1252 2040 1323 quae
2065 1228 2135 1295 vim

1159 1345 1315 1402 atrocem
1328 1345 1478 1402 naturae
1492 1328 1679 1402 hominum
1695 1335 1864 1418 inferunt,
1890 1334 1980 1403 iusta
1996 1332 2136 1400 iracun-

1158 1435 1216 1504 dia
1232 1431 1394 1505 homines
1411 1448 1552 1504 armant
1566 1437 1612 1504 ad
1627 1437 1867 1508 defensionem
1885 1443 2023 1517 eorum,
2050 1456 2135 1528 quos

1158 1550 1286 1608 natura
1308 1537 1393 1630 ipsis
1415 1538 1564 1609 tuendos
1586 1540 1859 1611 commendavit.
1914 1536 2036 1608 Unum
2063 1558 2136 1604 ver-

1158 1641 1244 1710 bum
1265 1653 1318 1710 est
1336 1637 1488 1733 hnpius,
1530 1654 1567 1710 at
1595 1642 1783 1712 dilatatum
1807 1641 1919 1713 estin
1937 1638 2135 1710 Miloniana

1160 1768 1224 1834 per
1247 1743 1552 1813 distributionem:
1593 1745 1669 1837 Qui
1696 1747 1831 1814 nullam
1855 1744 1928 1813 vim
1951 1744 2136 1812 coelestem

1161 1845 1336 1915 existimat
1350 1846 1507 1916 numinis
1520 1846 1644 1918 divini.
1695 1848 1787 1918 Satis
1802 1859 1895 1927 erat:
1921 1849 1981 1917 sed
1997 1845 2137 1914 addiuu

1107 1976 1112 1983 ·
1162 1948 1380 2018 distributio:
1407 1948 1522 2040 Quem
1536 1974 1653 2043 neque
1668 1950 1810 2043 imperii
1827 1949 2056 2042 magnitudo,
2081 1970 2138 2015 ue-

1162 2076 1229 2144 que
1245 2051 1299 2120 sol
1313 2051 1391 2133 ille,
1415 2074 1532 2145 neque
1553 2053 1644 2121 coeli
1656 2066 1701 2122 -et
1720 2054 1902 2145 signorum
1918 2064 2057 2135 motus,
2082 2073 2139 2117 ne-

1162 2178 1230 2246 que
1246 2152 1502 2224 vicissitudines
1517 2177 1656 2239 rerum,
1681 2169 1787 2251 atque
1804 2155 1946 2226 ordines
1958 2165 2116 2223 movent.

1263 2262 1322 2326 Eu
1337 2261 1505 2340 oratione,
1531 2268 1633 2353 quatur
1646 2270 1706 2330 uest
1719 2259 1870 2348 definitio
1880 2263 1926 2330 ud
1941 2280 2048 2328 unum
2066 2278 2138 2325 ser·

1161 2361 1237 2428 daem
1252 2353 1457 2455 revocatura]
1485 2359 1535 2428 Ut
1555 2385 1662 2451 supra
1687 2362 1834 2431 tradidit
1854 2362 2034 2430 rationem
2055 2358 2138 2426 dila-

1163 2461 1278 2529 tandi:
1314 2461 1363 2529 ita
1386 2485 1482 2530 nunc
1508 2487 1527 2530 e
1550 2465 1696 2553 regione
1716 2465 1849 2535 formas
1872 2464 1981 2533 tradit
2003 2475 2139 2532 contra-

1163 2559 1300 2633 hendae
1324 2564 1509 2634 orationis.
1571 2564 1623 2633 Ac
1649 2567 1786 2658 primus
1811 2568 1939 2636 modus
1965 2579 2038 2647 cst,
2078 2587 2140 2655 pro

128 2681 366 2754 dentmoueri
379 2681 531 2764 bellum,
553 2700 607 2748 ne
624 2689 801 2769 cogantur
825 2670 973 2748 solvere.
1023 2672 1112 2756 Hos,
1162 2666 1278 2756 longis
1308 2666 1572 2738 definitionibus
1596 2680 1658 2739 aut
1680 2669 1975 2762 descriptionibus
2002 2666 2059 2737 nti
2087 2668 2143 2735 de·

128 2774 264 2882 inquit,
294 2782 400 2878 ‘scqni
413 2795 535 2853 'castra
560 2794 708 2875 propter
734 2783 885 2863 samem,
921 2802 1012 2872 qnae
1032 2788 1112 2846 tan·
1162 2770 1276 2839 finito.
1326 2769 1429 2838 Tunc
1443 2783 1562 2839 autem
1582 2772 1803 2843 commodius
1831 2773 1968 2843 utimur
1994 2766 2064 2840 hac
2093 2795 2143 2838 ra-

130 2902 203 2961 tu'm
235 2901 288 2958 est
319 2888 473 2968 matam,
508 2896 551 2954 nt
576 2885 832 2976 ignoscendum
865 2880 910 2951 sit
934 2902 1033 2949 arma
1057 2896 1114 2947 ea-

130 2992 261 3087 pienti,
286 3014 331 3058 nc
347 2991 441 3056 lame
455 2999 589 3078 pereat.
639 2986 686 3054 Et
702 2986 819 3069 addit,
845 2986 1033 3052 obaeratos
1046 2981 1113 3049 mi-

131 3119 247 3175 scere,
272 3092 308 3159 id
325 3101 395 3173 est,
419 3091 564 3158 turbare
580 3090 685 3156 fidem
698 3088 813 3157 ruinis
827 3085 972 3167 mnndi,
997 3085 1114 3167 idest,

131 3197 249 3290 potins
284 3195 471 3261 concutere
510 3191 603 3259 bello
645 3190 740 3258 civili
775 3202 893 3287 totum
924 3189 1115 3269 mundum,

132 3324 239 3393 ‹qrrasm
262 3318 403 3366 servare
428 3294 534 3362 tidem
558 3293 803 3372 creditoribus.
857 3288 900 3361 ld
923 3286 978 3361 his
1000 3288 1116 3358 verbis

133 3400 270 3472 usitatis
301 3399 453 3480 dictum,
492 3397 611 3467 minus
643 3397 776 3488 grande
806 3394 965 3477 videtur,
1008 3416 1115 3487 quam

134 3531 213 3574 cum
234 3501 399 3571 Lucanus
422 3499 555 3594 inquit:

637 3615 800 3698 Mundique
819 3618 922 3678 ruinae

303 3718 512 3780 Permiscenda
533 3718 617 3782 fides.
727 3784 730 3789 .
819 3797 823 3805 ι

239 3822 342 3891 'Pallia
364 3820 522 3910 exempla
545 3832 579 3887 et
601 3830 749 3919 propter
773 3820 945 3891 orationis
967 3820 1120 3889 varieta-

138 3943 208 3998 tem
223 3940 264 3997 et
281 3936 430 4017 propter
451 3922 643 3992 sententias
664 3922 703 3990 in
725 3923 909 3996 autoribus
926 3925 1121 3994 >observare

138 4032 224 4102 utile
249 4041 311 4099 est.

405 4208 668 4281 Declaratio
693 4224 856 4283 textus.

242 4364 406 4434 Primum
424 4360 510 4430 dicit
523 4363 566 4429 de
581 4362 805 4434 mutuatione
823 4365 991 4459 simplicis
1012 4369 1125 4453 uerbi,

142 4467 322 4549 videlicet,
350 4490 428 4536 cum
447 4488 559 4535 unum
581 4465 729 4536 verbum
752 4466 940 4539 dilatamus
963 4482 1025 4540 aut
1046 4496 1125 4540 ora-

145 4571 278 4641 tionem
295 4569 333 4636 in
345 4591 458 4637 unum
475 4568 621 4638 verbum
639 4567 902 4654 contrahimus,
925 4585 965 4642 ut
982 4598 1048 4666 pro
1071 4570 1127 4646 his

145 4673 304 4753 duobus,
328 4669 440 4739 Aulae
458 4694 532 4738 non
549 4684 631 4739 sunt
646 4673 785 4757 fideles,
812 4674 897 4743 dicit
910 4675 1096 4771 Seneca⁸):

187 4791 254 4850 Non
277 4790 365 4847 intrat
389 4806 515 4865 unquam
537 4788 650 4866 regium
672 4790 761 4848 limen
785 4791 869 4853 fnles.

250 4892 318 4962 Hie
343 4914 429 4958 uero
461 4890 577 4986 orartio
606 4888 830 4964 contrahitur
857 4895 894 4963 in
917 4920 1028 4968 tantum
1052 4924 1129 4969 ver-

146 5000 252 5080 bnm,
278 4996 364 5065 Fata
384 4991 478 5059 viam
500 4992 700 5073 invenient;
724 5018 806 5064 nam
825 5001 1035 5072 rocabuhun
1050 5002 1128 5071 Fati

180 5262 213 5318 s)
232 5261 332 5312 Lucan
347 5262 370 5327 Ι,
385 5262 411 5313 2.
429 5261 457 5315 ³.

186 5364 217 5422 7)
235 5365 334 5412 Lucan.
348 5363 381 5425 tt,
399 5362 556 5414 aar-254.

178 5466 213 5531 e)
231 5472 359 5517 seuerae
372 5469 562 5535 Agamemnon
578 5462 647 5519 28⁶.

1164 2873 1282 2956 tione,
1308 2897 1389 2941 cum
1405 2872 1465 2940 illa
1481 2896 1550 2942 vox
1566 2875 1646 2964 plus
1662 2874 1749 2945 lucis
1766 2889 1801 2944 et
1815 2875 2010 2945 atrocitatis
2028 2869 2142 2955 habet,

1165 3000 1273 3069 quam
1297 2973 1505 3068 descriptio:
1545 2988 1587 3044 nt
1610 2978 1656 3045 ad
1676 2976 1833 3048 Atticum
1855 2978 1947 3046 libro
1968 2980 2034 3049 10:
2074 2976 2141 3047 Nec

1166 3077 1237 3145 iam
1251 3090 1408 3156 recusat3
1428 3079 1489 3148 sed
1504 3080 1771 3170 quodammodo
1786 3081 1954 3173 postulat,
1968 3092 2011 3149 ut
2024 3103 2143 3173 quem-

1167 3181 1361 3249 admodum
1390 3193 1461 3262 est,
1509 3181 1558 3250 sic
1590 3181 1697 3251 etiam
1728 3185 1925 3275 appelletur
1953 3194 2143 3275 tyrannus:

1166 3306 1240 3353 uno
1261 3284 1371 3350 verbo
1392 3283 1472 3374 plus
1498 3284 1692 3355 atrocitatis
1713 3285 1942 3377 significavit,
1980 3311 2090 3379 qnam
2118 3283 2145 3355 si

1168 3386 1327 3455 dixisset:
1354 3385 1531 3478 principes
1547 3387 1608 3479 qui
1624 3386 1751 3457 iniuste
1766 3402 1868 3480 rapta
1891 3388 2146 3469 dominatione,

1170 3488 1342 3581 oppressit
1367 3489 1634 3580 resupublicam.
1698 3492 1755 3560 Sic
1778 3491 1862 3560 alibi
1883 3491 1949 3560 ait:
1991 3490 2146 3562 Dubium

1170 3604 1221 3662 est
1242 3605 1363 3661 utrum
1390 3587 1590 3661 Phalaridis
1612 3618 1731 3678 more,
1758 3620 1804 3662 an
1826 3595 2004 3664 Pisistrati
2027 3618 2149 3686 regma·

1171 3709 1270 3765 turus
1286 3694 1342 3764 sit.
1393 3694 1460 3763 Hic
1474 3694 1694 3764 differentiae
1711 3709 1947 3788 tyrannorum
1970 3697 2016 3765 ab
2037 3722 2149 3766 exeru-

1170 3798 1239 3891 plis
1262 3797 1455 3867 illustribus
1478 3809 1679 3868 sumuntur.
1744 3799 1925 3889 Significat
1945 3813 2065 3869 aut-em
2090 3804 2150 3870 du-

1171 3901 1270 3970 bium
1285 3923 1377 3981 esse,
1403 3923 1450 3967 an
1465 3899 1595 3969 Caesar
1609 3924 1676 3991 pro
1694 3926 1756 3972 sua
1783 3903 1930 3971 libidine
1952 3903 2152 3973 interiectu-

1172 4029 1232 4073 rus
1249 4005 1295 4072 sit
1308 3997 1477 4073 honestos
1498 4000 1610 4085 cives,
1636 4016 1845 4075 mutaturus
1867 4018 1978 4074 totam
2002 4008 2154 4076 sormam

1173 4104 1409 4196 reipublicae,
1436 4117 1471 4173 et
1492 4105 1691 4175 aboliturus
1712 4108 1841 4176 iudicia
1854 4120 1899 4177 -et
1920 4109 2034 4199 leges,
2067 4111 2156 4179 sicut

1172 4209 1255 4278 lecit
1273 4203 1455 4286 Phalaris:
1482 4230 1527 4274 an
1545 4232 1630 4277 vero
1644 4211 1828 4280 moderate
1843 4236 1971 4281 usurus
1994 4212 2041 4280 sit
2061 4239 2157 4283 sum-

1175 4337 1232 4380 ma
1252 4309 1432 4402 potent-ia,
1458 4311 1505 4379 ita
1519 4324 1560 4379 ut
1573 4312 1725 4394 sormam
1740 4315 2030 4404 magistratuum,
2055 4329 2093 4384 et
2107 4316 2158 4384 iu-

1176 4414 1266 4484 dicia
1285 4425 1447 4495 tucatur,
1474 4413 1564 4483 sicut
1576 4412 1656 4482 lecit
1672 4415 1877 4486 Pisistratus
1891 4412 2051 4488 Athenis.
2103 4416 2160 4486 lu-

1176 4517 1275 4587 buita
1292 4508 1441 4609 possunt
1455 4516 1613 4609 exempla
1631 4517 1668 4585 in
1681 4512 1749 4587 hoc
1766 4543 1894 4609 genere
1907 4521 2074 4611 proferri,
2100 4521 2162 4592 ubi

1177 4621 1294 4690 maior
1311 4619 1476 4688 atrocitas
1490 4632 1543 4689 cst
1557 4618 1594 4686 in
1610 4644 1684 4689 runo
1699 4623 1827 4703 verbo,
1854 4646 1960 4715 quarn
1986 4622 2023 4689 in
2045 4624 2161 4716 longis

1179 4722 1492 4814 descriptionibus,
1517 4735 1557 4792 ut
1572 4721 1704 4792 Pardus
1720 4723 1852 4816 inquit:
1880 4725 2072 4816 Apostolos
2089 4752 2161 4798 esse

1179 4820 1469 4918 audoiqauffl),
1496 4825 1581 4918 quid
1596 4825 1742 4915 cogitari
1758 4826 1892 4896 tristius
1908 4828 2046 4919 potest?
2078 4854 2160 4899 nam

1181 4925 1362 4999 catharma
1376 4929 1550 5017 significat
1565 4928 1765 5019 piaculum,
1792 4931 1912 5012 idest,
1938 4956 2014 4999 rem
2038 4933 2161 5002 tollen·

1182 5037 1264 5103 dam
1286 5057 1304 5101 e
1326 5031 1463 5109 medio:
1499 5031 1638 5124 quaesi
1660 5056 1734 5100 nou
1750 5033 1952 5115 tolleretur,
1978 5033 2077 5106 Deus
2100 5037 2159 5106 toti

1182 5161 1301 5219 rerum
1317 5146 1466 5203 naturae
1482 5132 1710 5218 irasceretur,
1743 5147 1873 5203 terram
1897 5135 2053 5207 sterilem
2075 5141 2160 5207 face·

1217 5397 1246 5465 9)
1267 5401 1291 5451 t.
1304 5397 1368 5452 cor.
1381 5402 1408 5462 t,
1428 5401 1486 5467 aa,
1504 5401 1549 5451 ubl
1566 5402 1640 5453 attae
1656 5403 1759 5470 natta,
1776 5418 1794 5455 u
1824 5404 1927 5469 ttuapp.
1973 5407 2074 5458 tabent
2090 5421 2160 5472 usos·

1251 5467 1428 5535 nucupata.
