4544 5766
72 175 137 255 121
373 190 430 223 ··'·
623 171 651 249 l.
691 171 1042 251 ranosoefflta
1067 170 1282 251 Monens
1306 169 1538 247 EPITOME.
1638 230 1646 243 .
2018 177 2096 261 lm

72 339 383 441 (Maeb.⁷,15.):
410 342 540 416 Cavete
555 368 575 413 a
593 344 926 440 pseudoprophetis.
963 347 1053 418 Item
1104 347 1205 418 facile
1221 347 1374 420 iudicari
1395 358 1530 440 potest,
1556 343 1587 416 si
1611 343 1691 438 quis
1713 341 1962 432 magistratum
1985 359 2020 417 et
2041 349 2089 417 le·

70 449 200 544 (Galat.
221 449 258 531 1,
276 447 347 542 8.):
382 446 421 517 Si
446 448 526 541 quis
547 448 646 520 aliud
666 450 900 543 Evangelium
926 453 1054 535 tradet,
1105 476 1184 542 gem
1200 475 1304 543 pares
1319 475 1393 520 esse
1409 450 1559 540 cogitet,
1584 460 1619 516 et
1636 446 1863 536 magistratus
1883 449 1991 518 finem
2015 476 2089 521 esse

70 547 257 621 anathema
274 552 333 621 sit.
383 549 460 621 Hoc
475 552 684 624 mandatum
700 556 835 646 pariter
859 557 906 625 ad
929 578 1053 627 omnes
1104 554 1337 645 principalem
1357 550 1665 624 conservationem
1677 549 1765 640 legis
1781 561 1845 618 etc.

68 655 243 746 pertinet,
284 666 325 724 ut
347 677 415 744 pro
435 679 500 725 suo
523 656 602 725 loco
624 659 668 727 de
693 659 855 728 doctrina
879 683 921 727 ex
942 659 1051 727 verbo
1205 657 1321 726 Debet
1334 656 1443 748 igitur
1459 653 1704 744 magistratus,
1731 651 1794 745 qui
1810 651 1967 741 gladium
1985 654 2088 744 gerit,

68 756 125 827 llei
140 757 319 828 iudicent.
354 757 404 827 Et
418 756 545 829 Petrus
563 759 663 828 iubet
680 785 802 831 onmes
817 773 961 853 paratos
978 785 1051 831 esse
1103 754 1293 849 prohibere
1309 759 1416 829 etiam
1431 754 1613 839 haereses,
1637 750 1705 824 hoc
1720 766 1789 838 est,
1815 753 1925 847 impia
1940 758 2087 847 dogma·

68 862 105 928 ad
124 861 355 929 reddendam
376 861 552 931 rationem
576 862 659 930 fidei
677 888 762 933 suae
786 876 850 933 etc.
886 864 938 957 (1.
955 863 1051 952 Patr.
1103 873 1152 944 ta,
1167 855 1715 954 etpunirehaereticos,hocest‚
1731 857 1924 948 impiorum
1939 860 2087 950 dogma-

68 963 98 1046 l,
111 958 182 1057 6.).
247 963 370 1055 Quare
391 987 491 1054 reges
511 965 642 1034 debent
666 965 893 1057 interponere
918 967 1051 1036 autori·
1103 976 1179 1033 trun
1201 979 1355 1036 autores.
1420 967 1489 1035 Sed
1518 964 1557 1032 in
1586 962 1692 1032 rebus
1715 961 1873 1031 obscuris
1895 964 2087 1053 praecedat

68 1078 168 1135 tatem
192 1088 319 1147 suam,
352 1066 415 1135 ubi
435 1067 632 1159 periculum
656 1081 729 1152 est,
769 1095 867 1140 secus
890 1094 1052 1161 pronun·
1101 1066 1277 1139 Ecclesiae
1300 1068 1469 1159 cognitio.
1520 1065 1637 1160 Atque
1662 1064 1711 1133 ita
1732 1063 1877 1155 proprie
1899 1065 2085 1156 magistra·

68 1169 213 1239 tieturos
244 1191 319 1237 esse
350 1169 545 1260 episcopos.
611 1170 658 1240 Et
685 1171 902 1263 Augustinus
928 1172 1052 1247 scribit
1102 1181 1158 1240 tus
1179 1173 1287 1242 servit
1307 1171 1441 1263 gloriae
1463 1169 1551 1252 Dei,
1592 1179 1628 1236 et
1653 1167 1693 1236 fit
1719 1166 1795 1236 eius
1813 1166 1949 1236 functio
1972 1168 2085 1237 cultus

68 1272 159 1364 epist.
186 1269 275 1342 166.
303 1270 576 1342 Constantinum
608 1274 785 1366 principio
818 1274 872 1346 bis
903 1275 1051 1345 commi·
1101 1271 1189 1358 Dei,
1214 1299 1293 1345 cum
1317 1276 1435 1345 studet
1454 1272 1565 1354 tueri,
1586 1292 1787 1362 propagare
1815 1281 1851 1338 et
1876 1293 2005 1338 ornare
2026 1294 2084 1337 ve-

66 1378 143 1446 sisse
187 1396 336 1444 causam
375 1373 568 1444 Caeciliani
583 1375 630 1470 ⁰⁸)
671 1378 870 1470 episcopis,
926 1392 1049 1471 postea
1100 1399 1178 1445 ram
1200 1377 1420 1460 doctrinam,
1446 1388 1481 1444 et
1502 1385 1646 1444 econtra
1663 1369 1854 1464 prohibere
1871 1371 1981 1464 impia
1999 1373 2085 1462 dog-

66 1480 177 1571 ipsum
192 1475 371 1549 audivisse
388 1501 429 1545 ac
444 1479 712 1569 pronuntiasse,
740 1494 774 1550 et
793 1481 913 1551 multis
933 1481 1049 1551 verbis
1098 1492 1208 1550 mata.
1267 1480 1361 1573 Quia
1380 1479 1429 1547 ita
1454 1478 1538 1548 facit
1557 1475 1754 1569 principale
1781 1475 1955 1558 officitur,
1987 1478 2084 1567 quod

64 1582 240 1672 disputat,
267 1580 314 1647 ad
332 1579 412 1670 pios
425 1581 604 1674 principes
617 1578 703 1653 haec
718 1583 846 1653 iudicia
864 1585 1049 1654 doctrinae
1099 1582 1245 1673 proprie
1258 1586 1303 1652 ad
1321 1583 1472 1674 gloriam
1489 1580 1558 1650 Dei
1570 1578 1744 1672 pertinet,
1772 1591 1807 1647 et
1822 1580 1920 1670 quod
1936 1577 2083 1668 proprie

66 1684 168 1755 etiam
196 1682 390 1775 pertinere.
455 1684 581 1779 Neque
602 1686 697 1755 enim
720 1687 758 1755 in
779 1686 935 1757 Ecclesia
961 1684 1048 1757 haec
1099 1700 1257 1756 meretur
1279 1686 1380 1756 illum
1405 1685 1568 1766 titulum,
1603 1707 1674 1775 quo
1698 1692 1874 1750 ornantur
1896 1679 2084 1770 magistra-

64 1787 224 1881 tyrannis
255 1785 502 1856 constituenda
531 1800 601 1870 est,
637 1791 733 1882 quod
755 1804 921 1881 oporteat
939 1790 1048 1860 laicos
1100 1800 1175 1870 tus,
1199 1788 1389 1860 inPsalmo
1409 1786 1489 1882 (82,
1506 1788 1575 1882 6.);
1602 1784 1680 1875 Ego
1695 1784 1785 1854 dixi:
1810 1782 1871 1851 Dii
1888 1782 1988 1865 estis,
2016 1782 2081 1852 sci·

66 1888 245 1970 emetri,
287 1901 323 1956 et
350 1888 564 1980 applaudere
596 1893 761 1962 omnibus
788 1893 863 1962 sine
899 1895 1048 1976 delectu,
1098 1891 1181 1961 licet
1209 1891 1292 1987 quia
1324 1904 1359 1960 et
1386 1891 1540 1961 officium
1562 1885 1695 1957 habent
1716 1885 1887 1958 divinitus
1912 1885 2081 1954 constitu-

10 2036 12 2061 2
68 2017 155 2087 quae
175 1990 405 2063 decreverint
425 1993 592 2085 episcopi.
656 1994 729 2066 Nec
755 1996 860 2068 debet
882 2020 955 2067 esse
981 1992 1049 2090 ‹lq-
1098 2006 1194 2077 tum,
1228 2007 1264 2064 et
1284 1993 1460 2086 impertiri
1483 1990 1689 2062 hominibus
1710 1991 1841 2061 debent
1857 2013 1914 2057 res
1930 1988 2081 2070 divinas,

61 2089 268 2191 monia,
308 2118 378 2186 qua
410 2096 612 2186 promiscue
643 2100 858 2169 concedatur
881 2099 1047 2169 omnibus
1097 2097 1326 2187 religionem,
1359 2097 1553 2179 iustitiam,
1583 2094 1829 2185 disciplinam,
1862 2115 1987 2183 pacem
2015 2104 2080 2161 etc.

62 2197 203 2268 licentia
234 2195 456 2265 vociferandi
485 2211 520 2268 et
552 2202 722 2271 movendi
749 2203 940 2292 dogmata,
985 2203 1046 2272 sed
1096 2199 1143 2270 Et
1168 2202 1214 2270 ob
1238 2196 1331 2269 hanc
1352 2224 1495 2270 causam
1520 2210 1694 2267 vocantur
1716 2198 1760 2265 ab
1781 2195 1888 2267 Esaia
1907 2191 1986 2285 (49,
2000 2192 2080 2287 28.)

61 2295 329 2395 ἆρωτοκρατία
352 2299 416 2382 sit,
455 2299 493 2369 in
517 2327 589 2395 qua
611 2304 737 2374 ordine
758 2300 815 2387 hi,
855 2304 918 2397 qui
944 2329 1046 2397 prae·
1097 2303 1242 2373 nutricii
1263 2303 1463 2386 Ecclesiae,
1502 2301 1586 2394 quia
1613 2301 1751 2370 nutrire
1774 2312 1810 2367 et
1831 2297 1925 2367 tueri
1950 2298 2081 2366 debent
2132 2332 2138 2341 -

60 2416 162 2485 stent,
201 2401 361 2493 episcopi
383 2414 419 2471 et
443 2428 560 2494 reges,
598 2408 863 2477 communicent
885 2408 1046 2492 consilia,
1096 2405 1175 2497 pios
1199 2407 1379 2490 doctores,
1410 2418 1446 2476 et
1467 2428 1541 2475 non
1563 2404 1694 2473 debent
1714 2400 1898 2473 saevitiam
1920 2423 2080 2469 exercerc

59 2520 92 2574 et
115 2506 254 2596 eligant
278 2500 441 2574 homines
463 2507 759 2581 adiudicandum
782 2510 942 2582 idoneos.
991 2510 1047 2581 Ex
1097 2510 1135 2577 in
1157 2504 1388 2579 Christianos.

59 2605 114 2679 his
140 2608 231 2681 satis
264 2606 413 2699 intelligi
444 2623 579 2700 potest,
632 2613 872 2702 cognitionem
907 2614 951 2680 de
981 2614 1046 2682 do-
1197 2610 1289 2680 Sunt
1314 2612 1404 2679 aliae
1433 2607 1657 2702 quaestiones
1689 2609 1733 2675 de
1765 2618 1938 2698 potestate
1973 2605 2080 2687 civili,

59 2712 173 2781 ctrina
191 2710 371 2802 pertinere
389 2713 435 2780 ad
447 2712 660 2799 Ecclesiam,
683 2716 720 2784 id
736 2728 806 2798 est,
833 2715 878 2783 ad
899 2717 1045 2808 presby·
1096 2737 1249 2807 quarum
1270 2713 1408 2806 aliquas
1423 2711 1588 2803 deinceps
1608 2709 1858 2790 tractabimus,
1884 2708 2016 2776 scilicet
2035 2707 2078 2775 de

58 2830 152 2885 teros
169 2827 207 2884 et
220 2812 420 2906 principes,
445 2818 505 2884 sed
521 2817 699 2909 principes
716 2844 755 2888 re
778 2819 917 2909 cognita
935 2831 970 2887 et
992 2820 1046 2888 iu·
1095 2816 1250 2907 legibus,
1283 2817 1381 2909 quod
1402 2815 1495 2905 leges
1517 2812 1718 2882 contrariae
1740 2809 1871 2880 divinis
1893 2823 1954 2879 aut
1976 2822 2079 2879 natu-

58 2919 198 3000 dicata,
223 2917 297 2985 iam
312 2919 475 2987 custodes
491 2943 564 2989 esse
580 2934 744 2991 externae
760 2921 988 3012 disciplinae,
1010 2935 1045 2991 et
1095 2921 1230 2991 ralibus
1245 2943 1321 2988 non
1335 2920 1409 2989 sint
1428 2917 1685 2988 observandae.
1734 2913 1821 2985 Item
1844 2915 1942 3006 quod
1967 2913 2078 3001 magi-

56 3032 266 3091 executores
287 3020 482 3089 sententiae
505 3023 653 3114 synodi,
687 3038 727 3094 ut
747 3025 910 3094 videlicet
931 3025 1044 3094 idolo·
1075 3021 1278 3117 ,stratui⁹⁹)
1313 3048 1388 3091 non
1421 3021 1526 3090 liceat
1556 3017 1790 3111 pronuntiare
1828 3028 1953 3086 contra
1986 3016 2079 3104 leges

58 3123 204 3192 latricos
234 3122 367 3205 cultus,
406 3120 644 3216 blasphemias
669 3140 704 3196 et
734 3126 844 3219 impia
875 3129 1042 3219 dogmata
1095 3150 1179 3197 suae
1195 3125 1426 3216 reipublicae3
1459 3125 1519 3193 sed
1536 3124 1580 3192 de
1602 3118 1657 3192 his
1682 3119 1949 3215 quaestionibus
1970 3117 2078 3209 paulo

59 3223 295 3318 prohibeant,
322 3237 357 3292 et
372 3227 588 3316 professores
605 3229 768 3320 puniant.
1094 3241 1176 3321 post
1190 3229 1360 3301 dicemus.
1410 3225 1515 3297 Nune
1533 3227 1642 3295 redeo
1665 3228 1710 3293 ad
1733 3235 1946 3316 potestatem
1969 3221 2078 3289 eccle·

156 3328 269 3398 Aliud
284 3337 546 3417 argumentum.
595 3330 822 3423 Magistratus
836 3344 974 3402 tantum
992 3344 1045 3402 est
1094 3332 1289 3415 siasticam,
1315 3342 1482 3425 quaeest
1505 3330 1714 3398 mandatum
1737 3326 1900 3396 divinum
1926 3323 2078 3393 docendi

58 3433 227 3503 defensor
252 3452 463 3521 corporum:
504 3434 671 3524 dogmata
697 3459 771 3504 non
792 3436 974 3527 pertinent
997 3437 1043 3504 ad
1092 3434 1297 3525 Evangelii,
1323 3431 1598 3503 administrandi
1617 3443 1857 3511 sacramenta,
1885 3425 2079 3496 ordinandi

11 3570 13 3637 3
61 3559 206 3627 corpus:
236 3557 321 3623 ergo
345 3535 555 3625 dogmatum
577 3533 774 3628 prohibitio
794 3557 868 3607 non
888 3538 1044 3630 pertinet
1093 3538 1277 3608 ministros
1306 3535 1512 3627 Evangelii,
1559 3532 1797 3604 annuntiandi
1829 3529 2077 3600 remissionem

11 3646 13 3689 :
62 3640 103 3706 ad
114 3636 379 3729 magistratum.
418 3637 630 3730 Responsio.
664 3641 834 3732 Neganda
849 3653 900 3710 est
914 3641 1043 3724 maior,
1094 3654 1319 3732 peecatorum
1342 3638 1490 3729 singulis
1511 3650 1573 3706 aut
1595 3635 1735 3718 multis,
1762 3632 2001 3704 constituendi
2025 3630 2077 3699 iu-

62 3752 97 3807 et
108 3739 199 3810 ratio
215 3752 279 3810 est.
331 3738 548 3834 Quanquam
565 3743 659 3813 enim
676 3743 899 3813 conservatio
917 3768 1043 3837 corpo·
1094 3743 1185 3813 dicia
1205 3745 1425 3833 dogmatum.
1482 3738 1530 3809 Et
1551 3765 1632 3822 eos,
1664 3739 1727 3833 qui
1747 3738 1784 3806 in
1806 3736 1943 3807 delictis
1962 3733 2077 3804 mani-

60 3842 108 3913 ris
120 3841 279 3937 pertinet
292 3841 399 3912 etiam
416 3845 461 3911 ad
476 3845 631 3916 officium
647 3847 931 3937 magistratuum,
958 3846 1041 3941 quia
1093 3847 1191 3918 festis
1213 3858 1419 3928 versantur,
1453 3842 1787 3914 excommunicandi
1806 3843 1916 3910 verbo
1940 3839 2016 3908 sine
2041 3837 2077 3903 vi

62 3958 208 4038 estpars
222 3942 328 4037 legis,
354 3957 563 4016 tamennon
579 3962 631 4018 est
646 3949 725 4018 finis
740 3947 946 4041 principalis
967 3973 1043 4018 ma·
1094 3948 1286 4041 corporali.
1344 3948 1479 4019 Multae
1496 3960 1580 4017 sunt
1595 3960 1713 4038 partes
1727 3942 1833 4015 huius
1849 3940 2077 4018 delinitionis,

62 4048 285 4138 gistratuum,
309 4049 371 4116 sed
386 4052 609 4119 conservatio
627 4052 733 4142 legis,
757 4054 854 4145 quod
870 4053 916 4120 ad
930 4064 1042 4121 exter·
1094 4077 1186 4147 quae
1202 4051 1287 4120 alibi
1302 4050 1408 4122 latius
1424 4048 1591 4142 explicari
1606 4050 1732 4119 solent
1791 4047 1858 4116 Hic
1875 4044 1983 4134 igitur
1998 4043 2077 4109 bre-

62 4174 139 4221 aam
158 4150 385 4242 disciplinam
406 4152 551 4234 attinet,
579 4166 631 4224 est
650 4153 857 4246 principalis
871 4154 951 4224 imis
967 4180 1042 4223 ma·
1094 4156 1186 4224 viter
1207 4155 1407 4246 respondeo
1430 4154 1472 4221 de
1488 4151 1663 4221 Bonisacii
1681 4148 1953 4227 constitutione,
1979 4145 2077 4237 quod

63 4253 284 4342 gistratuum.
333 4253 427 4324 Nam
450 4255 677 4347 magistratus
697 4270 748 4328 est
765 4257 863 4327 velut
881 4257 957 4348 ipsa
974 4259 1041 4327 lex.
1094 4258 1171 4328 iure
1186 4257 1309 4327 divino
1325 4282 1399 4326 non
1424 4251 1558 4325 habent
1570 4253 1734 4345 Apostoli
1760 4263 1822 4319 aut
1843 4273 1968 4319 eorum
1998 4272 2076 4316 suc-

64 4355 174 4427 Porro
203 4357 262 4426 lex
292 4379 368 4426 non
396 4369 534 4427 tantum
562 4360 736 4452 praecipit
764 4362 809 4428 de
837 4359 1041 4429 defensione
1093 4384 1248 4432 cessores
1265 4361 1440 4450 gladium,
1466 4353 1620 4440 horest,
1647 4355 1701 4425 ius
1719 4351 1930 4424 cohercendi
1947 4351 1984 4418 vi
1999 4375 2076 4418 cor-

64 4459 221 4553 corporis
234 4471 297 4529 aut
310 4483 444 4543 rerum,
470 4463 531 4530 sed
548 4462 722 4554 praecipit
735 4462 893 4555 primum
906 4464 950 4530 de
967 4463 1041 4554 glo·
1092 4464 1219 4556 parali.
1271 4463 1393 4555 Quare
1408 4484 1525 4555 neque
1545 4460 1601 4528 ius
1621 4454 1755 4529 habent
1772 4454 1989 4547 occupandi,
2016 4479 2076 4520 ne-

66 4563 110 4630 ria
141 4562 231 4644 Ilei,
283 4574 318 4630 et
350 4561 549 4654 disciplina.
627 4565 725 4635 Sicut
759 4565 877 4658 inquit
907 4566 1041 4636 Paulus
1093 4591 1162 4661 que
1176 4566 1382 4637 conferendi
1396 4588 1504 4653 regna
1521 4560 1659 4632 mundi.

66 4668 110 4759 (l.
123 4664 225 4737 Tim.
242 4666 278 4747 1,
294 4661 367 4760 9.):
393 4662 467 4734 Lex
485 4678 537 4736 est
556 4666 691 4757 posita,
716 4681 756 4738 ut
781 4663 968 4738 coherceat
988 4669 1040 4736 in·
1194 4669 1309 4738 Multa
1331 4677 1480 4760 possunt
1503 4690 1545 4734 ex
1558 4661 1753 4754 Evangelio
1777 4659 1980 4730 testimonia
2005 4657 2077 4722 col-

66 4766 179 4855 iustos,
205 4761 445 4858 blasphemos.
497 4769 662 4865 Denique
677 4794 779 4839 error
795 4771 952 4854 illorum,
978 4771 1040 4866 qui
1091 4771 1167 4863 ligi.
1226 4767 1388 4843 Christus
1410 4768 1526 4861 inquit
1549 4766 1691 4864 (loann.
1709 4765 1769 4846 18,
1787 4763 1883 4856 36.):
1910 4763 2075 4848 Regnum

68 4870 221 4943 uolunta
237 4869 449 4960 magistratu
470 4873 587 4941 curari
610 4872 796 4962 dogmata,
824 4873 973 4945 omnino
999 4900 1040 4943 ex
1091 4899 1212 4945 meum
1225 4898 1300 4943 non
1314 4885 1367 4943 est
1382 4873 1426 4941 de
1440 4867 1672 4941 boemundo.
1710 4866 1798 4938 ltem
1814 4865 1919 4957 (Luc.
1936 4859 2077 4943 29..ss5.

68 4971 119 5043 illo
146 4975 246 5043 fonte
275 4985 382 5042 natus
412 4985 481 5056 est,
520 4975 617 5069 quod
643 4973 788 5064 fingitur
814 4977 1041 5069 magistratus
1090 4975 1186 5071 26.);
1213 4975 1326 5066 Reges
1349 4975 1509 5066 gentium
1530 4970 1852 5053 dominantureis,
1877 4980 2078 5038 vosautem

71 5075 152 5147 vetut
164 5074 367 5169 Epicureus
392 5087 532 5145 tantum
548 5073 679 5146 habere
695 5078 905 5149 mandatum
921 5081 1040 5149 desen·
1090 5105 1164 5149 non
1185 5078 1245 5148 sic.
1297 5078 1476 5150 Discernit
1494 5078 1587 5147 enim
1607 5077 1694 5146 duas
1712 5084 1913 5165 potestates.
1968 5068 2075 5158 Regi-

69 5176 351 5273 dendicorporis.
403 5177 471 5248 Sed
488 5182 585 5274 quod
599 5203 640 5249 ea
657 5180 867 5270 imaginatio
881 5182 925 5252 sit
940 5184 1040 5267 falsa,
1090 5252 1294 5265 *-

74 5335 260 5352 .........
1124 5344 1172 5404 ss)
1191 5344 1380 5409 migrantur]
1408 5345 1448 5397 uc
1472 5345 1519 5394 ra.
1541 5344 1634 5408 ism
1660 5343 1726 5396 raa.
1748 5342 1822 5394 raas.
1841 5344 1869 5392 et
1890 5343 1962 5393 isso.
1987 5339 2076 5405 negt·

96 5410 139 5474 ὓ)
155 5410 327 5466 mlum
347 5413 493 5477 ‘timaus
511 5412 749 5480 Cermagtutensts
767 5426 792 5466 a.
805 5415 865 5467 att.
885 5414 997 5468 electus
1158 5418 1276 5467 stratus.
