4544 5766
149 219 172 289 7
395 213 519 286 PHlL.
545 210 658 285 MEL.
684 209 887 284 SCRIPTA
911 210 978 280 AD
1005 209 1214 284 ETHICEN
1240 212 1305 283 ΕΤ
1331 210 1588 285 POEITICEN
1616 207 1915 283 SPECTANTIA
2141 209 2164 277 8

149 383 224 452 cis‘i
268 384 355 465 Quid
376 386 407 447 si
426 386 525 447 etiam
547 382 721 446 accederat
740 382 900 445 incurvus
922 391 958 444 et
977 380 1148 464 squalidus
1165 398 1293 463 senex,
1315 382 1419 464 1r01)
1439 383 1574 463 similis,
1607 398 1648 446 ac
1669 383 1703 444 in
1724 397 1841 445 mensa
1861 390 1920 443 aut
1941 377 2069 461 pariete
2092 374 2166 439 dis·

150 476 276 556 positos
303 468 417 533 ordine
447 487 600 532 numeros
628 469 797 551 pingeret,
825 478 861 530 ut
891 466 929 530 fit
958 469 993 530 in
1023 463 1172 532 scholis‘i
1215 468 1304 531 Num
1332 469 1439 550 magis
1466 477 1709 548 expavesceret
1731 467 1874 531 Catilina
1901 464 2090 545 conspectis
2113 462 2166 523 his

140 559 283 643 liguris,
304 576 402 639 quam
421 575 496 619 cum
518 554 602 617 vidit
622 554 768 618 consulis
788 552 1011 636 vigilantiam,
1040 563 1074 616 et
1096 554 1281 637 legionibus
1302 555 1444 635 quinque
1465 555 1623 617 munitam
1646 555 1790 634 ltaliam,
1818 570 1956 635 quarum
1979 549 2081 611 duces
2103 546 2166 610 lir-

149 645 288 708 missimi
308 653 418 721 erant,
440 634 474 703 εἰ
496 640 644 703 adiuncti
659 639 808 703 Ciceroni
829 635 982 704 consuli‘i
1025 640 1117 702 Haec
1139 650 1175 701 et
1195 639 1312 702 similia
1334 641 1437 702 multa
1457 649 1573 703 contra
1593 641 1679 702 hanc
1700 638 1937 719 philosophiam
1959 635 2000 698 de
2021 635 2167 695 moribus

149 749 251 810 saepe
279 727 429 790 dicuntur
457 727 498 789 ab
527 727 585 806 iis,
615 726 672 808 qui
699 726 837 787 libenter
860 722 972 787 frenos
993 725 1158 787 hominum
1185 724 1419 806 cupiditatibus
1440 726 1571 807 laxant,
1599 724 1640 786 ad
1662 743 1746 807 quae
1768 727 1833 787 etsi
1853 742 1935 786 vera
1955 719 2167 801 respondere,

148 817 245 879 nobis
267 815 460 894 praesertim
486 813 520 873 in
541 811 686 874 ecclesia
706 810 804 873 facile
825 820 897 889 est,
926 820 1036 872 tamen
1058 813 1092 873 in
1113 811 1176 874 hoc
1197 822 1391 893 argumento
1414 812 1499 874 mala
1519 830 1637 889 eausa,
1669 819 1705 873 et
1730 811 1915 890 perniciosa
1937 810 2041 870 oratio
2063 803 2166 867 multo

150 900 350 984 plausibilior
373 907 442 978 est,
464 895 550 978 quod
572 915 611 958 eo
633 896 689 975 fit,
716 898 792 977 quia
812 914 968 978 magnum
988 893 1160 959 dissidium
1184 898 1293 958 estin
1315 898 1446 959 homine
1463 899 1588 963 mentis
1610 905 1645 957 et
1666 896 1897 976 cupiditatum,
1926 912 2010 975 quae
2032 891 2167 954 vincula

150 996 185 1048 et
213 1002 380 1048 carcerem
407 1002 507 1065 aegre
536 984 722 1063 patiuntur,
751 991 786 1044 et
814 984 934 1043 mentis
962 981 1081 1044 iudicio
1109 981 1327 1044 audacissime
1356 983 1546 1045 reclamant.
1597 981 1634 1044 ld
1657 980 1842 1059 dissidium,
1872 979 1959 1042 unde
1981 988 2086 1040 ortum
2109 977 2166 1053 sit,

149 1092 215 1134 non
242 1072 396 1153 ignorant
425 1068 474 1147 hi,
503 1070 557 1149 qui
580 1069 743 1130 ecclesiae
772 1066 952 1129 doctrinam
974 1078 1008 1131 et
1029 1067 1227 1130 audiverunt
1235 1112 1245 1148 ,
1272 1077 1308 1132 et
1329 1069 1580 1148 amplectuntur.
1630 1067 1810 1149 Deplorare
1831 1076 1941 1129 autem
1963 1061 2166 1147 magnitudi-

150 1176 225 1220 nem
246 1157 317 1216 eius
339 1153 413 1216 mali
434 1154 539 1215 bonae
560 1163 688 1214 mentes
710 1152 836 1233 solent,
859 1153 1027 1216 intuentes
1049 1163 1084 1215 et
1104 1155 1184 1215 iram
1207 1154 1284 1234 Dei,
1318 1162 1353 1215 et
1374 1152 1554 1215 horrendas
1575 1152 1740 1214 hominum
1762 1153 1985 1232 calamitates,
2015 1167 2099 1230 quae
2123 1148 2164 1209 ab

148 1244 206 1305 illa
233 1239 414 1303 domestica
446 1237 608 1302 discordia
638 1247 773 1300 naturae
801 1238 940 1300 hominis
970 1241 1125 1301 oriuntur.
1178 1239 1253 1301 Nec
1281 1239 1378 1300 ullius
1406 1248 1499 1302 tanta
1528 1248 1582 1300 est
1609 1237 1812 1319 eloquentia,
1841 1248 1878 1300 ut
1905 1238 1993 1299 hunc
2021 1234 2165 1296 dolorem

149 1329 298 1390 oratione
327 1325 500 1386 exhaurire
522 1334 556 1387 ct
577 1326 661 1386 satis
683 1326 864 1405 exprimere
886 1327 1001 1405 possit.
1049 1324 1275 1408 hachrymans
1297 1325 1396 1407 igitur
1419 1323 1541 1405 fatcor,
1564 1342 1626 1386 nec
1646 1323 1698 1385 his
1721 1322 1940 1387 blandissimis
1963 1320 2164 1401 disputatio-

152 1414 249 1476 nibus
267 1411 422 1490 Ethices,
445 1428 507 1471 nec
529 1429 649 1473 severa
667 1409 776 1491 legum
798 1427 881 1471 voce
920 1429 982 1472 nec
1004 1412 1162 1472 atrocium
1182 1410 1414 1492 suppliciorum
1437 1409 1652 1491 spectaculis,
1675 1418 1825 1471 errantes
1851 1405 2050 1488 cupiditates
2072 1424 2165 1468 sem-

150 1499 321 1580 perintra
347 1506 454 1558 metas
481 1495 614 1557 retrahi.
664 1494 748 1569 Quid
776 1454 902 1577 igiturd
944 1497 1051 1558 Estne
1079 1495 1226 1557 doctrina
1247 1495 1472 1558 commenticia
1493 1488 1702 1558 et'inccrtai
1732 1494 1848 1556 deinde
1872 1497 1900 1557 si
1923 1512 1988 1573 qua
2009 1500 2062 1554 est
2082 1509 2166 1552 vera

150 1584 316 1664 doctrina,
338 1592 434 1643 estne
456 1575 606 1644 inutilis‘i
647 1580 714 1641 lmo
737 1580 935 1642 contumelia
956 1591 1009 1644 cst
1031 1578 1194 1644 adversus
1216 1581 1340 1660 Deum,
1361 1581 1466 1643 lucem
1486 1580 1727 1643 discernentem
1750 1580 1892 1643 honesta
1912 1588 1946 1640 ct
1968 1580 2086 1660 turpia,
2107 1579 2164 1639 in-

153 1670 223 1733 dita
243 1668 408 1730 mentibus
430 1668 552 1728 nostris
575 1664 748 1745 divinitus,
776 1685 836 1727 seu
858 1667 1015 1748 principia
1041 1668 1188 1748 practica
1208 1675 1243 1729 et
1265 1664 1560 1729 demonstrationes
1581 1669 1745 1747 practices
1767 1666 1853 1727 velle
1876 1665 2002 1744 delere,
2032 1662 2166 1726 sublata

148 1754 360 1821 certitudine:
383 1752 458 1813 Non
481 1751 573 1814 dicas
595 1750 714 1813 falsum
735 1753 973 1834 testimonium,
1001 1755 1106 1834 inquit
1128 1771 1194 1813 vox
1217 1750 1345 1815 divina:
1377 1753 1453 1813 Non
1476 1751 1676 1814 delectemur
1696 1753 1891 1833 corruptelis
1910 1752 2079 1830 veritatis,
2101 1765 2165 1809 nec

149 1856 344 1923 quaeramus
366 1838 563 1920 praestigias
585 1835 626 1898 ad
649 1855 721 1898 earn
742 1835 946 1900 eludendam.
1000 1838 1064 1901 Est
1088 1839 1216 1899 omnino
1239 1857 1319 1899 vera
1346 1837 1456 1919 aliqua
1484 1836 1649 1917 doctrina,
1679 1847 1714 1899 et
1736 1847 1827 1900 certa
1848 1835 1890 1899 de
1911 1836 2069 1915 moribus,
2099 1852 2164 1895 ex-

149 1936 258 1990 tructa
280 1943 323 1985 ex
344 1923 397 1985 illa
418 1924 508 2002 luce,
538 1921 697 1984 divinitus
718 1923 817 1984 insita
838 1922 989 1985 humanis
1012 1924 1194 2001 mentibus,
1224 1942 1283 1986 seu
1305 1943 1348 1984 ex
1369 1923 1498 2006 legibus
1519 1932 1669 1985 naturae.
1707 1923 1770 1992 ,Ut
1797 1941 1891 1985 mens
1911 1922 1985 2003 ipsa
2006 1939 2068 1984 sua
2088 1921 2163 1982 luce

148 2013 253 2075 ceruit
281 2011 365 2070 lianc
395 2010 645 2088 propositionem
667 2026 803 2086 veram,
829 2018 953 2070 certam
981 2018 1015 2070 et
1037 2011 1200 2070 immotam
1222 2026 1314 2070 esse:
1352 2010 1410 2071 Bis
1432 2017 1570 2089 quatuor
1599 2018 1678 2070 sunt
1696 2019 1788 2089 octo,
1817 2010 1866 2071 sic
1887 2025 1985 2087 vora,
2015 2017 2107 2070 certa
2128 2014 2165 2065 ct

121 2098 124 2106 '
149 2100 283 2162 immota
305 2102 358 2156 est
379 2095 461 2155 haec
483 2094 665 2155 sententia:
698 2092 903 2154 Adulterium
925 2103 979 2155 est
1001 2105 1095 2174 turpe
1117 2104 1152 2156 et
1173 2093 1354 2156 vitandum.
1395 2095 1447 2157 Ac
1470 2093 1510 2156 do
1534 2094 1624 2156 sonte
1646 2102 1681 2156 et
1702 2094 1898 2157 certitudine
1920 2091 2105 2173 doctrinae,
2127 2099 2164 2151 ει

152 2182 192 2245 de
214 2190 380 2244 sectarum
402 2178 632 2241 diiudicatione
653 2195 754 2258 saepe
775 2181 806 2239 in
830 2179 882 2240 his
902 2181 1144 2241 commentariis
1163 2177 1291 2242 dicitur.

234 2267 332 2328 Nunc
353 2282 432 2324 vcro
455 2265 495 2327 dc
516 2264 658 2326 utilitate
680 2264 824 2325 brevitor
844 2263 959 2327 dicam.
1014 2265 1144 2327 Scimus
1166 2265 1273 2327 Deum
1293 2264 1380 2326 velle
1403 2282 1509 2346 genus
1531 2264 1708 2326 humanum
1730 2263 1902 2346 disciplina
1923 2262 2105 2324 domestica
2126 2270 2163 2321 et

149 2353 253 2432 civili,
282 2351 411 2433 legibus
432 2360 465 2412 et
487 2349 715 2432 suppliciorum
738 2358 826 2411 metu
848 2351 937 2432 regi,
966 2360 1002 2411 ut
1025 2351 1128 2413 multa
1149 2349 1238 2414 dicta
1258 2349 1416 2414 coelestia
1438 2359 1612 2413 testantur.
1667 2351 1751 2413 Cum
1778 2353 1878 2434 igitur
1906 2349 2076 2414 consilium
2097 2346 2162 2407 Dei

30 2438 38 2446 '
149 2455 212 2500 non
235 2436 278 2498 sit
299 2453 435 2516 prorsus
457 2436 587 2510 inutile,
619 2434 787 2496 fatendum
815 2444 869 2498 est
899 2435 1018 2516 aliquid
1040 2436 1153 2498 valere
1175 2436 1260 2500 hanc
1282 2435 1479 2515 doctrinam,
1509 2453 1594 2517 quae
1616 2433 1810 2517 disciplinae
1830 2453 1908 2517 pars
1931 2444 1999 2514 est,
2029 2443 2063 2496 et
2086 2431 2162 2494 fons

145 2525 359 2587 honestarum
384 2522 502 2604 legum.
551 2520 626 2583 Nou
655 2522 700 2582 sit
729 2532 840 2582 autem
868 2531 987 2583 natura
1014 2520 1168 2602 distorta,
1197 2523 1249 2585 cui
1277 2522 1482 2602 proponitur,
1510 2533 1545 2584 et
1572 2522 1668 2583 vivat
1689 2540 1754 2582 non
1778 2520 1952 2604 Cyclopico
1976 2538 2066 2582 more
2089 2519 2161 2579 sine

146 2608 257 2687 freno,
284 2606 356 2670 sine
377 2607 501 2689 legum,
524 2606 715 2690 religionum
737 2616 772 2667 et
791 2606 954 2668 hominurn
971 2607 1176 2687 reverentia,
1206 2605 1266 2670 sed
1288 2618 1441 2669 versetur
1463 2607 1547 2669 inter
1570 2608 1718 2669 homines
1738 2608 1847 2670 civilia
1869 2606 1977 2669 olflcia
1999 2606 2160 2684 colentes,

144 2696 303 2758 invitetur
324 2692 483 2772 exemplis
504 2692 671 2773 honestis,
693 2700 819 2753 metuat
839 2710 980 2772 poenas,
1003 2692 1167 2755 adsuefiat
1188 2694 1230 2756 ad
1253 2693 1382 2754 civilem
1400 2694 1493 2754 vitae
1512 2691 1792 2755 consuetudinem.
1836 2693 1910 2755 Etsi
1923 2700 2033 2754 autem
2047 2708 2160 2770 saepe,

144 2788 277 2863 propter
305 2787 444 2840 naturae
474 2778 745 2856 imbecillitatem,
774 2775 988 2856 cupiditatum
1017 2777 1174 2840 flammae·
1195 2780 1350 2858 vincunt,
1379 2795 1480 2857 saepe
1496 2777 1656 2840 diabolus
1678 2780 1813 2860 impellit
1834 2780 1973 2859 animos,
2003 2795 2044 2838 ne
2066 2785 2160 2837 recto

144 2865 263 2928 iudicio
282 2864 522 2943 obtemperent,
545 2872 653 2923 tamon
675 2860 792 2942 aliquid
814 2864 845 2922 in
869 2861 941 2923 vita
961 2864 1122 2924 communi
1143 2864 1204 2924 loci
1227 2876 1281 2926 cst
1301 2862 1508 2943 disciplinae.
1538 2882 1578 2926 ac
1600 2863 1717 2926 addam
1739 2864 1876 2946 amplius
1897 2864 2069 2944 plurimum
2090 2880 2158 2922 va-

144 2953 213 3014 lere
234 2948 452 3030 diligentiam,
475 2958 509 3009 et
530 2946 615 3009 hanc
637 2946 741 3026 ipsam
763 2945 943 3008 doctrinam
965 2946 1120 3028 adfirmo,
1141 2965 1215 3010 cum
1237 2948 1398 3011 accedunt
1418 2948 1541 3029 agnitio
1564 2958 1598 3010 et
1622 2949 1786 3012 invocatio
1809 2950 1864 3012 lilii
1879 2951 1950 3011 lici.
1994 2949 2057 3009 llic
2076 2965 2158 3008 vero

146 3054 272 3120 genera
293 3032 460 3097 doctrinae
488 3042 579 3094 recte
603 3030 817 3093 discernenda
839 3040 935 3112 sunt,
964 3033 1067 3117 begis
1088 3032 1257 3113 disciplina
1279 3045 1312 3095 ot
1333 3034 1566 3114 Evangelium‚
1594 3052 1659 3115 qna
1686 3033 1728 3095 de
1750 3055 1785 3096 re
1808 3054 1908 3116 saepe
1931 3036 2012 3097 alins
2035 3031 2159 3094 dictum

145 3131 208 3183 est.
249 3119 322 3182 Nec
344 3138 417 3180 raro
439 3117 515 3180 mihi
538 3119 570 3179 in
593 3128 736 3179 mentem
757 3119 866 3197 venit,
889 3135 963 3179 cum
986 3118 1026 3180 de
1048 3118 1133 3202 legis
1156 3120 1299 3182 utilitate
1322 3119 1455 3200 dicitur,
1479 3118 1650 3202 imaginis,
1672 3138 1757 3201 quae
1780 3122 1812 3182 in
1836 3120 2033 3203 evangelica
2047 3118 2157 3179 histo-

143 3208 192 3268 ria
221 3215 313 3267 extat
344 3203 384 3266 de
407 3204 594 3287 Sycomoro.
651 3203 827 3285 Significat
853 3204 940 3264 enim
962 3203 1160 3286 Sycomorus
1189 3206 1342 3286 populum
1370 3205 1481 3288 Legis.
1533 3204 1614 3266 Eius
1645 3215 1755 3267 autem
1786 3207 1911 3268 arboris
1940 3205 2067 3267 fructus
2089 3223 2155 3267 non

143 3299 383 3371 maturescunt,
414 3291 478 3351 nisi
506 3289 590 3350 ferro
613 3287 818 3369 scalpantur,
848 3298 883 3350 et
905 3289 1011 3351 oleum
1033 3289 1239 3372 infundatur,
1271 3290 1396 3370 idest,
1426 3290 1510 3372 legis
1533 3290 1681 3353 doctrina
1708 3293 1755 3352 ita
1777 3292 1911 3372 prodest
1939 3290 2156 3373 auditoribus,

143 3381 172 3439 si
195 3378 418 3459 castigentur,
447 3385 481 3436 ct
504 3385 612 3437 tamen
635 3373 721 3453 oleo,
751 3375 783 3436 id
806 3385 875 3455 est,
897 3375 1081 3457 Evangelio
1103 3387 1380 3458 conspergantur,
1403 3374 1434 3437 id
1458 3385 1529 3457 cst,
1552 3378 1580 3438 si
1602 3375 1763 3439 accedant
1786 3380 1909 3460 agnitio
1932 3387 1966 3439 et
1986 3377 2153 3438 invocatio

142 3463 276 3526 Christi.
320 3461 403 3523 Cum
425 3461 563 3544 legimus
586 3463 617 3520 in
640 3460 801 3522 mentibus
823 3461 944 3522 nostris
965 3463 1151 3523 sententias
1173 3481 1194 3524 a
1215 3463 1285 3523 Deo
1308 3464 1483 3542 inscriptas
1507 3462 1547 3524 de
1569 3463 1730 3544 moribus,
1753 3481 1827 3524 oum
1849 3482 1964 3524 vocem
1985 3463 2048 3524 Dei
2069 3481 2155 3524 con-

140 3549 305 3612 cionantis
333 3546 374 3609 de
396 3547 477 3609 Sina
505 3545 675 3626 audimus,
705 3546 811 3624 ipsum
837 3547 920 3628 legis
949 3556 1117 3609 auctorem
1138 3550 1275 3628 primum
1298 3550 1500 3628 intueamur,
1529 3557 1563 3610 ct
1590 3550 1777 3629 cogitantes
1806 3550 2060 3611 imbecillitatem
2090 3567 2155 3609 no-

140 3646 260 3713 stram,
289 3642 323 3693 et
353 3631 472 3694 diaboli
499 3630 654 3710 insidias,
685 3640 851 3713 petamus,
879 3640 916 3693 ut
937 3632 1029 3693 Deus
1059 3643 1214 3694 aeternus
1236 3643 1330 3713 pater
1352 3634 1480 3695 Domini
1502 3636 1607 3695 nostri
1631 3635 1706 3695 lesu
1730 3633 1871 3715 Christi,
1899 3643 2030 3715 propter
2053 3635 2154 3696 hlium

139 3720 350 3782 mediatorem
372 3736 432 3779 nos
454 3720 608 3798 recipiat,
637 3725 671 3776 et
693 3715 845 3798 adiuvet,
875 3718 962 3778 sicut
985 3718 1071 3778 filius
1094 3720 1241 3798 promisit
1262 3721 1428 3801 inquiens:
1464 3716 1595 3796 Quanto
1617 3721 1724 3801 magis
1745 3728 1838 3800 pater
1859 3730 1975 3782 vester
1997 3722 2153 3781 coelestis

140 3805 231 3868 dabit
254 3804 409 3884 Spiritum
436 3813 587 3865 sanctum
616 3803 813 3882 petentibus.
864 3803 908 3863 Et
936 3801 1065 3883 quidem
1095 3822 1214 3865 severe
1242 3807 1417 3885 praecipit,
1447 3814 1484 3866 nt
1506 3805 1567 3867 hoe
1591 3813 1719 3866 tantum
1740 3823 1858 3869 munus
1879 3818 2046 3887 petamus,
2077 3825 2152 3867 curn

139 3893 201 3955 ait:
224 3891 333 3951 Petite
355 3898 390 3950 et
411 3890 589 3968 accipietis.
629 3888 724 3950 Haec
746 3885 787 3948 de
809 3888 951 3950 utilitate
974 3890 1119 3951 breviter
1142 3891 1249 3953 visum
1272 3902 1325 3953 ost
1348 3890 1467 3952 dicore.
1509 3890 1597 3954 Nam
1620 3889 1661 3953 de
1683 3893 1840 3956 universa
1859 3892 2029 3972 disciplina
2050 3909 2152 3972 saepe

138 3978 221 4041 alias
242 3995 263 4037 a
285 3974 379 4037 nobis
400 3972 521 4037 dictum
543 3983 605 4035 est.

218 4060 314 4140 Quod
335 4079 414 4122 vero
435 4059 556 4122 studiis
578 4068 612 4121 et
633 4057 675 4120 ad
699 4055 901 4119 formandum
923 4057 1077 4120 iudicium
1104 4060 1208 4140 prosit
1229 4060 1416 4141 inspexisse
1444 4060 1505 4122 has
1528 4062 1757 4125 Aristotelicas
1785 4061 2043 4141 disputationes,
2074 4061 2150 4123 indo

137 4147 351 4210 animadverti
381 4155 506 4227 potest,
540 4144 627 4226 quod
656 4162 795 4205 necesso
825 4153 878 4204 cst
906 4144 937 4203 in
961 4144 1113 4206 Ecclesia
1140 4148 1313 4225 perspicuo
1336 4144 1478 4208 discerni
1501 4145 1735 4229 philosophiam
1765 4158 1801 4210 et
1823 4149 2048 4230 lit-'angelium
2102 4149 2151 4209 At

136 4252 200 4294 non
231 4242 383 4312 poterunt
410 4231 586 4304 discrimen
615 4228 781 4292 illustrare
810 4227 861 4306 hi,
893 4230 947 4309 qui
978 4248 1042 4289 non
1072 4229 1256 4293 didicerunt
1284 4242 1458 4312 utrumque
1482 4232 1649 4295 doctrinae
1677 4253 1794 4314 genus.
1843 4234 2024 4313 Propterea
2045 4252 2149 4313 saepe

135 4337 199 4380 non
222 4317 315 4379 modo
337 4320 369 4377 in
393 4317 479 4398 loro,
507 4316 569 4380 sed
591 4317 690 4379 ctiam
712 4316 744 4376 in
768 4314 919 4375 Ecclesia
941 4313 1115 4376 dicendum
1138 4326 1192 4379 est
1214 4315 1255 4379 de
1283 4318 1392 4398 aliqua
1413 4319 1514 4401 Legis
1537 4329 1648 4398 parte,
1677 4318 1718 4381 de
1740 4321 1899 4383 virtutum
1920 4320 2062 4382 civilium
2085 4320 2149 4381 de-

134 4404 335 4467 linitionibus
357 4413 415 4464 aut
436 4404 596 4464 membris.
639 4402 725 4462 Hine
747 4413 857 4461 autem
879 4400 1064 4479 exemplum
1087 4401 1230 4464 methodi
1252 4404 1337 4464 sumi
1358 4413 1485 4484 potest,
1515 4422 1588 4466 cum
1611 4403 1688 4467 talis
1710 4407 1848 4469 materia
1868 4404 2062 4487 explicanda
2084 4416 2147 4466 est.

131 4489 271 4569 Propter
293 4488 355 4549 has
377 4488 535 4549 utilitates
557 4486 747 4550 Aristotelis
768 4484 888 4548 Ethica
908 4486 940 4545 in
963 4487 1113 4548 manibus
1134 4487 1404 4552 scholasticorum
1427 4492 1554 4551 versari
1576 4487 1726 4571 prodest,
1757 4509 1841 4572 qnae
1862 4502 1900 4553 ut
1922 4511 1942 4553 a
1964 4490 2147 4553 rudioribus

132 4585 166 4639 et
188 4575 360 4658 tyronibus
382 4572 509 4635 facilius
529 4573 770 4654 intelligantur,
793 4571 1021 4633 annotationes
1043 4571 1161 4634 alicubi
1184 4572 1226 4635 ad
1248 4584 1378 4636 textum
1399 4577 1430 4636 in
1453 4575 1544 4637 libris
1565 4577 1749 4656 praecipuis
1764 4576 1883 4658 adieci,
1904 4594 1989 4657 qnae
2003 4588 2038 4639 et
2052 4578 2146 4656 ipsae

129 4661 294 4725 interdum
323 4658 497 4722 ostendent
525 4676 621 4719 usum
650 4657 764 4720 harum
793 4659 938 4720 tenuium
965 4655 1232 4737 disputationum.
1285 4659 1364 4722 ldoo
1387 4671 1497 4722 autem
1520 4661 1654 4722 latinam
1676 4663 1861 4725 versionem
1882 4664 2003 4725 nullam
2025 4662 2146 4739 addidi,

130 4746 215 4831 qnod
239 4744 348 4808 malim
366 4763 506 4827 graccos
528 4744 637 4806 sontes
660 4743 725 4825 legi
750 4754 881 4824 propter
905 4741 1024 4803 multas
1047 4761 1176 4805 causas.
1219 4744 1306 4807 Nam
1329 4755 1363 4807 et
1384 4748 1552 4808 sententia
1573 4748 1688 4810 nativa
1708 4748 1837 4811 facilius
1858 4750 2012 4829 cognosci
2033 4759 2144 4829 potest

130 4834 249 4912 abiis,
278 4831 394 4914 quibus
416 4849 538 4914 graeca
560 4831 656 4893 lectio
678 4828 716 4889 fit
738 4828 923 4908 familiaris,
953 4841 986 4889 et
1008 4829 1062 4908 qui
1085 4846 1149 4890 non
1172 4839 1287 4893 teuent
1308 4833 1452 4893 nativam
1475 4834 1690 4914 sententiam,
1718 4834 1782 4914 ipsi
1802 4833 1864 4896 sibi
1886 4852 2006 4896 novum
2034 4843 2069 4895 et
2091 4833 2144 4896 di-

128 4921 233 4984 lutum
254 4915 476 4999 philosophiae
497 4934 604 4999 genus
627 4915 772 4997 fingunt,
796 4932 834 4975 ac
855 4915 996 4976 miscent
1018 4913 1179 4977 absurdas
1201 4919 1401 4998 sententias,
1424 4928 1460 4979 ct
1481 4917 1697 4981 abhorrentes
1718 4937 1739 4980 a
1760 4920 1852 4981 sanis
1872 4918 2000 4982 iudiciis
2021 4920 2055 4981 in
2077 4919 2141 4982 hac

126 5006 286 5072 communi
314 5004 393 5063 vita.
443 5002 488 5066 Ut
517 5013 627 5064 autem
654 5017 808 5082 magnum
835 5010 1060 5060 ornamentum
1089 5010 1162 5078 est,
1193 5012 1228 5063 et
1249 5003 1337 5065 vitae
1360 5003 1520 5066 humanae
1549 5013 1583 5066 ct
1604 5003 1791 5082 Ecclesiae,
1819 5005 2039 5087 philosophia,
2066 5024 2142 5068 cum

126 5102 234 5170 reete,
264 5087 407 5164 erudite,
435 5089 542 5151 sobrie
564 5097 598 5150 et
620 5084 787 5149 moderate
810 5082 966 5163 traditur,
995 5086 1043 5146 ita
1064 5086 1170 5165 pestis
1194 5096 1303 5152 estet
1325 5090 1510 5170 corruptela
1529 5089 1734 5171 iudiciorum,
1762 5108 1837 5154 cum
1858 5109 1916 5172 pro
1937 5091 2143 5172 philosophia

122 5178 300 5243 instillatur
323 5174 438 5237 animis
460 5175 607 5239 conlusio
629 5173 813 5255 opinionum
834 5188 988 5232 verarum
1009 5181 1044 5234 et
1066 5170 1239 5254 falsarum,
1260 5184 1295 5238 et
1317 5177 1498 5241 accersitur
1519 5175 1663 5241 studium
1685 5175 1829 5241 absurda
1849 5176 2045 5244 defendendi
2057 5197 2141 5242 ver-

156 5453 185 5516 t)
206 5453 285 5517 irus,
303 5447 442 5500 mendicus
459 5445 567 5497 ithacae
585 5443 702 5494 maniae.
