4566 5760
141 204 193 277 as
254 311 257 315 ι
696 198 1109 275 ιειιιιοεοεΗιΑε
1133 199 1347 274 Moesus
1371 201 1601 276 ruriam.
2109 207 2159 281 aa

140 379 269 446 doceat
291 397 388 444 nunc
400 371 649 462 distinguenda
668 397 741 443 esse
757 375 938 458 dominia,
965 377 1123 445 dicemus
1175 398 1256 444 rum
1277 374 1438 445 inducias
1458 389 1568 445 noctu
1592 376 1832 469 populabatur
1860 375 2017 449 bostium
2039 403 2155 469 agros,

141 478 407 548 distinctionem
429 475 673 544 dominiorum
697 500 771 546 esse
792 478 878 546 iuris
894 490 1062 561 naturae,
1088 478 1125 546 id
1176 489 1239 545 aut
1266 501 1346 547 crim
1379 479 1514 569 legatus
1546 478 1731 549 Romanus
1759 494 1885 572 pactus
1920 507 2000 551 cum
2028 482 2155 551 Antio-

142 594 215 664 est,
244 581 339 650 tradi
359 578 534 647 aratione
549 578 717 648 naturali.
767 579 900 649 Verum
916 580 1144 650 Aristoteles.
1175 573 1242 646 cho
1259 577 1338 675 ¹⁰⁰),
1360 594 1401 650 ut
1416 581 1563 650 dimidia
1577 605 1660 672 pars
1674 583 1818 653 navium
1834 586 1866 653 ei
1882 585 2156 678 relinqueretur,

141 685 329 778 aliquanto
352 681 501 751 crassius
519 680 709 751 discrimen
727 683 885 751 tradidit.
937 683 1124 775 Quaedam
1175 681 1286 750 secuit
1312 706 1439 767 naves,
1473 697 1514 754 ut
1543 684 1652 754 classe
1676 685 1841 756 universa
1873 712 1954 756 eum
1984 688 2154 780 privaret.

141 787 322 856 naturalia
344 795 428 854 sunt
458 783 507 853 ita
536 786 750 865 necessaria,
785 798 843 868 ut,
875 784 906 853 si
928 798 1122 868 mutentur,
1174 782 1281 852 Tales
1307 786 1450 856 fraudes
1477 810 1552 855 non
1576 799 1660 856 sunt
1689 812 1868 858 summum
1896 790 1970 873 ius,
2012 791 2073 859 sed
2099 816 2156 859 ca-

141 888 353 981 praescrtim
375 886 641 969 universaliter,
667 899 835 978 sequatur
858 889 1039 979 corruptio
1060 912 1123 956 na·
1173 885 1343 957 lemniae.
1386 888 1452 957 Est
1467 902 1585 958 autem
1604 914 1783 959 summum
1801 892 1873 974 ius,
1898 917 1977 960 cum
1991 892 2086 983 leges
2103 918 2155 962 se·

138 1004 258 1061 turae.
308 991 403 1059 Haec
426 991 571 1080 proprie
595 1002 678 1059 sunt
701 989 956 1074 immutabilia,
984 1003 1018 1059 et
1041 1003 1123 1060 sunt
1175 1012 1257 1056 vere
1276 989 1351 1058 sine
1368 990 1591 1081 mitigatione
1604 992 1820 1077 retinentur,
1848 994 1986 1063 etiamsi
2002 1020 2072 1087 qua
2088 995 2155 1062 cir·

142 1118 227 1162 vere
247 1093 423 1185 principia
444 1091 620 1183 practica,
643 1103 705 1160 aut
728 1093 971 1163 conclusiones
992 1119 1033 1162 ex
1054 1094 1122 1163 illis
1174 1093 1384 1161 cumstantia
1402 1093 1559 1162 admittit
1574 1095 1856 1185 mitigationem,
1881 1110 1923 1166 ut
1938 1096 1967 1164 si
1982 1096 2087 1166 iudea
2100 1100 2155 1167 fu·

140 1198 338 1265 necessaria
371 1194 621 1287 consequentia
653 1195 798 1278 ductae,
833 1208 893 1264 ut:
932 1195 1121 1266 Neminem

141 1299 282 1382 laedas,
310 1299 373 1394 qui
394 1297 484 1366 nulli
506 1295 643 1365 nocuit:
668 1297 838 1366 Parentes
864 1299 1014 1367 educent
1036 1299 1122 1369 libe-

142 1426 221 1471 ros:
249 1402 372 1471 Serves
394 1396 543 1468 honesta
563 1411 677 1490 pacta.
730 1398 857 1469 Statim
883 1401 977 1469 enim
998 1425 1123 1495 seque-

141 1517 242 1574 retur
265 1499 442 1574 humanac
464 1513 613 1570 naturae
628 1501 812 1595 dissipatio
833 1514 868 1570 et
884 1503 1066 1587 interitus,
1092 1504 1123 1574 si

140 1606 407 1700 permitteretur
432 1604 575 1672 cuilibet
596 1628 663 1696 pro
685 1629 748 1673 sua
766 1603 912 1674 libidine
926 1608 1041 1675 facere
1057 1606 1123 1676 im-

140 1723 265 1802 petum
288 1709 328 1777 in
350 1709 502 1777 aliorum
521 1709 684 1776 fortunas
701 1720 736 1775 et
754 1732 916 1798 corpora.
968 1709 1038 1778 Sed
1053 1709 1121 1777 alia

141 1814 320 1906 quaedam
346 1823 429 1881 siant
451 1810 628 1879 naturalia
649 1809 817 1879 inferiore
836 1813 968 1900 gradu,
993 1811 1122 1905 quibus

139 1914 306 1998 mutatis,
331 1939 407 1983 non
427 1911 547 1981 statim
570 1912 730 2006 sequitur
755 1926 905 1982 naturae
927 1915 1121 2005 corruptio,

140 2030 204 2087 aut
226 2016 372 2107 insignis
393 2013 620 2106 depravatio,
645 2028 686 2085 ut
707 2029 835 2085 natura
856 2017 968 2107 magis
984 2018 1121 2086 utimur

138 2122 263 2189 dextra
287 2144 395 2214 quam
417 2118 582 2202 sinistra,
609 2130 643 2186 et
666 2129 786 2186 tamen
807 2118 885 2187 fieri
907 2132 1025 2210 potest
1044 2121 1120 2190 sine

137 2235 289 2292 naturae
311 2221 559 2312 corruptione,
585 2232 626 2290 ut
643 2221 771 2314 aliquis
787 2222 914 2291 melius
931 2235 1054 2292 utatur
1074 2223 1121 2292 si-

1174 1216 1250 1262 rem
1265 1195 1524 1265 adolescentem
1540 1209 1574 1265 ct
1587 1197 1726 1289 lapsum
1745 1199 1866 1293 aliquo
1883 1223 1966 1268 casu
1982 1199 2156 1289 egestatis,

1173 1294 1250 1363 sine
1283 1296 1415 1388 insigni
1444 1300 1650 1382 atrocitate,
1686 1313 1748 1369 aut
1776 1301 1992 1392 petulantia,
2028 1301 2157 1370 afficiat

1174 1398 1318 1489 capitali
1332 1400 1516 1491 supplicio.
1556 1401 1635 1471 Etsi
1649 1415 1767 1473 autem
1785 1404 1975 1473 discrimen
1993 1415 2045 1472 est
2062 1403 2154 1472 inter

1174 1500 1368 1571 calumnias
1397 1515 1432 1570 et
1460 1529 1638 1573 summum
1669 1504 1745 1587 ius,
1777 1520 1898 1574 tamen
1922 1508 1985 1576 ubi
2008 1506 2157 1575 circum-

1173 1603 1323 1672 stantiae
1340 1604 1502 1696 flagitant
1514 1606 1795 1698 mitigationem,
1820 1633 1925 1700 saepe
1940 1609 2081 1677 difficile
2105 1621 2157 1678 est

1174 1707 1359 1775 ostendere
1389 1708 1590 1781 discrimen.
1655 1709 1744 1778 Cum
1773 1709 1920 1780 Fulvius
1936 1710 1966 1806 ¹)
2001 1712 2157 1779 alliceret

1173 1808 1316 1899 capitali
1337 1810 1510 1902 supplicio
1526 1824 1708 1881 senatores
1727 1812 1936 1904 Capuanos‚
1965 1825 2058 1882 recte
2072 1838 2157 1882 usus

1174 1923 1226 1979 cst
1244 1936 1383 1980 summo
1408 1914 1504 1996 iure,
1532 1914 1615 2008 quia
1635 1927 1737 1983 erant
1755 1910 1891 1999 hostes,
1912 1917 1977 1985 etsi
1997 1915 2156 1985 fortassis

1172 2036 1247 2081 non
1277 2039 1400 2084 omnes
1428 2016 1563 2108 pariter
1592 2019 1735 2086 fucrant
1763 2031 1906 2087 autores
1938 2017 2157 2100 defectionis,

1173 2140 1296 2185 omnes
1319 2129 1440 2187 tamen
1470 2120 1691 2201 defecerant,
1727 2133 1761 2188 et
1786 2121 1824 2189 in
1848 2146 1974 2191 omnes
1996 2120 2157 2188 animad-

1173 2219 1264 2288 verti
1294 2220 1387 2292 licet.
1439 2221 1509 2292 Sed
1539 2247 1620 2292 cum
1648 2222 1805 2292 Manlius
1834 2236 1937 2314 pater
1951 2221 1982 2317 ⁹)
2012 2223 2056 2292 de
2083 2223 2156 2292 filio

137 2325 263 2395 nistra.
314 2326 428 2396 Huius
449 2325 578 2414 gradus
601 2326 776 2416 quaedam
800 2338 935 2395 mutata
966 2327 1121 2394 toleran-
1171 2321 1385 2413 supplicium
1405 2337 1578 2407 sumeret,
1606 2325 1786 2416 graviores
1802 2326 2088 2396 circumstantiae
2104 2326 2156 2393 vi-

138 2441 217 2513 tur,
241 2428 326 2520 quia
348 2453 414 2497 nec
436 2427 634 2516 corrumpit
652 2438 819 2495 naturam
841 2428 993 2497 mutatio
1015 2424 1120 2497 buius
1171 2424 1300 2494 dentur
1323 2425 1498 2515 flagitasse
1523 2427 1795 2518 mitigationem.
1846 2426 1898 2497 lta
1928 2441 1963 2498 et
1989 2428 2028 2497 in
2050 2427 2157 2496 blilo-

137 2531 297 2622 generis,
329 2555 395 2599 nec
418 2531 544 2621 procul
566 2528 713 2598 discedit
734 2552 755 2596 a
777 2552 861 2598 vera
888 2541 923 2597 et
943 2530 1120 2598 severiore
1171 2526 1226 2594 nis
1248 2551 1329 2595 casu
1348 2528 1632 2597 circumstantiae
1648 2531 1880 2623 requirebant
1895 2530 2156 2621 mitigationem

136 2633 290 2703 ratione.
341 2633 416 2702 Nec
443 2630 539 2699 enim
565 2630 658 2720 leges
681 2630 817 2698 mederi
838 2631 1003 2702 omnibus
1024 2631 1119 2701 titiis
1171 2652 1308 2717 poenae
1326 2626 1370 2721 ³).
1426 2629 1508 2699 Etsi·
1526 2630 1621 2699 enim
1645 2655 1720 2700 non
1742 2631 1967 2701 interfecerat
1989 2632 2156 2702 Clodium

135 2747 306 2827 possunt,
333 2756 444 2828 quare
470 2732 605 2800 leviora
629 2732 805 2824 quaedam
828 2732 1052 2802 dissimulant
1079 2758 1119 2803 ac
1171 2729 1446 2815 incontinenti,
1480 2744 1600 2800 tamen
1621 2732 1681 2800 ille
1707 2732 1924 2824 principium
1945 2758 2086 2824 pugnae
2106 2736 2156 2803 se-

133 2838 304 2908 tolerant.
361 2834 414 2905 lta
438 2859 518 2905 cum
547 2858 623 2904 non
647 2835 796 2903 omnino
819 2848 964 2925 possent
983 2850 1119 2906 veteres
1171 2845 1285 2915 cerat,
1311 2846 1352 2901 ut
1366 2833 1458 2902 iusto
1474 2835 1599 2904 dolore
1623 2847 1759 2920 motus,
1785 2837 1951 2905 videatur
1967 2836 2056 2905 Milo
2072 2861 2155 2907 eum

132 2940 386 3030 legumlatores
402 2960 526 3009 usuras
540 2933 751 3027 prohibere,
771 2937 953 3006 moderari
969 2962 1027 3009 cas
1047 2952 1119 3008 stu·
1169 2935 1369 3003 latitantem
1389 2949 1594 3027 persecutus
1608 2924 1707 3022 'esse,
1740 2940 1803 3007 sed
1828 2934 1954 3007 babuit
1975 2938 2066 3007 Milo
2091 2941 2155 3008 du-

135 3044 311 3125 duerunt,
337 3054 374 3111 et
394 3042 597 3109 moderatas
619 3039 782 3123 tolerari,
810 3040 875 3108 cisi
897 3053 1012 3109 essent
1035 3065 1119 3110 con·
1169 3037 1283 3107 riores
1303 3038 1456 3122 iudices,
1488 3039 1551 3133 qui
1573 3064 1752 3109 summum
1768 3041 1822 3109 ius
1837 3042 2031 3130 urgebant,
2058 3043 2156 3135 quod

134 3158 190 3215 tra
216 3157 394 3215 naturam.
445 3143 514 3212 Sed
536 3142 743 3210 moderatae
766 3166 840 3210 non
863 3142 970 3212 nimis
992 3145 1119 3235 procul
1169 3141 1333 3209 videlicet
1354 3165 1429 3209 non
1452 3141 1683 3211 interfecisset
1699 3142 1863 3212 Clodium
1887 3144 1925 3211 in
1948 3144 2155 3214 continenti.

134 3273 155 3319 a
184 3261 313 3317 natura
342 3247 588 3328 discedebant,
623 3257 659 3313 et
684 3238 772 3312 baec
795 3248 1014 3315 consuetudo
1042 3271 1117 3316 non
1169 3243 1303 3313 Verum
1319 3240 1489 3331 ἐπιείκεια
1507 3256 1559 3314 est
1572 3245 1773 3314 moderatio
1789 3246 1876 3336 legis
1891 3247 1929 3314 in
1949 3246 2069 3340 aliqua
2087 3245 2153 3315 cir-

132 3350 385 3442 corrumpebat
399 3361 578 3418 naturam.
612 3346 669 3415 Sic
681 3347 934 3438 polygamiam,
957 3349 1021 3418 etsi
1034 3374 1117 3418 vere
1169 3346 1400 3428 cumstantia,
1422 3347 1630 3437 praesertim
1646 3348 1684 3415 in
1702 3373 1796 3431 casu,
1818 3350 1948 3441 dequo
1967 3374 2042 3418 non
2055 3349 2154 3440 prin-

133 3467 187 3524 est
201 3466 325 3522 contra
341 3465 527 3532 naturam,
553 3462 674 3518 tamen
688 3450 784 3519 Deus
798 3449 837 3517 in
853 3451 987 3541 populo
1004 3449 1116 3525 lsrae-
1169 3449 1331 3540 cipaliter
1350 3449 1406 3517 lex
1428 3449 1610 3541 loquitur,
1635 3462 1677 3518 ut
1700 3475 1780 3519 cum
1803 3452 1861 3519 lex
1876 3452 1976 3519 iubet
1990 3464 2154 3541 strangu-

131 3556 230 3629 litieo
255 3555 432 3625 toleravit.
485 3553 554 3623 Sed
580 3551 619 3619 in
640 3547 695 3621 bis
717 3553 822 3622 rebus
844 3554 1039 3642 prudenter
1063 3555 1116 3625 iu·
1166 3553 1236 3620 lari
1258 3553 1394 3634 furem,
1420 3551 1582 3644 loquitur
1605 3554 1649 3620 de
1678 3576 1740 3634 eo,
1773 3552 1871 3622 cuius
1901 3566 1997 3623 aetas
2020 3566 2072 3623 est
2094 3554 2154 3621 fir-

131 3659 325 3730 dicandum
349 3671 420 3740 est,
453 3681 518 3725 nec
546 3678 589 3722 ex
618 3654 787 3746 exemplis
812 3655 904 3744 leges
932 3657 1114 3726 sarciendae
1166 3654 1279 3737 mior,
1313 3665 1348 3721 et
1376 3654 1440 3746 qui
1464 3654 1664 3743 petulanter
1692 3655 1842 3724 furatur.
1902 3652 2050 3724 lnterim
2072 3680 2153 3747 per-

129 3775 235 3843 eunt,
267 3786 334 3829 nec
360 3761 433 3830 ulla
461 3757 620 3848 exempla
649 3758 725 3829 sine
757 3758 880 3825 divino
908 3759 1114 3828 testimonio
1165 3756 1277 3827 mittit
1300 3755 1357 3824 lex
1378 3755 1510 3824 iudicio
1534 3757 1719 3847 prudentis
1742 3757 1868 3826 iudicis
1889 3759 2152 3850 mitigationem

129 3864 364 3958 approbanda
379 3876 473 3933 sunt.
522 3859 617 3931 Nam
633 3885 713 3929 cum
728 3862 825 3930 solus
837 3859 933 3929 Deus
949 3863 1114 3932 conditor
1165 3855 1270 3930 huius
1286 3882 1449 3949 poenae,
1475 3859 1515 3928 in
1534 3884 1636 3942 casu,
1662 3861 1792 3953 dequo
1812 3861 1869 3929 lex
1883 3885 1958 3930 non
1972 3861 2152 3952 principa-

128 3969 178 4038 sit
201 3975 371 4047 naturae,
402 3967 440 4033 in
463 3963 573 4056 ipsius
601 3964 707 4034 unius
731 3975 904 4055 potestate
929 3964 1037 4035 etiam
1062 3978 1114 4034 est
1164 3963 1245 4031 liter
1268 3962 1447 4053 loquitur,
1473 3974 1513 4029 ut
1536 3961 1567 4031 si
1585 3962 1664 4056 quis
1683 3974 1796 4031 aetate
1819 3964 1958 4054 lapsus,
1984 3965 2070 4032 etin
2088 3962 2152 4030 ali-

128 4070 186 4140 ius
207 4081 368 4137 naturae.
417 4063 509 4137 lllud
533 4065 639 4135 etiam
663 4066 900 4135 adiiciendum
923 4079 985 4136 est.
1035 4067 1113 4138 Etsi
1164 4090 1235 4158 qua
1249 4064 1372 4154 inopia
1390 4064 1624 4133 commisisset
1636 4068 1772 4135 furtum
1786 4065 1952 4155 exiguum
1965 4065 2041 4134 sine
2055 4077 2151 4133 atro-

128 4171 306 4266 principia
323 4168 475 4239 moralia
491 4182 573 4238 sunt
588 4170 703 4253 firma,
723 4170 814 4239 sicut
827 4169 1003 4261 principia
1021 4166 1111 4264 phy·
1164 4168 1280 4250 citate,
1303 4166 1412 4235 iudici
1427 4166 1598 4256 permissa
1615 4180 1667 4237 est
1681 4167 1859 4257 mitigatio
1875 4190 2026 4256 poenae.
2058 4166 2150 4235 Hinc

127 4275 221 4346 sica:
254 4275 373 4344 Grave
396 4273 510 4341 fertur
531 4273 699 4341 deorsum
722 4285 806 4355 eta,
841 4284 961 4340 utinen
984 4285 1036 4342 est
1057 4273 1112 4341 in·
1162 4283 1280 4362 potest
1294 4268 1456 4358 intelligi,
1479 4269 1540 4339 ubi
1558 4266 1727 4342 ἐπιείκεια
1743 4268 1933 4359 praecipue
1952 4270 2069 4337 locum
2086 4265 2152 4338 ha-

127 4377 268 4448 firmior
299 4398 461 4445 assensus
491 4374 702 4459 moralium,
737 4386 886 4466 propter
912 4377 1111 4466 corriiptio-
1160 4375 1265 4457 beat,
1290 4396 1365 4440 non
1387 4371 1482 4441 enim
1506 4372 1683 4463 approbat
1706 4370 1854 4453 delicta,
1877 4395 1944 4439 nec
1968 4372 2088 4442 abolet
2101 4372 2149 4440 le-

127 4506 213 4551 nem
236 4492 396 4549 naturae.
449 4474 652 4568 Quiaenim
672 4501 747 4546 non
762 4478 848 4546 satis
864 4477 1035 4546 obediunt
1047 4503 1111 4547 na·
1161 4529 1367 4544 ...-....

126 4596 251 4667 lurae,
281 4605 443 4650 assensus
469 4582 509 4648 lli
537 4577 733 4663 infirmior,
766 4593 801 4649 el
830 4579 927 4670 ipsae
958 4581 1109 4649 nollllae
1198 4615 1486 4674 101))Ant1001m,111¹
1505 4616 1640 4677 Magnus,
1660 4613 1839 4678 syrinum
1858 4615 1958 4665 alffl.
1976 4615 2149 4678 hebky„

125 4699 210 4757 sunt
236 4683 476 4766 obscuriores,
502 4693 538 4751 et
558 4679 661 4751 facile
685 4682 899 4753 assentimur
923 4683 1110 4754 contrariis

125 4787 453 4879 imaginationibus.

125 4940 227 5032 outa
238 4946 402 5035 interest
414 4942 781 5034 intersammumias
792 4947 830 5010 et
847 4933 1039 5010 fasciaretur
1049 4935 1109 5032 99).

227 5080 416 5150 Summum
437 5076 492 5145 ius
517 5087 665 5144 nonest
687 5074 906 5143 calumniosa
935 5073 1109 5164 interpre-

124 5180 213 5252 tatio
239 5179 345 5265 iuris,
370 5179 484 5274 qualis
504 5178 589 5261 fuit,
615 5203 695 5247 cum
721 5188 845 5269 pactus
870 5176 1015 5267 triginta
1036 5177 1109 5245 die-

157 5364 205 5432 ⁹⁹)
224 5369 253 5419 et
269 5362 431 5426 laetarier]
450 5366 492 5416 sio
508 5366 576 5418 Edd.
596 5365 671 5417 taio.
689 5367 717 5416 et
738 5363 829 5429 15th
846 5362 896 5415 Ed
917 5362 992 5416 11188.
1011 5366 1040 5418 et
1057 5378 1109 5417 ee·

192 5437 333 5502 aetatem
349 5450 401 5491 sea
418 5433 576 5489 ἐπιείκειαν.

1230 4698 1288 4735 cem
1311 4685 1400 4735 inicus
1425 4698 1485 4735 cum
1507 4683 1653 4749 Romaois,
1677 4685 1722 4747 qui
1746 4695 1771 4735 a.
1792 4684 1849 4733 ist.
1874 4687 1903 4732 at
1925 4686 1984 4734 190.
2006 4685 2096 4747 ipsum
2113 4686 2148 4734 ad

1230 4755 1478 4827 Thermopylastet
1490 4753 1670 4818 Megalesium,
1690 4766 1804 4816 eiusque
1821 4753 1939 4802 classem
1956 4754 1990 4802 ad
2009 4753 2147 4816 Corycum

1230 4826 1258 4872 et
1275 4824 1457 4885 Myonnesum
1474 4821 1609 4870 deerant.

1198 4907 1561 4974 malmundariens,
1585 4905 1632 4969 qui
1654 4906 1682 4955 in
1708 4907 1828 4956 amando
1847 4906 1949 4957 Punico
1974 4907 2046 4956 telio
2070 4918 2096 4959 a.
2121 4922 2148 4961 u.

1228 4978 1289 5028 513.
1308 4976 1427 5037 Capuam
1445 4975 1626 5039 expugnavit,
1644 4977 1716 5026 cont.
1735 4976 1798 5025 Liv·
1815 4976 1865 5039 26,
1887 4978 1927 5026 11.
1948 4977 1989 5027 tt.

1194 5064 1227 5122 2)
1246 5065 1276 5112 Τ.
1293 5062 1411 5110 blaulius
1428 5050 1582 5123 ‘l'orqiiatus
1601 5061 1699 5110 consul
1716 5062 1780 5109 aitte
1799 5070 1917 5123 pugnam
1934 5061 1969 5109 ad
1983 5060 2148 5115 Vesuvium.

1229 5143 1282 5195 qaia
1306 5144 1366 5180 cum
1391 5132 1505 5180 conisus
1523 5130 1553 5179 Ρ.
1570 5130 1653 5177 Decio
1672 5131 1749 5177 iture
1767 5130 1875 5186 collega
1892 5131 2007 5178 barinos
2033 5143 2146 5179 eorum-

1229 5213 1281 5264 que
1298 5199 1391 5249 socios
1409 5198 1564 5260 Campanos
1583 5200 1610 5246 et
1629 5199 1749 5247 Volscos
1771 5209 1797 5246 a.
1815 5210 1840 5245 u.
1860 5198 1920 5248 ³40.
1939 5199 2025 5257 ririt,
2052 5199 2146 5263 illitam,

1231 5270 1275 5332 qtri
1297 5270 1434 5318 adversus
1452 5268 1596 5317 carmiuare
1615 5267 1731 5316 edictum
1750 5269 1830 5315 extra
1847 5266 1969 5316 ordinem
1996 5268 2025 5316 ia
2040 5268 2147 5316 hostem

1227 5339 1418 5401 pugnaverat,
1436 5335 1552 5385 interfici
1571 5335 1668 5398 iussit,
1687 5334 1834 5386 coriaria
1853 5337 1881 5398 a,
1899 5335 1924 5386 7.

1193 5422 1225 5490 3)
1243 5423 1323 5477 Cori.
1343 5421 1485 5475 ciceronis
1502 5421 1592 5473 oratio
1610 5430 1660 5484 pro
1677 5419 1789 5470 titione.
