4544 5766
193 172 280 263 sss

195 361 433 433 voluntariae.
482 358 559 432 Etsi
576 361 672 429 enirn
685 361 851 432 voluntas
871 373 971 430 metu
992 361 1180 453 perturba·

196 478 275 549 tur,
301 478 423 534 tamen
439 465 569 533 retinet
583 463 803 544 libertatem,
837 477 873 532 et
886 465 1028 533 vincere
1044 477 1180 534 metum

174 570 358 638 debebat.
415 567 548 660 Estque
577 566 706 637 usitata
736 565 1069 637 iurisconsultorum
1100 589 1182 647 vox,

195 684 233 740 et
246 694 329 739 vera
350 671 394 739 de
410 667 479 738 hoc
504 694 650 761 genere:
685 668 818 739 Coacta
847 672 1013 743 voluntas
1041 681 1093 740 εει
1120 693 1183 737 vo·

196 776 326 845 luntas.

388 935 431 1012 τὸ
459 934 499 1015 δὲ
524 936 625 1023 τέλος
648 944 713 1035 τῆς
737 935 983 1038 πράξεως]“).

230 1094 233 1103 ·
298 1074 417 1160 Finis,
456 1101 520 1146 εειι
550 1075 748 1146 aestimatio
776 1074 926 1145 aetionis
949 1087 1001 1145 est
1020 1073 1183 1144 facienda

196 1193 302 1264 tunc,
329 1205 409 1250 cum
431 1178 491 1263 fit,
516 1179 554 1247 id
575 1191 646 1262 est,
677 1179 770 1248 actio
791 1179 998 1248 redimentis
1020 1201 1056 1248 se
1079 1200 1184 1269 pecu-

197 1285 258 1354 nia
275 1307 294 1351 a
311 1284 471 1365 latrone,
506 1294 558 1352 εει
580 1281 802 1364 voluntaria,
829 1281 913 1375 quia
937 1280 1001 1351 etsi
1024 1280 1182 1372 primum

196 1411 272 1459 non
304 1385 478 1476 cogitarat
509 1384 628 1453 viator
659 1410 696 1453 se
728 1386 897 1454 daturum
930 1409 1024 1467 esse,
1064 1395 1184 1451 tamen

196 1502 321 1583 postea
339 1514 419 1558 curn
435 1487 559 1556 incidit
574 1487 612 1556 in
629 1486 847 1578 periculum,
873 1487 1023 1556 articulo
1045 1497 1184 1576 tempo·

196 1594 247 1663 ris
262 1604 446 1674 movetur,
472 1602 514 1660 ιιι
526 1590 713 1660 consilium
738 1601 873 1672 mutet,
906 1602 943 1659 ει
963 1589 1069 1679 eligat
1090 1589 1185 1657 inter

197 1698 270 1766 duo
286 1695 382 1763 mala
398 1695 562 1764 alterurn.
621 1693 718 1761 Haec
737 1705 788 1762 cst
800 1692 974 1762 sententia
992 1692 1183 1760 verborum

196 1797 413 1868 Aristotelis:
440 1795 539 1865 Finis
557 1795 707 1865 actionis
731 1807 781 1864 est
804 1797 998 1865 secundum
1012 1806 1184 1886 opportu-

197 1902 349 1970 nitatem
359 1898 428 1994 οὔ),
453 1899 491 1966 id
514 1911 584 1980 εει,
617 1898 683 1967 etsi
704 1897 882 1989 principio
901 1921 967 1966 nec
993 1897 1184 1987 cogitabas,

197 2028 263 2074 nec
290 2003 478 2093 expetebas
502 1996 595 2069 hanc
613 2001 806 2084 iacturam,
844 2000 919 2068 imo
939 1999 1108 2082 nolebas,
1148 2012 1184 2068 et

197 2103 430 2186 aversabaris,
455 2115 577 2172 tamen
592 2116 715 2195 postea
732 2103 914 2186 articulus,
934 2128 998 2174 seu
1012 2115 1184 2194 opportu-

195 2209 290 2278 nitas
305 2205 458 2277 mutavit
472 2207 670 2277 consilinm.
730 2205 796 2276 Est
816 2207 924 2297 igitur
944 2205 1037 2276 actio
1057 2206 1183 2275 volun·

197 2310 288 2380 taria
306 2322 408 2394 tunc,
435 2333 515 2378 cum
532 2310 589 2391 lit,
616 2309 780 2378 videlicet
794 2321 943 2400 propter
966 2309 1073 2377 talem
1097 2307 1182 2376 arti·

197 2414 317 2484 culum
336 2412 519 2504 temporis,
540 2411 623 2506 quia
639 2412 773 2482 iudicas
789 2411 839 2480 illi
854 2411 1007 2503 tempori
1023 2407 1092 2479 hoc
1106 2435 1182 2479 rna·

196 2516 250 2608 gis
264 2515 441 2607 expedire.
497 2514 544 2584 Ει
557 2515 701 2608 quidem
716 2539 755 2584 re
770 2538 854 2584 vera
873 2515 965 2583 actio
980 2514 1182 2583 voluntaria

198 2634 269 2702 est,
311 2619 394 2712 quia
420 2641 495 2687 non
518 2618 633 2687 oritur
654 2617 857 2687 immediate
880 2642 899 2685 a
922 2616 1100 2710 principio
1125 2641 1182 2685 ex-

197 2735 320 2805 terno,
360 2735 529 2813 utsupra
561 2723 604 2790 de
638 2722 821 2789 coactione
850 2721 983 2790 dictum
1016 2732 1086 2802 εει,
1121 2721 1182 2788 εει1

197 2852 218 2895 a
248 2827 432 2896 voluntate
461 2825 636 2914 deligente
666 2824 818 2892 alterum
849 2823 942 2890 inter
974 2824 1045 2890 duo
1076 2824 1182 2891 mala.

480 184 684 262 sclam
701 184 783 259 1²1.
797 182 1332 265 mantuanum-lta
1355 192 1615 271 POLI'HOEN
1637 194 1949 273 ΕΙΣΗΓΑΝΨΙΑ.

2140 198 2222 276 882

1232 367 1330 453 κεῖν,
1356 391 1465 462 quam
1484 394 1564 439 cum
1580 371 1678 463 pacis
1692 382 1798 443 eausa
1815 372 2062 464 approbarent·
2080 370 2134 440 illi
2155 373 2223 465 ipsi

1233 470 1350 540 exules
1387 472 1545 556 reducti,
1589 498 1653 544 sua
1684 475 1845 546 volentes
1877 487 1963 544 tunc
1997 474 2222 559 amittebant,

1234 573 1373 643 etiamsi
1402 575 1502 667 prius
1532 577 1730 667 cogitarant
1758 602 1795 648 se
1815 602 1890 646 non
1915 577 2109 648 amissurus
2134 603 2222 650 esse.

1233 673 1398 770 Denique
1416 678 1502 747 utile
1521 691 1573 748 est
1588 692 1816 771 praeceptum
1832 681 1943 750 vitae:
1984 680 2222 751 serviendum

1235 791 1286 847 εει
1303 781 1478 870 tempori,
1502 783 1564 851 sed
1578 795 1694 851 metae
1708 795 1908 854 teneantur.
1941 782 1993 851 Ac
2006 782 2148 853 disserit
2163 779 2221 854 hic

1234 880 1440 954 Aristoteles
1460 883 1619 954 breviter
1640 886 1683 954 de
1704 887 1849 970 mediis,
1875 885 2038 956 videlicet
2050 886 2222 958 utilitates

1234 984 1388 1054 maiores
1410 985 1611 1057 minoribus
1632 989 1876 1059 anteferendas
1896 1013 1990 1071 esse,
2009 990 2071 1058 sed
2086 990 2222 1059 adden·

1235 1087 1320 1156 dum
1338 1100 1407 1171 est,
1433 1090 1534 1158 salvo
1552 1090 1690 1174 officio,
1716 1102 1751 1159 et
1765 1092 1860 1161 salva
1877 1091 2069 1183 religione,
2101 1092 2140 1161 id
2158 1104 2223 1177 est,

1234 1214 1280 1257 ne
1298 1190 1384 1283 qnid
1397 1192 1460 1261 hat
1473 1191 1615 1264 iniuste.
1667 1193 1793 1264 Cicero
1814 1194 1939 1265 iustius
1958 1195 2041 1264 lecit
2065 1197 2165 1289 quod
2185 1219 2223 1265 se

1235 1293 1371 1362 dedidit
1391 1293 1555 1380 Caesari,
1593 1321 1702 1390 quam
1728 1296 1839 1381 Cato,
1879 1298 1942 1390 qui
1970 1297 2036 1366 sibi
2067 1310 2223 1369 mortem

1234 1396 1417 1467 conscivit.
1468 1397 1582 1488 Supra
1598 1399 1726 1468 diserte
1740 1399 1925 1491 descripsit
1938 1400 2222 1471 involuntarium

1235 1499 1305 1567 dici
1326 1501 1424 1593 quod
1444 1501 1501 1584 fn,
1527 1513 1589 1571 aut
1609 1500 1700 1597 εἷθ’)
1724 1514 1846 1572 coacto
1870 1527 2040 1594 corpore,
2072 1515 2137 1573 aut
2157 1528 2224 1597 per

1235 1600 1489 1692 ignorantiam.
1557 1603 1651 1675 Nam
1686 1608 1732 1675 ad
1764 1605 2005 1675 voluntariam
2040 1608 2222 1676 actionem

1235 1706 1327 1774 duae
1341 1705 1435 1775 vires
1450 1720 1686 1792 concurrunt,
1712 1732 1812 1779 mens
1829 1720 1864 1777 et
1877 1708 2055 1780 voluntas.
2097 1709 2223 1802 Quare

1235 1832 1317 1877 cum
1338 1833 1439 1878 mens
1458 1808 1583 1900 ignara
1608 1835 1683 1879 non
1698 1810 1850 1894 iudicat,
1875 1835 1940 1881 nec
1955 1822 2224 1902 praemonstrat

1234 1910 1412 1979 voluntati
1430 1912 1516 2006 quid
1532 1914 1707 2005 agendum
1722 1915 1787 1997 sit,
1818 1927 1950 1983 temere
1973 1927 2008 1982 et
2032 1914 2108 1983 sine
2132 1916 2223 1985 duce

1233 2015 1346 2082 fertur
1363 2014 1538 2085 voluntas.
1589 2016 1663 2087 Nec
1680 2017 1810 2086 dicitur
1825 2017 1917 2085 actio
1931 2017 2078 2109 proprie
2094 2017 2224 2087 volun-

1234 2115 1338 2187 taria.
1389 2114 1464 2185 larn
1481 2117 1590 2208 igitur
1607 2121 1651 2189 de
1669 2144 1790 2189 errore
1806 2118 1867 2189 illo
1884 2131 1919 2189 et
1931 2119 2137 2210 ignorantia
2152 2121 2223 2190 dis·

1234 2231 1349 2310 putat.
1408 2219 1539 2311 Magna
1563 2235 1646 2291 sunt
1668 2223 1764 2292 enim
1788 2222 1993 2292 discrimina
2015 2246 2081 2291 nec
2102 2222 2223 2294 omnis

1234 2321 1436 2412 ignorantia
1458 2336 1600 2393 excusat
1624 2326 1803 2396 delictum.
1860 2324 1994 2420 Estque
2016 2326 2149 2396 usitata
2167 2349 2224 2405 re·

1234 2424 1333 2515 gula:
1364 2421 1570 2515 Ignorantia
1583 2427 1667 2496 lacti
1681 2440 1823 2498 excusat
1837 2452 1912 2497 non
1929 2426 2081 2523 iurisss).
2137 2427 2225 2501 Non

1234 2541 1375 2597 excusat
1389 2528 1590 2618 ignorantia
1606 2529 1792 2622 Evangelii
1806 2554 1884 2613 eos,
1910 2530 1972 2624 qui
1985 2532 2224 2601 adversantur

1234 2655 1339 2699 verae
1354 2632 1549 2702 doctrinae.
1600 2633 1728 2703 Pe'ccat
1744 2633 1839 2702 enim
1854 2635 2039 2718 voluntas,
2061 2636 2148 2702 ¹curn
2172 2632 2223 2719 id,

1235 2735 1331 2826 qnod
1354 2730 1465 2803 honio
1488 2734 1576 2803 scire
1599 2738 1722 2819 debet,
1758 2760 1833 2805 non
1859 2736 2020 2829 inquirit.
2084 2736 2223 2807 Omnes

1234 2849 1353 2904 autem
1370 2837 1458 2906 scire
1483 2838 1613 2906 debent
1632 2839 1687 2909 ius
1713 2839 1874 2908 divinum
1898 2851 1934 2908 ει
1955 2840 2131 2910 naturale.
2182 2835 2224 2909 ld

196 2928 368 3019 Exempla
385 2939 588 2997 monstrant
600 2951 704 2995 usum
718 2921 823 2995 huius
845 2925 1050 2995 sententiae.
1102 2925 1183 2993 Usi-

1234 2939 1431 3029 negligcre,
1457 2953 1509 3010 est
1526 2940 1642 3010 Deum
1658 2954 1898 3012 contemnere.
1954 2939 2039 3010 ldeu
2055 2955 2152 3011 recte
2168 2942 2224 3010 di·

198 3042 311 3100 tatum
336 3030 470 3099 dictum
499 3042 569 3098 est:
610 3028 846 3097 serviendum
877 3040 929 3096 est
954 3028 1111 3118 tempori
1123 3026 1182 3121 98).

1235 3041 1326 3111 citur
1343 3041 1584 3132 ignorantiam
1600 3044 1707 3127 iuris,
1733 3045 1944 3135 praesertim
1966 3043 2082 3113 divini
2103 3058 2138 3114 et
2157 3069 2224 3113 na·

198 3130 306 3204 ltem:
1234 3144 1379 3227 taralis,
1407 3169 1479 3227 csse
1494 3147 1629 3217 dolum.
1682 3147 1915 3238 Contemptus
1937 3158 2054 3216 autem
2068 3146 2139 3216 Dei
2159 3172 2224 3216 vo·

283 3250 477 3331 Temporibus
498 3247 615 3328 sapiens
636 3263 732 3305 mores
754 3245 818 3304 sine
839 3246 960 3305 crimine
980 3258 1083 3307 mutar.
1233 3247 1428 3316 luntarium
1442 3260 1625 3338 peccatum
1640 3263 1703 3320 est.
1754 3249 1800 3318 Et
1818 3246 1875 3318 hic
1899 3245 2147 3320 honestissime
2169 3249 2224 3318 in-

196 3351 304 3423 ltem:
345 3353 501 3446 Quando
527 3350 605 3418 lieri
624 3373 699 3417 non
721 3360 837 3440 potest
860 3351 957 3441 quud
984 3350 1055 3433 vis,
1097 3352 1182 3422 velis
1235 3349 1311 3443 quit
1326 3348 1549 3423 Aristoteles:
1574 3353 1785 3421 Affectatam
1800 3351 2039 3442 ignorantiam
2055 3377 2133 3421 non
2146 3377 2224 3425 esse

198 3458 296 3552 quod
311 3467 429 3548 potest
442 3453 529 3523 lieri.
569 3451 751 3521 EtCieero
767 3450 900 3544 inquit:
928 3453 1077 3545 Semper
1088 3454 1181 3523 idern
1233 3453 1533 3538 involuntariam,
1574 3458 1634 3524 sed
1663 3455 1849 3524 malitiam.
1912 3453 1960 3522 Et
1992 3454 2224 3526 iurisconsul-

197 3561 429 3652 spectandum
455 3569 526 3640 est,
567 3581 642 3624 non
664 3578 806 3646 semper
827 3554 922 3622 idem
946 3557 1183 3628 sentiendum.
1233 3554 1360 3650 susm)
1378 3555 1515 3649 inquit:
1541 3556 1624 3629 Non
1642 3558 1757 3627 stultis
1772 3560 1833 3627 sed
1851 3557 2052 3628 errantibus
2066 3558 2222 3629 iudiee'm

198 3662 314 3732 Sentit
330 3661 454 3731 Cicero
471 3658 628 3751 primum
649 3658 909 3729 adversandum
936 3682 1009 3728 esse
1026 3659 1182 3743 Caesari,
1233 3682 1439 3728 succurrere
1448 3659 1490 3755 ¹).
1548 3660 1629 3728 Alia
1646 3672 1697 3730 est
1715 3660 1799 3729 lacti
1820 3660 2043 3750 ignorantia,
2069 3673 2134 3731 ant
2154 3660 2225 3747 sui,

197 3765 407 3858 priusquam
432 3761 559 3843 crevit,
598 3773 788 3853 postquam
812 3760 996 3845 crevisset,
1036 3787 1077 3831 ac
1101 3789 1181 3833 sero
1235 3761 1428 3832 autalicni.
1487 3761 1604 3831 Alieni
1624 3763 1736 3853 magis
1756 3775 1916 3845 excusat,
1951 3776 1992 3832 ιιι
2013 3765 2110 3855 apud
2125 3760 2224 3835 Padi

196 3868 269 3937 iam
295 3881 330 3937 et
351 3868 482 3936 frustra
509 3863 640 3932 caeteri
663 3875 787 3931 contra
810 3863 1036 3947 nitebantur,
1076 3867 1183 3936 sentit
1233 3864 1325 3933 lum:
1353 3862 1391 3932 si
1407 3863 1486 3958 quis
1500 3865 1645 3955 ignarus
1658 3866 1812 3935 vescitur
1827 3864 2092 3962 consecratis¹).
2123 3864 2224 3937 llaec

196 3970 316 4064 potius
340 3970 373 4038 ei
397 3969 593 4038 cedendum
617 3990 710 4049 esse,
751 3978 786 4034 et
804 3979 1028 4057 praesentem
1050 3981 1182 4039 statum
1234 3978 1286 4036 est
1301 3966 1409 4034 alieni
1422 3967 1504 4035 lacti
1519 3967 1734 4058 ignorantia,
1761 3969 1859 4061 qnod
1875 3966 2056 4062 inquirere
2072 3992 2131 4038 me
2146 3966 2222 4040 non

195 4073 413 4143 mediocrem
428 4071 639 4140 mutandum
658 4093 743 4152 esse,
757 4093 801 4136 ne
816 4069 992 4139 deteriora
1010 4071 1182 4142 accidant.
1235 4081 1287 4138 est
1304 4093 1456 4140 necesse.
1507 4068 1591 4139 ldeu
1606 4070 1636 4140 si
1652 4069 1731 4164 quis
1748 4071 1918 4160 ignorans
1941 4071 2110 4141 delictum
2133 4064 2225 4143 atiel

196 4176 288 4247 Cum
323 4172 569 4269 Thrasybulus
602 4185 829 4263 recuperaret
863 4172 1040 4264 patriam,
1079 4176 1183 4244 multi
1234 4171 1326 4255 rius,
1364 4196 1438 4240 non
1460 4172 1548 4242 vitet
1568 4174 1651 4258 eius,
1669 4174 1979 4259 consuetudinem,
2022 4188 2231 4251 excusatura.

198 4277 314 4350 exules
329 4277 479 4362 reducti,
505 4275 713 4367 repetebant
726 4287 847 4366 erepta
866 4274 1095 4367 patrimonia,
1123 4280 1183 4347 sed
1234 4271 1439 4364 Ignorantia
1459 4275 1543 4344 lacti
1564 4275 1705 4368 proprii
1725 4277 1911 4367 multiplex
1934 4290 2004 4361 est,
2038 4291 2102 4347 aut
2123 4272 2232 4347 enirn

196 4381 273 4452 sine
301 4381 406 4449 novis
432 4377 643 4473 motibusffl)
674 4401 750 4446 nun
773 4390 942 4469 poterant
963 4377 1012 4447 eis
1032 4380 1182 4451 restitui.
1233 4376 1399 4468 praebuit
1421 4378 1548 4470 aliquis
1568 4404 1709 4448 causam
1732 4377 1956 4470 ignorantia,
1987 4391 2029 4450 ut
2050 4378 2238 4477 ebriusm

197 4482 298 4554 Tulit
327 4482 436 4574 igitur
462 4482 577 4572 legem
604 4476 901 4551 humanissimam
930 4478 982 4574 μὴ
1002 4505 1182 4576 arguenn—
1235 4478 1321 4548 haec
1345 4505 1489 4575 quoque
1513 4494 1564 4551 est
1587 4481 1770 4565 affectata,
1803 4494 1838 4550 ει
1860 4506 1935 4561 nun
1961 4496 2120 4563 excusat;
2159 4492 2252 4657 a}

1234 4583 1468 4674 negligentius
1494 4585 1567 4675 agit
1589 4585 1686 4678 quod
1707 4587 1917 4654 mandatum
1942 4598 2013 4668 cst,
2044 4599 2087 4656 ut
2104 4586 2164 4656 Ma
2187 4582 2198 4603 ⁰

197 4664 403 4682 W-

231 4759 280 4826 04)
299 4759 394 4808 Vertis
408 4756 528 4811 aristot.
547 4754 609 4806 Etb.
627 4753 685 4803 Nlo.
704 4755 723 4805 1.
739 4753 765 4804 3.
784 4769 808 4807 ε.
824 4755 847 4806 1.
867 4755 893 4815 S.
907 4755 933 4805 8.

230 4849 280 4908 ab)
298 4845 393 4896 Verba
411 4841 571 4891 Aristotetts
590 4844 669 4890 sunt:
697 4854 729 4888 ro
754 4834 782 4890 δὲ
807 4837 882 4898 τέλος
906 4840 951 4904 τῆς
972 4839 1095 4911 πράξεως
1111 4844 1182 4897 racd

265 4914 316 4966 τὸν
336 4906 435 4978 καιρόν
452 4907 520 4963 1⁰¹¹·
573 4955 577 4964 -
1268 4938 1837 4999 ss)v1]sara.1sss.;na.1ssan.

229 5001 280 5069 96)
299 5003 357 5051 ltoc
373 4999 475 5047 dietum
492 4997 536 5046 est
555 4994 727 5057 Phocyttdts:
751 4994 847 5063 Καιρῷ
865 4993 1021 5062 tarpeiam,
1046 4995 1116 5066 μηδ’
1134 4996 1184 5051 ἄν·
1268 5027 1319 5086 99)
1337 5025 1417 5075 cons·
1436 5037 1521 5087 ,um
1538 5024 1638 5089 hm·
1658 5026 1778 5074 nomm,

264 5061 1184 5206 ἷὲἶζ“’ἑ11111”1’ἱι111ι1111111111111111111.11111ῗί
1271 5112 1341 5257 :3⁰2
1356 5112 1823 5250 ³“,'³⁶⁰⁰”⁸⁰¹‘¹·;¹„⁸¹⁰,Eg··2,f,⁵⁴⁶
1848 5113 1897 5164 n.
1913 5112 1988 5166 cm
2007 5082 2265 5166 mmmm-'-

1343 5211 1377 5248 un
1393 5235 1399 5248 .
1418 5211 1502 5262 supra
1520 5213 1544 5262 p.
1638 5212 1654 5246 n

264 5206 365 5272 burgtt.
388 5201 491 5269 Ultraj.
502 5204 577 5254 lew.
599 5201 659 5251 ¹6⁰.
676 5216 701 5265 p.
719 5202 777 5254 ¹⁰7.
814 5203 1013 5255 Gontlsrasmt
1026 5208 1089 5257 ltnt.
1104 5210 1183 5272 ndsg.
2187 5236 2194 5251 .

1271 5284 1302 5342 2]
1322 5284 1385 5334 t'id.
1409 5287 1431 5335 1.
1447 5285 1510 5335 Cor.
1525 5286 1568 5349 10,
1586 5283 1629 5334 27.
2244 5318 2255 5331 .

266 5278 330 5331 chll.
345 5275 366 5326 l.
384 5276 457 5324 cent.
474 5276 497 5325 1.
519 5284 561 5324 nr.
575 5272 619 5323 at.
660 5270 722 5322 .t⁷.

226 5361 281 5428 v)
299 5358 434 5417 noum]
452 5357 583 5407 sterecte
599 5285 757 5416 reinna
781 5355 831 5406 Ed.
849 5355 924 5407 ¹5⁴⁶.
942 5360 1053 5423 typogr.
1073 5372 1185 5412 errore:
1270 5367 1302 5433 a)
1320 5367 1461 5486 pbrietape
1483 5369 1589 5431 scalpam
1603 5379 1669 5431 ,ιιοιι
1694 5368 1794 5424 rniuui.
1835 5370 1885 5420 sed
1915 5369 2014 5436 angers
2042 5383 2069 5433 p,
2086 5367 2149 5425 „g
2176 5362 2264 5423 gp

1104 5464 1109 5473 ·
1306 5451 1378 5488 cun
1397 5450 1449 5488 es.

256 5431 394 5480 moribus.

1234 4686 1467 4777 negligentius
1500 4687 1689 4757 custodivit
1723 4687 1886 4756 relictum
1918 4676 2262 4839 1ἰ11ιιιιι(11ιιε.·.’,Ξι
