4566 5760
106 194 171 267 t1e
410 189 485 267 XII.
536 188 818 266 ENARRA'I'IO
850 187 1111 266 ORATIONIS
1143 186 1391 263 CICERONIS
1423 186 1525 262 PRO
1556 188 1742 265 CAELIO.

1985 193 2084 269 1114

106 363 270 460 optimum
287 363 440 450 crimen,
465 362 682 458 praeiudicia
700 367 744 437 de
758 364 916 439 testibus.
976 367 1057 440 Me-
1209 356 1240 454 ᾗ.
1254 356 1316 436 24.
1346 365 1395 434 At
1414 365 1717 456 maeoerieetione]
1749 360 1925 438 Obiectio.
1975 364 2085 437 Prae·

106 463 188 565 nm]
213 467 347 537 scilicet
363 467 539 539 Clodiam.
1107 463 1279 534 varicatio
1293 461 1442 548 dicitur,
1467 467 1610 560 quando
1626 468 1831 538 adversario
1846 465 2087 560 gratificamur

176 566 208 662 ἓ.
226 568 287 642 19.
319 567 459 668 Faetus]
486 565 544 641 ich
565 563 715 641 rorsehe
738 565 852 655 mich,
883 565 943 639 ihr
963 593 1058 639 vver-
1109 579 1144 638 et
1167 566 1392 639 concedimus
1416 568 1526 653 clam,
1559 582 1594 638 et
1610 569 1795 661 prodimus
1816 594 1972 644 causam.
2021 572 2087 642 Ul·
2174 593 2177 601 ·

106 685 133 743 et
147 671 225 741 wol
239 697 279 743 so
295 671 512 766 verniinfftig
527 671 616 758 sein,
638 675 702 744 das
716 669 775 742 ihr
787 674 926 743 werdet
936 668 1058 756 seben,
1106 669 1234 763 planus
1249 668 1296 764 ¹⁷)
1327 670 1461 764 inquit,
1497 672 1819 762 praevaricatorem
1849 698 1943 759 ease,
1983 674 2088 768 quasi

106 800 135 847 ιε
154 799 191 846 εε
210 775 295 846 alles
313 771 452 846 erdicht
463 777 521 847 ist.
597 781 632 847 A
654 800 716 872 quo
738 772 918 874 wem]
942 775 1058 845 Diluit
1107 773 1362 856 varicatorem,
1389 773 1452 867 qui
1473 773 1648 845 diversam
1670 790 1812 867 partem
1833 777 1981 848 adiuvat
2002 801 2087 870 pro·

106 879 292 951 demmate.
368 875 499 977 Apere]
515 877 631 970 Agere
646 891 699 949 est
714 902 890 950 accusare.
938 878 1057 972 Quae-
1107 876 1181 945 dita
1196 899 1258 945 sua
1274 898 1390 946 causa.
1440 874 1579 947 Deinde
1593 880 1917 969 praevaricatorem
1932 881 2089 971 appella·

106 1005 152 1050 tre
168 992 287 1050 autem
302 994 355 1051 εει
368 982 483 1051 dicere
499 980 741 1053 testimonium
754 983 921 1053 adversus
935 981 1057 1051 alium.
1106 1003 1205 1062 mus,
1235 976 1437 1071 quicunque
1451 1002 1471 1048 a
1484 979 1703 1073 praescripto
1721 981 1827 1051 officii
1841 981 1897 1053 sui
1911 981 2091 1052 deflexerit

106 1078 261 1180 latuerit]
286 1083 420 1154 scilicet
442 1085 498 1183 sin
521 1085 710 1155 conticium
726 1084 844 1155 fuerit.
922 1079 1055 1181 Capite]
1107 1094 1214 1175 atque
1229 1078 1457 1152 aberraverit.
1488 1081 1579 1151 Vide
1587 1083 1727 1153 Vallam
1741 1082 1803 1156 lib.
1825 1086 1860 1156 6.
1875 1109 1952 1177 cap.
1966 1079 2090 1179 50.¹⁸).

106 1186 205 1255 ilicet
227 1185 365 1258 Clodia.
429 1185 525 1257 Haec
551 1188 672 1257 omnia
698 1189 915 1279 praecedunt
941 1182 1057 1257 adhuc
1106 1181 1171 1254 Est
1183 1180 1291 1274 igitur
1304 1184 1476 1254 sententia
1494 1179 1600 1256 huius
1612 1185 1700 1256 loci:
1733 1186 1809 1258 sein
1832 1186 2005 1281 gegenteil
2024 1183 2090 1257 hat

106 1312 234 1359 susam.
269 1289 274 1298 '
436 1315 438 1319 ⁴
917 1281 919 1285 ’
1106 1282 1182 1355 ihm
1207 1280 1430 1378 gehencheli,
1462 1282 1531 1356 hoc
1556 1300 1626 1372 est,
1660 1289 1813 1361 collusit.
1888 1288 2088 1380 Liberatus]

178 1386 209 1480 §·
225 1389 287 1463 20.
311 1387 539 1488 Attrectotas]
565 1386 657 1462 habe
672 1391 722 1461 sie
743 1391 958 1483 angefallen,
982 1391 1056 1460 und
1106 1389 1233 1472 idest,
1260 1388 1452 1459 absolutus.
1527 1394 1697 1484 Hospitio]
1721 1392 1773 1463 sie
1794 1394 1900 1483 lagen
1920 1394 2008 1462 oder
2028 1393 2091 1462 be·

106 1516 157 1584 reg
172 1492 307 1580 vvollen
321 1494 436 1564 fiiren.
514 1490 659 1592 Graves]
686 1490 840 1564 ehrliche
854 1495 946 1565 lente
962 1495 1056 1564 miis-
1106 1485 1339 1582 herbergcten
1358 1492 1427 1585 bey
1449 1487 1535 1563 ihm.
1619 1490 1921 1592 Alexandrio¹⁹)]
1956 1494 2090 1566 scilicet

106 1595 299 1678 messeio,
324 1594 475 1665 sicania
491 1620 547 1667 res
565 1597 709 1681 accidit,
736 1609 771 1666 ει
793 1597 846 1666 illi
870 1619 1055 1689 nunquam
1106 1595 1146 1663 in
1165 1593 1341 1687 Aegypto.
1420 1591 1598 1694 Producti]
1631 1594 1728 1665 Haec
1751 1596 1847 1667 enim
1867 1597 2087 1667 consuetudo

106 1697 215 1769 naesti
234 1709 328 1768 sunt.
403 1694 590 1796 Experiri]
617 1700 742 1783 idest,
766 1724 847 1769 cum
870 1724 913 1769 eo
936 1721 1055 1767 coram
1106 1695 1192 1781 fuit,
1217 1698 1362 1792 quando
1384 1696 1480 1768 testis
1503 1699 1643 1768 dicebat
1664 1698 1928 1785 testimoninm,
1959 1711 2000 1769 ut
2025 1699 2089 1766 ali-

106 1826 150 1870 on
168 1800 500 1892 expostulaverunt,
524 1800 572 1870 Es
584 1803 631 1872 ist
646 1801 728 1871 eitel
741 1802 874 1893 spiegel
888 1778 1039 1872 iechteii.
1109 1823 1212 1895 quem
1226 1799 1389 1869 laudaret
1403 1799 1461 1868 vel
1474 1802 1704 1892 vituperaret.

179 1904 266 1993 Cap.
280 1899 341 1975 IX.
368 1899 405 1995 ἓ
416 1904 478 1977 20.
504 1907 574 1975 Sed
584 1900 709 2002 totvm]
734 1903 918 1996 Epilogus.
992 1907 1055 1974 In·
1180 1891 1296 1994 'cap
1309 1899 1368 1973 xi
1395 1898 1426 1992 ἓ.
1441 1898 1504 1976 25.
1529 1909 1573 1975 In
1592 1905 1668 1999 quo]
1699 1903 1862 1975 Primum
1887 1904 2003 1974 elevat
2025 1927 2088 1973 au·

106 2001 246 2103 ενειειν]
272 2004 397 2078 Wenn
423 2031 459 2076 es
481 2006 578 2076 vvird
599 2003 837 2098 fiirgebracht.
911 2007 1057 2096 Propul-
1107 2003 1287 2073 toritatem
1302 2002 1485 2077 Herennii.
1558 2011 1603 2077 le
1617 2007 1696 2100 qao]
1723 2006 1817 2099 Quia
1832 2007 1877 2077 ad
1890 2007 2088 2077 multorum

106 2104 172 2207 tre]
198 2108 367 2191 ablenen,
400 2111 486 2179 oder
506 2110 716 2180 ahwenden.
794 2105 993 2205 iaciuntur]
1020 2109 1056 2177 id
1108 2107 1286 2177 orationes
1298 2108 1508 2200 respondet,
1534 2108 1649 2178 obiter
1664 2110 1769 2180 diluit
1783 2111 1971 2203 quaedam,
1997 2131 2089 2201 quae

106 2225 148 2293 vt,
178 2223 381 2294 accusatur,
415 2236 500 2281 man
521 2213 620 2305 klagt
641 2208 706 2282 ihn
729 2235 788 2284 an.
872 2208 985 2308 Clam]
1020 2234 1056 2280 es
1107 2209 1160 2278 illi
1190 2211 1410 2294 obiecerant,
1447 2210 1611 2281 videlicet
1634 2210 1836 2284 Herennius
1863 2225 1900 2282 et
1932 2211 2089 2283 Clodius.

106 2309 182 2383 rhet
195 2308 363 2384 heimlich
378 2337 433 2384 zu.
1106 2315 1253 2384 Dicendi
1271 2314 1410 2405 ponere]
1437 2312 1560 2396 idest,
1585 2313 1725 2384 dicebat
1744 2310 1894 2387 honesta
1918 2329 1955 2385 et
1975 2325 2090 2405 gratas

180 2410 212 2507 ἓ.
235 2416 296 2490 21.
344 2410 555 2513 insequatur]
600 2413 779 2510 Loquitur
806 2415 850 2484 de
877 2413 1056 2485 Atratino.
1106 2437 1181 2483 non
1199 2417 1295 2508 quod
1310 2416 1465 2484 laederet
1481 2414 1660 2501 Caelium,
1686 2418 1748 2488 sed
1763 2430 1884 2487 tamen
1903 2417 2087 2501 timebam,

106 2519 251 2611 upaoat]
277 2517 370 2611 Quia
389 2518 529 2588 Caelius
544 2518 722 2588 accusavit
735 2529 875 2610 patrem
888 2516 1056 2600 Atratini,
1107 2539 1153 2587 ne
1168 2542 1231 2586 vos
1246 2518 1462 2588 accenderet.
1538 2522 1600 2604 Iit,
1625 2521 1699 2616 qus]
1724 2519 1855 2589 scilicet
1870 2542 2090 2614 quamquam

106 2624 158 2690 leo
171 2620 354 2692 Atratinus
370 2621 423 2690 ira
439 2635 637 2691 commotus
651 2621 804 2692 vicissim
820 2634 961 2693 accusat
970 2618 1058 2690 Cae·
1107 2641 1183 2689 non
1198 2630 1251 2688 est
1262 2643 1423 2704 severus,
1445 2632 1487 2690 ut
1501 2616 1592 2690 mihi
1609 2621 1768 2706 ridetur,
1790 2646 1829 2692 so
1846 2618 1951 2692 schilt
1962 2645 2002 2690 er
2018 2622 2088 2690 den
2187 2654 2197 2665 ’

106 2748 178 2795 um.
274 2729 334 2795 Es·
364 2726 428 2795 laco
460 2725 571 2815 copia]
610 2723 738 2794 Elevat
766 2724 872 2795 fidem
901 2723 1056 2793 testium.
1106 2721 1336 2793 Hortensium
1360 2722 1418 2791 ein
1444 2722 1576 2814 wenig.
1677 2725 1842 2816 Patruus]
1873 2725 2027 2795 Patruos
2048 2723 2089 2792 in

106 2826 261 2918 ratiosie]
300 2827 357 2896 dic
384 2827 489 2896 einen
520 2823 662 2919 anhang
685 2823 813 2898 haben.
872 2825 1057 2898 Gratiosus
1108 2824 1300 2896 comoediis
1313 2836 1460 2910 vocant,
1486 2825 1543 2894 die
1557 2823 1639 2898 sehr
1654 2821 1823 2900 schelten.
1873 2826 1966 2899 Nam
1985 2839 2089 2919 pater

106 2929 252 3020 ‚gnificat
281 2930 387 2998 etiam
409 2929 622 3020 benignum,
662 2929 888 3012 munificum,
929 2929 1058 2998 libera·
1108 2942 1161 3000 cst
1182 2927 1290 2999 mitis.
1347 2928 1519 3000 Censores
1539 2943 1658 3014 erant,
1694 2928 1756 3023 qui
1780 2931 1823 3000 de
1848 2929 2009 3000 moribus
2030 2952 2090 2998 co-

106 3058 169 3115 am,
201 3031 387 3122 guedigen.
441 3028 528 3101 Inde
550 3031 744 3124 gratiosum
768 3030 915 3116 dicitur,
947 3032 1059 3102 darzu
1108 3028 1396 3127 gnoscehantit).
1473 3034 1685 3125 Oliurpeoit]
1710 3032 1893 3102 Percurrit
1912 3030 2090 3129 quaedam

106 3158 163 3204 san
180 3133 319 3225 geneigt
332 3134 389 3205 ist.
456 3137 600 3228 Offerre]
626 3131 700 3205 sich
714 3135 882 3205 erbieten.
947 3139 1059 3206 Testi-
1108 3135 1201 3205 dicta
1230 3132 1430 3218 Hortensii,
1470 3158 1561 3229 quae
1576 3147 1677 3208 sunt
1707 3133 1857 3208 leviora.
1938 3135 2088 3227 Pareae]

106 3236 239 3330 onium]
263 3235 364 3307 Facit
376 3238 588 3321 verisimile,
613 3239 711 3333 quod
727 3238 865 3308 dixerat
877 3236 1060 3307 conducti·
1108 3237 1241 3309 scilicet
1268 3262 1384 3309 strum.

108 3366 148 3411 os
166 3363 238 3409 csse
254 3363 273 3407 a
291 3339 483 3412 Clodianis.
1211 3335 1243 3430 ξ.
1259 3338 1320 3412 26.
1345 3335 1592 3437 Lupereia⁸¹)]
1624 3335 1779 3432 Luperci
1798 3341 1961 3423 fuerunt,
1993 3338 2091 3409 Psat-

182 3438 214 3533 §.
236 3446 299 3516 22.
333 3447 407 3516 Hoc
425 3445 630 3537 exponere]
661 3441 794 3512 scilicet
810 3442 856 3512 sit
877 3441 994 3512 cautio
1011 3440 1059 3538 ¹³)
1108 3442 1188 3525 fen,
1221 3441 1278 3510 die
1302 3441 1348 3509 da
1368 3438 1487 3510 haben
1503 3436 1744 3514 Wolffsheute
1768 3465 1990 3531 angezogen,
2015 3442 2092 3510 und

106 3543 234 3636 templi
259 3568 376 3616 causa.
476 3547 703 3637 Proieeeriet]
734 3544 917 3615 Transitio
939 3547 985 3614 ad
1007 3545 1060 3615 Io·
1109 3542 1188 3614 sind
1206 3539 1358 3613 umhber
1375 3542 1569 3635 gelaullen,
1592 3543 1664 3613 wie
1681 3567 1808 3614 unsere
1823 3566 1956 3612 narren
1972 3544 2011 3612 in
2026 3545 2090 3612 der

106 3673 160 3718 um
176 3630 415 3718 communem'.
476 3648 704 3739 Eretuditote]
731 3648 766 3718 8.
783 3647 965 3718 Transitio
982 3649 1061 3716 Ion·
1108 3640 1304 3729 Iastnacht,
1331 3658 1374 3714 et
1396 3640 1464 3714 hoc
1485 3646 1581 3737 apud
1602 3645 1682 3716 illos
1705 3659 1782 3715 erat
1802 3645 2013 3717 sacrificium
2027 3645 2089 3742 Ἠ).

106 3751 181 3833 ior,
214 3751 328 3820 donec
348 3751 512 3842 pervenit
537 3750 583 3818 ad
611 3750 893 3840 obiurgationem
919 3750 1060 3820 delicia·
1108 3747 1278 3839 Referunt
1291 3752 1428 3818 nomiae
1438 3743 1510 3846 ”)]
1537 3749 1664 3832 idest,
1691 3748 1781 3820 alius
1802 3749 1914 3818 alium
1936 3763 2090 3832 accusat,

106 3879 159 3924 um
175 3852 417 3924 refellendam.
490 3854 681 3945 Potentiae]
701 3851 833 3925 Wider
846 3842 1059 3945 gewaltigen
1109 3848 1159 3921 Es
1173 3851 1268 3920 darii
1277 3849 1335 3919 ein
1349 3851 1456 3942 gesell
1469 3854 1539 3920 den
1556 3853 1694 3921 andern
1709 3851 1914 3944 verklagen.

106 3955 293 4027 cutwillen.
367 3956 553 4047 Adducam]
573 3952 661 4025 Wir
675 3955 810 4025 wellen
823 3951 971 4026 esnicht
987 3958 1064 4027 auli
1108 4025 1313 4042 ,-,,,,

105 4082 297 4150 enzengen
308 4053 469 4128 bernheri
482 4057 608 4128 lassen.
672 4061 790 4150 itaqu]
810 4058 940 4130 scilicet
952 4059 1060 4131 simu-

106 4161 161 4231 iri.
241 4163 361 4254 Ilects]
385 4160 517 4230 scilicet
536 4157 698 4251 pecunia.
780 4162 943 4254 Apamea]
968 4163 1059 4233 scili-

106 4278 224 4335 etnon
235 4287 513 4355 praegravemur
527 4261 786 4332 existimatione
800 4264 963 4348 illorum,
997 4265 1060 4360 qui
1144 4220 1625 4357 ¹⁸1)..i⁸¹'.'.ii'ie{iniiii‘0{ii⁰-²-
1638 4217 2089 4352 alpiuqetffipqeqpprgipeptripqp

1144 4118 1191 4188 17)
1208 4119 1241 4172 ln
1256 4116 1361 4185 Digest.
1377 4116 1489 4168 xuvn.
1507 4117 1550 4168 tit.
1564 4118 1605 4169 ti.
1620 4116 1656 4170 ir.
1671 4119 1695 4170 1.

106 4390 205 4438 ausas
220 4379 348 4457 agunt,
375 4368 435 4437 sed
452 4367 696 4457 expendantur
709 4386 766 4435 res
781 4389 859 4434 cum
875 4368 992 4438 rebus.
1176 4362 1224 4414 ¹¹¹³·
1237 4361 1285 4412 ἢ
1310 4369 1368 4422 ⁰⁸⁹·
1379 4359 1423 4408 ⁶⁰·
1447 4359 1491 4408 m
1507 4357 1683 4420 mltum
1718 4357 1749 4407 ¹¹¹
1776 4357 1887 4408 2οΜ
1910 4357 1986 4417 ⁰⁰⁸·
2003 4356 2091 4439 ΙΨ·

1176 4430 1332 4488 consultos)
1344 4426 1378 4477 de
1388 4426 1609 4493 praevaricator,
1628 4424 1840 4492 tergiversator
1854 4429 1882 4476 et
1893 4425 2090 4479 calumniator.

1141 4530 1189 4599 it)
1208 4529 1406 4590 Alexandria]
1426 4528 1498 4592 epod
1515 4529 1674 4581 ciceronem
1691 4526 1809 4594 iegitur:
1826 4528 2035 4585 amandatae.

1141 4633 1191 4694 ao)
1209 4632 1304 4683 solent
1321 4629 1413 4694 petrui
1429 4630 1555 4680 severius
1572 4631 1687 4692 nepotes
1703 4628 1866 4694 obiurgare,
1895 4630 1919 4680 ei
1943 4632 2006 4694 quii
2023 4647 2090 4697 pec·

1176 4700 1310 4751 caverint.
1346 4699 1415 4749 ilinc
1431 4700 1547 4762 patmus
1564 4709 1615 4760 pro
1631 4708 1719 4748 saevo
1737 4700 1765 4747 et
1776 4709 1875 4761 aspero
1889 4703 2092 4763 reprehensore

1176 4780 1227 4820 seu
1244 4767 1425 4834 castigatore,
1442 4767 1499 4822 vid.
1516 4765 1632 4819 Gesneri
1649 4767 1771 4819 thesaur.
1790 4779 1812 4818 a
1829 4768 1856 4819 i.
1874 4782 1900 4818 r.

1142 4872 1191 4932 at)
1208 4872 1363 4937 nemeis]
1380 4872 1450 4923 hane
1466 4868 1610 4922 Ciceronts
1626 4880 1738 4933 socen,
1768 4869 1806 4921 ad
1827 4882 1907 4936 quan
1929 4871 1997 4922 liaeo
2020 4874 2088 4926 nota

1175 4941 1312 5006 potitust,
1329 4941 1355 4991 el
1372 4940 1432 5005 lpse
1448 4939 1592 5004 adscripsi

1141 5042 1191 5101 22)
1207 5041 1249 5092 De
1264 5040 1385 5105 lupercis
1412 5040 1469 5094 vid.
1487 5041 1588 5093 Atiam:
1618 5040 1724 5093 iianib.
1742 5040 1792 5093 der
1808 5040 1875 5092 rim.
1894 5039 2091 5112 Altertiiimer,

1176 5111 1270 5163 ibera.
1287 5124 1315 5161 r.
1333 5111 1434 5174 Meyer
1450 5111 1513 5162 ’1.1.
1533 5124 1558 5173 p.
1570 5110 1622 5161 eie
1634 5123 1674 5174 sq.
1714 5113 1757 5162 Ex
1774 5109 1956 5172 lupercalibus
1973 5112 2093 5175 aittsqus

1174 5179 1263 5228 aseris
1280 5180 1450 5231 Graecorum
1472 5181 1500 5231 et
1515 5179 1716 5246 Romanorum,
1744 5179 1850 5230 tutiora
1873 5178 2091 5234 christianornm

1174 5247 1305 5298 ieiunium
1325 5250 1458 5299 sollenne
1475 5248 1667 5299 antecedentia
1683 5250 1747 5299 suni
1764 5250 1836 5301 orta.

1141 5347 1352 5484 ”gemant
1375 5350 1507 5411 nomiae]
1529 5348 1569 5400 sic
1584 5347 1635 5400 Ed.
1653 5347 1749 5411 scaea
1783 5347 1835 5401 Ei.
1860 5347 1946 5405 orell.
1971 5351 2091 5405 neeriae

183 4469 270 4562 Cap.
284 4470 327 4540 X.
352 4466 382 4561 ἓ.
397 4471 458 4543 23.
483 4470 615 4563 Itaque]
640 4465 818 4550 Reiectio,
843 4462 934 4537 nihil
954 4494 992 4540 se
1014 4471 1058 4540 de

106 4571 331 4645 edicturum
404 4575 460 4645 Μ.
485 4572 620 4662 Croeso]
645 4570 758 4658 Saepe
781 4569 884 4639 multi
909 4574 1058 4643 eandem

106 4700 223 4748 ausam
240 4675 415 4746 dicebant.
490 4678 545 4745 De
558 4672 686 4763 Dione]
713 4670 839 4741 Obiter
854 4675 1059 4765 perstringit

106 4801 224 4850 ausam
247 4780 290 4848 de
313 4779 419 4847 caede
438 4774 567 4845 Dionis
586 4774 694 4866 legati
709 4772 884 4872 suntin).
959 4776 1058 4868 Iaso-

106 4887 150 4954 o'a
172 4931 181 4951 .
205 4930 215 4949 .
237 4931 247 4950 .
269 4879 441 4971 ceperatis]
467 4879 544 4950 anff
564 4880 634 4948 den
655 4900 739 4946 man
762 4902 798 4950 es
818 4878 876 4947 nie
898 4875 1057 4971 gedacht.

106 4984 312 5055 thservanda
342 4995 395 5054 est
424 4980 596 5052 formula:
645 4978 793 5051 infamia
828 5005 988 5072 aspersus
1023 4995 1059 5051 et

106 5086 291 5180 sspicione.
358 5083 446 5155 Late
470 5085 566 5155 enim
589 5095 688 5177 patet
707 5109 791 5156 usus
813 5080 919 5155 huius
940 5084 1055 5154 verbi:

106 5213 275 5284 spergere.

106 5313 283 5423 Μ
299 5352 437 5406 11111568.
454 5352 598 5413 corrupte:
618 5349 715 5404 mutis.

111 5427 161 5490 ti)
178 5426 259 5480 cont.
276 5434 361 5488 snpra
375 5435 403 5487 p.
417 5422 494 5475 itii.
510 5423 577 5474 nois
586 5419 630 5479 81.
