4544 5766
61 192 130 267 tat·
349 196 522 263 suver
545 191 640 265 Μ
675 188 1269 265 emneseeunnuouans
1293 188 1584 264 Felmtffleu
1619 192 1722 251 w!
1793 208 1812 241 ²
2010 196 2085 269 tot

10 420 12 441 .
60 381 135 434 tem.
189 361 292 455 Ergo
308 375 343 432 et
360 364 612 434 nosdebemus
631 366 766 436 fructus
780 379 991 458 omnputare
1005 364 1045 433 in
1097 365 1280 458 aequitati.
1338 364 1432 435 ¹llam
1451 366 1513 458 qui
1526 368 1589 435 dat
1603 368 1780 436 efficacem
1798 390 1940 437 causam
1957 369 2082 437 damni

59 480 209 548 sortem,
237 492 319 537 cum
343 465 493 537 emimus
515 467 668 537 fundum
690 495 771 537 cmn
793 483 899 560 patto
924 470 966 536 de
988 491 1045 536 re·
1097 468 1217 549 alteri,
1243 468 1349 534 debet
1365 468 1417 534 illi
1434 492 1675 558 compensare.
1726 468 1767 537 ln
1783 467 1852 541 hoe
1865 495 1957 541 -casu
1976 495 2080 540 nsora

59 572 266 652 vendendo,
292 582 328 637 et
344 571 491 639 reddere
507 570 637 639 furrdos
654 570 730 639 sine
746 572 861 662 pretio
876 583 939 641 etc.
974 570 1045 638 Re·
1096 583 1177 661 post
1189 582 1329 660 tempus
1343 571 1513 639 solutioni
1527 570 1573 666 118)
1594 571 1847 657 constitutum,
1870 575 2017 664 praebet
2032 576 2081 641 es-

58 675 237 765 spondeo:
262 673 432 763 Neganda
451 684 502 741 est
519 676 790 767 consequentia,
816 675 898 767 quia
918 672 1043 765 politia
1096 675 1238 741 ficacem
1254 674 1376 740 damni
1393 696 1548 743 causam.
1601 676 1720 767 Quare
1740 677 1993 770 aequissimum
2017 690 2081 759 est,

58 776 215 844 liesaica
232 772 324 843 nihil
345 774 499 865 pertinet
516 777 563 842 ad
585 801 662 845 nos.
714 777 791 846 Hoc
813 791 931 846 autem
954 800 1044 845 onus
1096 789 1136 845 ut
1166 774 1203 842 id
1234 774 1381 844 interest
1408 775 1579 845 solvatur.
1645 776 1686 845 ln
1717 773 1784 846 boc
1814 800 1896 847 casu
1927 779 2086 870 perspici

57 882 95 947 de
110 878 309 947 reddendis
323 878 443 949 fundis
458 877 495 945 in
515 877 670 947 iubilaeo
688 892 766 946 erat
781 878 969 969 peculiaris
987 903 1044 945 or·
1097 889 1229 968 potest,
1257 881 1353 970 quod
1368 878 1413 947 sit
1426 903 1571 961 verum,
1599 892 1634 948 et
1650 905 1725 948 non
1742 882 1946 950 simulatum
1971 882 2082 949 inter-

55 982 191 1050 dinatio
216 980 313 1050 illius
336 981 470 1071 gentis,
496 980 586 1050 sicut
609 981 857 1050 circumcisio.·
893 980 1044 1049 Seditio-

55 1112 129 1155 sum
173 1097 299 1152 autem
343 1097 434 1152 esset
474 1108 553 1151 eam
594 1096 767 1177 tauquam
810 1082 1044 1152 necessariam

54 1190 251 1257 transferre
273 1190 320 1255 ad
342 1199 482 1255 nostras
506 1187 739 1277 respublicas,
767 1188 906 1255 tauretsi
919 1182 1045 1253 habuit

56 1293 90 1359 in
105 1292 173 1359 illo
187 1291 328 1382 populo
342 1290 539 1371 rationem,
566 1301 600 1356 ct
617 1290 818 1381 exemplum
838 1284 1045 1358 *humanita-

55 1396 108 1465 tis.
180 1394 280 1462 Deus
302 1393 395 1461 enim
418 1392 535 1460 noluit
554 1392 665 1460 ullam
688 1392 861 1460 familiam
885 1389 1045 1482 expilari,

55 1499 115 1567 sed
137 1523 225 1566 suos
244 1498 381 1565 fundos
405 1493 553 1584 singulis
577 1495 793 1564 conservari.
858 1491 910 1562 lta
939 1493 1046 1562 simul

55 1599 365 1669 casmervabantur
380 1596 555 1678 familiae,
583 1610 617 1666 et
632 1598 750 1667 minus
774 1596 844 1664 loci
864 1610 941 1664 erat
963 1620 1045 1663 ava-

56 1704 183 1785 ritiae,
208 1726 286 1770 non
306 1713 472 1791 poterant
490 1698 637 1770 ditiores
661 1700 814 1769 aliorum
829 1702 874 1767 ad
891 1723 927 1767 se
944 1722 1046 1789 prae.-

55 1808 114 1874 dia
138 1821 317 1878 cecinere.
385 1802 473 1871 Erat
503 1803 611 1892 igitur
639 1799 726 1871 haec
757 1802 937 1870 ordinatio
952 1800 1046 1869 utile

56 1909 241 1978 vinculum
264 1906 303 1974 in
330 1906 389 1973 illa
411 1905 611 1997 republica,
653 1931 777 1973 versun
802 1901 892 1973 nihil
915 1905 1048 1993 obligat

55 2038 136 2095 nos,
153 2011 247 2080 sicut
261 2011 334 2077 iam
350 2033 424 2076 non
439 2022 600 2078 tenemur
614 2009 689 2098 lege
706 2010 749 2076 de
765 2007 1047 2087 circumcisione,

53 2117 117 2187 sed
139 2113 277 2183 nostris
300 2111 454 2202 legibus,
488 2136 579 2204 quae
604 2125 686 2180 sunt
709 2123 967 2180 consentaneae
990 2133 1047 2178 ra-

53 2219 165 2300 tioni,
193 2229 229 2284 et
252 2215 471 2307 approbatae
483 2239 507 2282 a
526 2214 657 2284 nostris
674 2213 959 2304 magistratibus,
985 2214 1048 2280 ob-

52 2337 259 2412 temperare
283 2320 463 2387 debemus.

49 2478 113 2547 An
141 2475 300 2545 ratione
324 2475 406 2542 etus
441 2468 538 2564 qood
570 2472 746 2552 interest,
785 2473 863 2560 peti
900 2464 1048 2560 aliquid

223 2597 346 2684 possit
372 2597 413 2663 in
437 2599 563 2661 rnutuo
589 2610 705 2681 supra
729 2589 881 2657 sortem.

155 2727 394 2817 Respondeo:
421 2723 591 2793 interesse
616 2734 784 2804 vocatur,
818 2720 915 2814 quod
941 2720 1047 2787 debe-

52 2830 261 2913 tur.alicui,
287 2830 343 2897 vel
366 2829 449 2921 quia
468 2830 601 2896 damno
621 2827 767 2894 allectus
787 2836 859 2906 est,
887 2822 944 2889 vel
962 2821 1047 2914 quia

55 2938 198 3005 lucrum
220 2933 368 3026 aliquod
391 2930 602 3022 impeditum
623 2941 705 3011 est,
719 2927 799 2995 ideo
818 2925 1048 3013 distinguitur

57 3039 252 3118 interesse,
277 3047 341 3103 aut
358 3035 473 3104 oritur
493 3045 640 3123 propter
660 3033 830 3099 damnum
852 3051 1048 3116 emergens,

60 3152 117 3209 aut
131 3149 286 3231 propter
305 3139 441 3207 lucrum
460 3159 610 3206 cessans.
648 3133 873 3223 Exemplum.
914 3131 950 3199 Si
969 3129 1048 3223 quis

60 3243 185 3313 debuit
204 3236 296 3309 mibi
317 3242 456 3308 solvere
478 3241 529 3312 20
552 3261 677 3306 aureos
699 3235 864 3304 Calendis
880 3233 987 3316 Maii,
1014 3246 1048 3301 et

64 3370 133 3415 ron
161 3343 290 3424 solvit,
322 3344 353 3412 si
376 3336 522 3434 propter
553 3340 650 3408 illam
678 3363 819 3407 moram
842 3340 974 3406 damno
997 3337 1047 3404 at-

63 3451 169 3518 iectus
192 3445 315 3538 aliquo
341 3471 439 3528 sum,
474 3443 637 3512 videlicet
659 3442 741 3534 quia
766 3454 848 3510 tunc
874 3439 1046 3507 debebam

66 3551 165 3626 alteri
181 3549 340 3629 solvere,
368 3548 424 3618 cui
444 3572 554 3641 quum
577 3570 653 3615 nou
668 3545 865 3624 solverem,
892 3542 950 3609 ille
967 3541 1048 3623 lecit

66 3666 243 3745 sumptus,
268 3664 302 3720 et
323 3647 390 3721 bos
412 3674 556 3744 quoque
578 3674 597 3716 a
618 3671 675 3714 me
693 3647 792 3737 petit.
845 3643 884 3713 ld
902 3645 1048 3713 interest

68 3769 211 3848 propter
226 3755 399 3824 damnum
415 3749 505 3823 mihi
521 3774 715 3840 emergens.

158 3858 228 3929 Est
249 3869 285 3926 et
305 3857 402 3926 aliud
424 3855 615 3926 discrimen
636 3850 834 3921 necessario
858 3851 1048 3919 observan-

1097 1006 1188 1063 esse,
1232 984 1328 1072 quod
1364 981 1522 1050 accidere
1558 983 1648 1052 solet
1676 983 1874 1066 mutuanti,
1917 984 2081 1051 videlicet

1098 1085 1193 1175 quod
1223 1084 1389 1167 debetur,
1425 1084 1562 1154 etiamsi
1594 1087 1692 1154 nialla
1718 1086 1861 1155 accessit
1886 1086 2082 1177 stipulatio.

1097 1185 1189 1254 Hinc
1211 1185 1360 1255 iudIcari
1383 1200 1518 1278 potest,
1561 1188 1622 1255 ubi
1648 1187 1685 1255 in
1706 1202 1832 1259 mutuo
1856 1203 2081 1280 praetexatur

1097 1290 1284 1370 interesse,
1311 1293 1407 1381 quod
1423 1291 1585 1358 videlicet
1601 1291 1677 1359 sine
1697 1292 1925 1383 stipulatione
1948 1316 2082 1385 nequa-

1098 1414 1206 1484 quam
1222 1393 1410 1461 deberetur
1417 1392 1477 1488 ³⁷),
1496 1405 1530 1459 ct
1547 1394 1662 1475 eflicit,
1689 1418 1733 1462 ne
1749 1397 1926 1463 mutuatio
1944 1396 2020 1486 ipsa
2038 1393 2083 1462 sit

1096 1493 1271 1578 liberalis,
1305 1496 1366 1561 sed
1389 1507 1440 1562 est
1464 1494 1566 1586 quasi
1590 1496 1744 1585 pretium
1769 1496 2023 1578 mutuationis,
2049 1507 2084 1562 et

1098 1595 1254 1687 captatio
1268 1597 1358 1664 lucri
1373 1621 1415 1664 ex
1430 1598 1664 1667 mutuatione.

1200 1697 1253 1766 De
1269 1701 1367 1767 lucro
1384 1712 1539 1768 cessante
1554 1714 1636 1790 post
1648 1691 1802 1784 nioram,
1826 1698 1895 1770 boc
1911 1714 1975 1783 est,
2002 1726 2083 1768 cuns

1098 1801 1238 1869 debitor
1255 1825 1329 1869 non
1348 1801 1454 1870 solvit
1468 1803 1659 1871 constituto
1677 1806 1753 1885 die,
1779 1804 2016 1895 pronuntiant
2037 1803 2084 1869 ad

1099 1907 1252 1974 eundem
1274 1904 1422 1972 modum
1446 1906 1568 1973 deberi
1592 1907 1647 1987 id,
1678 1907 1776 2000 quod
1798 1906 1963 1986 interest,
1993 1905 2084 1973 sieut

1099 2009 1170 2076 iam
1195 2011 1238 2075 de
1260 2010 1394 2075 damno
1420 2021 1621 2098 emergente
1645 2009 1809 2078 diximus.
1862 2010 1930 2078 Sed
1951 2009 1989 2075 in
2012 2003 2079 2074 hoc

1098 2112 1253 2180 secundo
1278 2135 1361 2180 casu
1386 2122 1524 2180 tantum
1545 2112 1708 2201 personis
1736 2112 2000 2202 negotiantibus
2015 2105 2084 2177 hoe

1099 2217 1307 2282 concedunt.
1358 2213 1451 2281 Nam
1468 2215 1506 2280 in
1521 2214 1762 2304 negotiatione
1778 2217 1916 2284 lucrum
1932 2237 2084 2293 cessans,

1099 2317 1249 2385 vicinius
1264 2328 1316 2384 est
1331 2316 1462 2383 damno
1478 2317 1685 2405 emergenti,
1702 2318 2029 2386 utPanormitanus
2036 2313 2085 2408 ³⁸)

1100 2420 1137 2487 in
1154 2444 1230 2509 cap.
1248 2418 1473 2510 Conquestus
1488 2418 1555 2512 ³¹⁰),
1582 2421 1625 2488 de
1651 2421 1767 2489 usuris
1781 2420 1829 2513 ⁴⁰)
1854 2420 1995 2501 scribit,
2022 2419 2086 2489 scd

1099 2521 1276 2614 probabili
1292 2520 1430 2588 ratione
1445 2520 1550 2589 iudex
1565 2523 1672 2588 etiam
1688 2524 1732 2589 ad
1742 2524 1896 2616 reliquas
1912 2544 2090 2613 personas.

1100 2624 1300 2714 exemplum
1317 2624 1588 2690 accommodare
1605 2636 1731 2714 potest.

1200 2726 1269 2793 Sed
1287 2727 1329 2793 de
1346 2727 1478 2792 damno
1491 2737 1691 2816 emergente
1709 2727 1798 2793 etde
1814 2726 1913 2794 lucro
1928 2736 2083 2793 cessante

1100 2842 1182 2897 ante
1203 2853 1345 2896 moram
1368 2828 1406 2894 in
1426 2841 1573 2910 mutue,
1611 2829 1688 2895 iura
1718 2828 1862 2920 quidem
1895 2852 1969 2895 non
1996 2829 2086 2894 dant

1100 2932 1297 3017 actionem,
1336 2931 1407 3000 nisi
1437 2931 1515 3024 quis
1548 2930 1737 3021 stipulatus
1758 2931 1822 3014 sit,
1862 2943 1902 2999 ut
1925 2931 2084 2999 solvatur

1100 3036 1199 3118 illud,
1227 3035 1324 3127 quod
1340 3035 1497 3103 interest.
1536 3031 1659 3127 ltaque
1673 3056 1769 3102 nunc
1785 3036 1913 3103 usitata
1933 3044 1984 3101 est
1997 3027 2084 3098 baec

1099 3138 1281 3229 stipulatio
1299 3137 1337 3203 in
1358 3136 1601 3220 mutuatione,
1628 3149 1664 3204 et
1683 3160 1788 3227 saepe
1811 3146 2013 3228 praetextus
2034 3145 2088 3200 est

1100 3266 1302 3311 usurarum.
1361 3240 1438 3308 Hoc
1461 3239 1570 3330 igitur
1594 3239 1798 3332 quaeritur,
1832 3263 1878 3306 an
1900 3239 2005 3306 liceat
2025 3234 2085 3304 sti-

1099 3344 1216 3435 pulari
1241 3345 1284 3412 de
1308 3367 1370 3424 eo,
1411 3346 1508 3435 quod
1531 3342 1679 3410 interest
1700 3341 1806 3410 etiam
1830 3353 1912 3409 ante
1931 3362 2085 3408 moram.

1100 3448 1331 3538 llespondeo:
1363 3444 1462 3512 Licet
1479 3445 1642 3535 stipulari
1665 3446 1708 3511 de
1728 3469 1790 3527 eo,
1816 3445 1912 3537 quod
1939 3443 2085 3510 interest

1101 3549 1206 3617 etiam
1225 3561 1306 3616 ante
1322 3571 1474 3617 moram.
1524 3547 1649 3614 Ratio:
1675 3544 1807 3615 iustam
1825 3543 2084 3636 compensatio-

1099 3677 1182 3719 nem
1197 3651 1280 3719 licet
1297 3649 1477 3741 stipulari:
1505 3651 1642 3718 solvere
1659 3649 1707 3732 id,
1735 3651 1833 3743 quod
1849 3651 2006 3730 interest,
2034 3658 2090 3715 cst·

1099 3757 1190 3824 iusta
1208 3753 1469 3844 compensatio:
1496 3777 1580 3842 ergo
1598 3753 1679 3822 licet
1695 3777 1774 3821 eam
1790 3752 1965 3843 stipulari.
2017 3749 2085 3816 Mi-

1099 3883 1225 3927 norem
1240 3859 1366 3949 probo.
1418 3854 1512 3947 Quia
1528 3856 1606 3925 iura
1625 3856 1755 3925 diserte
1771 3856 1978 3924 discernunt
1992 3852 2085 3919 inter

69 3963 158 4035 dum·
200 3961 311 4031 Aliud
335 3957 657 4029 11111111111111111111111
681 3968 763 4022 111111
787 3979 947 4036 1110111111,
979 3947 1048 4020 1101
1100 3986 1245 4043 usuras,
1271 3973 1306 4028 et
1326 3960 1361 4027 id
1386 3961 1484 4051 quod
1506 3959 1665 4028 interest.
1717 3958 1758 4027 ln
1781 3958 1898 4027 usuris
1922 3966 2085 4045 captatur

69 4079 129 4149 111,
171 4078 256 4133 111111
289 4063 382 4132 diem
415 4060 587 4132 ⁵⁰lUfi⁰¹¹i
620 4058 863 4128 101181ῐ111111111·
940 4054 1048 4124 Aliud
1098 4066 1237 4133 lucrum
1261 4087 1303 4130 ex
1325 4062 1440 4129 officio
1457 4061 1710 4143 mutuationis,
1738 4073 1773 4129 et
1790 4061 1907 4150 ipsum
1925 4057 2082 4125 osticium

71 4170 235 4236 1111111111111
259 4166 488 4257 ἱ11111111Ι1081
512 4187 672 4245 1110111111,
700 4162 738 4229 ld
760 4173 830 4243 981»,
858 4172 1046 4251 11051111111111
1100 4169 1282 4235 confertur
1313 4166 1357 4232 ad
1393 4177 1591 4258 quaestum.
1656 4165 1725 4232 Sed
1756 4187 1836 4230 cum
1869 4161 2001 4251 petitur
2039 4158 2086 4238 id,

72 4271 203 4339 debitor
227 4294 304 4337 non
327 4269 434 4340 solvit
452 4267 644 4337 constituto
670 4265 738 4333 die·
806 4264 909 4332 nunc
940 4261 1048 4351 igitur
1101 4271 1196 4362 quod
1222 4269 1386 4350 interest,
1433 4268 1633 4358 allegantur
1656 4289 1740 4333 vera
1765 4277 1801 4331 et
1820 4287 1895 4330 non
1918 4262 2085 4331 simulata

73 4373 280 4466 1111101108οἰ
322 4372 456 4441 Vtrum
487 4382 523 4439 el
549 4393 623 4438 11011
653 4368 858 4439 sinmlatum
890 4364 1048 4444 interest,
1100 4375 1249 4455 damna,
1293 4396 1382 4464 quae
1413 4371 1558 4462 proprie
1591 4394 1632 4436 ex
1666 4364 1732 4436 bac
1756 4365 1980 4435 mutuatione
2008 4377 2086 4431 orta

75 4473 306 4568 Wfflstldll
321 4473 521 4555 mutuanti,
540 4486 611 4553 181,
636 4497 715 4541 111111
739 4473 910 4538 damnum
936 4489 1047 4535 emer·
1099 4488 1192 4546 sunt.
1258 4474 1373 4544 Nemo
1400 4486 1519 4541 autem
1538 4472 1643 4539 debet
1668 4470 1771 4539 alteri
1797 4472 1883 4538 dare
1909 4470 2084 4536 efficacem

75 4603 147 4666 gens
161 4590 244 4670 post
259 4602 399 4645 moram
418 4575 555 4644 accidit.
607 4574 657 4641 Ut
669 4574 698 4643 si
716 4571 796 4666 quis
812 4569 934 4640 debuit
958 4564 1047 4637 mibi

78 4684 116 4752 20
135 4705 265 4751 aureos
290 4681 428 4749 solvere
453 4677 618 4748 Calendis
635 4676 743 4758 Maii,
776 4671 842 4742 hos
868 4673 1047 4766 quianon

79 4783 184 4867 solvit,
208 4795 334 4875 postea
350 4781 440 4851 alius
457 4779 653 4876 quispiam,
681 4779 736 4847 cui
753 4777 943 4857 debebam,
967 4777 1048 4843 fecit

81 4899 243 4978 sumptus,
270 4880 393 4955 ethos
416 4908 436 4952 a
457 4909 515 4953 me
538 4880 677 4974 repetit.
730 4880 796 4948 Hic
819 4882 951 4948 damno
974 4880 1047 4946 alfi-

83 4989 141 5059 tior
156 5001 304 5082 propter
319 5011 459 5059 moram
475 4986 590 5067 illius,
617 4985 679 5077 qui
694 4979 781 5050 mibi
794 4984 954 5052 debehat.
1006 4979 1046 5050 ln

82 5082 266 5163 huiusmodi
283 5116 367 5161 casu
385 5087 639 5182 pronuntiatur
652 5088 745 5156 ultra
762 5098 892 5155 sortem
914 5083 1047 5167 deberi,

85 5191 232 5288 idquod
259 5195 428 5277 interest,
462 5205 498 5261 et
526 5190 620 5259 licite
650 5189 723 5281 peti
752 5213 872 5279 posse,
908 5186 1045 5256 etiamsi

85 5296 163 5366 nulla
180 5297 325 5367 accessit
340 5294 524 5389 stipulatio
540 5295 583 5362 de
599 5318 661 5375 eo,
687 5294 784 5387 quod
800 5292 955 5359 interest.
1008 5288 1047 5357 ld

86 5413 343 5473 comendamus
387 5414 438 5470 est
474 5413 508 5468 et
545 5397 678 5488 scripto
715 5395 785 5467 iuri
823 5406 857 5463 et
890 5393 1046 5462 iraturali

1133 4730 1182 4794 ³6)
1202 4726 1346 4784 solutioni]
1371 4723 1412 4772 stc
1430 4722 1504 4770 recte
1522 4721 1588 4769 End.
1610 4719 1684 4770 1538.
1703 4722 1730 4767 et
1752 4719 1845 4780 1540.;
1874 4717 1923 4766 tta.
1946 4717 2019 4767 isse
2038 4721 2086 4777 ty-

1170 4811 1248 4862 pogr.
1266 4807 1378 4846 errore:
1403 4791 1549 4841 solutione.
1941 4796 1944 4806 ·

1133 4886 1183 4943 37)
1203 4881 1363 4937 deberetur]
1383 4877 1423 4926 ste
1441 4877 1508 4927 Edd.
1529 4877 1603 4926 1538.
1623 4877 1650 4923 et
1672 4874 1762 4936 15⁴0&
1787 4873 1837 4924 lto.
1857 4873 1930 4921 tals.
1948 4871 2071 4919 detetur.

1134 4972 1183 5026 38)
1201 4967 1306 5018 Nicotai
1320 4964 1415 5018 sicuti.
1434 4962 1546 5010 Abbatis
1556 4959 1755 5021 Panormitam,
1774 4959 1880 5007 lectura
1894 4968 1979 5016 super
1994 4957 2088 5017 quinto

1168 5035 1370 5093 Decretattnm,
1392 5045 1451 5082 oum
1475 5031 1563 5093 glosts
1589 5026 1656 5094 (ste)
1682 5026 1845 5079 bernardini
1870 5026 1903 5075 de
1924 5025 2093 5075 bettericus.

1169 5104 1294 5156 Venettis
1315 5103 1389 5153 1⁴96.
1414 5102 1462 5152 rot.
1476 5101 1519 5152 59.

1133 5192 1182 5260 39)
1203 5191 1392 5253 conquestus]
1416 5187 1457 5237 stc
1480 5183 1670 5235 Decretetitms
1693 5181 1890 5232 convenienter
1917 5178 2087 5228 scribendum

1169 5269 1228 5325 est3
1256 5256 1340 5310 Edltt.
1362 5258 1436 5307 1640.
1456 5259 1484 5305 et
1504 5252 1685 5303 tarentas:
1712 5250 1779 5300 Cum
1798 5251 1940 5311 quaestam.

1132 5350 1181 5409 40)
1199 5345 1336 5398 Deci-etet.
1355 5344 1471 5403 arceor.
1488 5338 1536 5389 tx.
1559 5338 1606 5386 ut.
1622 5336 1657 5385 V.
1684 5335 1725 5386 tit.
1743 5335 1782 5386 n.
1801 5346 1860 5398 cap.
1873 5334 1899 5386 8.
1920 5329 2016 5395 (Corp.
2034 5330 2086 5379 tur.

1167 5429 1263 5470 canon.
1283 5415 1324 5468 ed.
1342 5413 1453 5463 tttcttter
1477 5408 1506 5458 P.
1521 5407 1553 5458 u.
1572 5419 1599 5468 p.
1612 5403 1698 5465 784.)
