4544 5766
56 212 135 285 538
553 204 578 275 Ι.
629 197 997 275 Pnoueuonfflna
1028 192 1078 267 ΙΝ
1112 189 1299 263 OFFlClA
1330 191 1588 265 crcuttonts.
1994 193 2092 269 sat.

55 386 116 442 nuiss
139 402 196 441 ron
217 382 277 440 deu
301 379 530 441 verschiedenen
553 377 704 454 Ausgaben
727 373 780 431 der
801 371 973 431 sirntlicheu
994 365 1142 429 Schriften
1163 363 1218 426 Ph.
1243 360 1466 423 lielauchtbous
1489 361 1631 445 (Bremcn
1655 361 1748 430 18¹4.
1769 362 1836 448 8.),
1857 367 1968 427 duabus
1989 370 2068 446 peio-

55 472 137 529 ribus
161 469 274 525 omissis
297 487 326 546 p.
340 464 392 525 45.
415 464 526 523 nonnisi
549 464 664 521 tertiam
685 458 842 519 editionem
865 463 1077 513 commemorat.

190 553 268 610 Haec
289 563 387 609 autem
410 549 570 607 dissertatio
592 544 780 624 sequentibus
800 540 1018 623 Proiegomenis
1040 556 1096 594 non
1119 536 1250 612 integra,
1284 533 1337 593 sed
1365 531 1561 592 tantummodo
1590 552 1657 610 pars
1685 535 1746 591 eius
1775 536 1884 596 inserta
1907 549 1950 597 est
1973 556 2067 616 eaque

55 655 113 697 tarra
140 640 266 713 cariata,
301 650 332 694 ut
362 635 458 712 aptius
487 633 618 691 uideatur
640 633 683 689 his
703 628 923 703 Proiegomenis
946 634 1033 682 totam
1056 622 1135 679 illam
1159 620 1445 694 commentationem,
1480 617 1597 694 qualem
1619 620 1682 695 ipse
1703 620 1871 679 lilelanthon
1895 623 2003 695 edidit,
2038 625 2067 680 in

55 744 159 780 turrim
183 725 244 780 bne
263 734 441 796 annectere,
477 720 551 777 uotis
572 719 709 785 adiectis,
744 713 906 790 exquibus
930 712 1056 768 lectores
1085 714 1273 782 cognoscant,
1307 715 1490 781 quantopere
1510 703 1562 759 illa
1578 705 1712 781 Prolegg.
1735 724 1802 781 pam
1822 711 1857 767 ab
1879 708 1933 768 hae
1953 711 2069 787 integra

55 809 185 867 diderat.

1205 987 1276 994 ...—

154 1195 327 1270 PHIL.
369 1191 518 1268 MEL.
561 1189 633 1265 IN
671 1182 960 1262 OFFIGlA
998 1175 1386 1257 CICERONIS
1426 1173 1970 1258 PROLnGOttuNA.

55 1395 248 1514 Universa
263 1433 436 1525 sapientia
451 1427 627 1512 humana,
661 1452 722 1497 seu
746 1418 972 1516 philosophia
996 1419 1039 1487 de
1063 1432 1069 1534 Ι
1093 1434 1319 1490 externorum
1340 1418 1603 1500 membrorum,
1634 1443 1712 1499 sen,
1738 1432 1778 1487 ut
1801 1421 1885 1489 alibi
1907 1425 2058 1497 diximus

55 1538 267 1619 virtutibus,
294 1550 347 1606 est
360 1536 419 1604 vix
435 1533 549 1602 tenuis
571 1528 808 1623 paedagogia,
844 1525 970 1594 collata
995 1524 1040 1590 ad
1093 1523 1271 1615 potentiae
1286 1521 1523 1589 locomotiuae
1540 1519 1671 1601 rectio,
1695 1545 1892 1612 congruens
1912 1530 1957 1595 ad
1979 1484 2070 1599 hand

56 1641 289 1735 sapientiam,
332 1663 422 1731 quae
444 1637 481 1703 in
504 1633 664 1704 doctrina
683 1631 858 1700 Ecclesiae
883 1627 1041 1696 contine·
1091 1651 1257 1694 normam
1281 1625 1488 1702 immotam,
1532 1646 1622 1715 quae
1644 1625 1853 1694 nominatur
1873 1628 2070 1722 Decalogus

55 1762 124 1816 tur.
178 1744 248 1812 Sed
270 1754 391 1812 tamen
414 1738 636 1808 uoluitDens
662 1735 818 1828 aliquam
840 1731 926 1822 legis
948 1728 1040 1796 nuti·
1092 1742 1184 1798 recte
1208 1729 1402 1796 intellectus
1420 1750 1482 1794 seu
1505 1727 1550 1792 ad
1572 1726 1682 1815 legem
1705 1741 1874 1810 urcitanae,
1910 1750 2073 1824 quaeest

57 1851 145 1917 tiam
163 1848 203 1914 in
218 1842 423 1914 hominihus
438 1843 573 1923 lucere,
599 1838 714 1908 voluit
731 1850 765 1904 et
783 1834 859 1925 regi
881 1845 1042 1902 externas

57 1953 228 2020 actiones.
276 1945 361 2016 ldeo
378 1945 625 2037 explicationes
642 1940 746 2032 legis,
772 1963 863 2033 qnae
881 1947 964 2005 sunt
982 1936 1042 2001 de·

58 2050 336 2124 monstrationes
351 2050 515 2118 collectae
532 2071 551 2115 a
566 2039 808 2138 philosophis,
839 2040 901 2133 qui
923 2038 1042 2105 asinus

59 2169 228 2226 antrtnra
244 2155 521 2232 aberraverunt,
556 2172 660 2218 verae
679 2158 779 2227 suunt,
813 2157 848 2212 ct
870 2165 943 2210 non
965 2140 1042 2207 ina-

58 2286 129 2330 nes.
193 2256 240 2326 Et
257 2254 467 2347 gubernatio
482 2264 708 2322 externorum
727 2255 887 2340 gestuum
903 2246 1042 2313 adeam

58 2386 226 2432 normam
253 2372 305 2428 est
322 2356 516 2450 possibilis,
554 2369 588 2424 et
609 2355 702 2422 vitae
723 2350 838 2431 utilis,
874 2361 909 2416 et
930 2368 1043 2439 qnan-

59 2483 133 2536 tum
165 2464 312 2533 differat
334 2458 420 2530 haec
437 2473 580 2528 externa
601 2455 811 2548 gubernatio
836 2462 996 2540 gestuum
1022 2471 1040 2513 a

59 2594 142 2639 vera
158 2566 312 2647 virtute,
340 2562 494 2633 ostendit
509 2561 611 2630 initio
636 2560 774 2651 pictura
798 2555 966 2622 soliorum
986 2548 1045 2617 lici

59 2676 173 2742 Adam
196 2683 231 2739 et
246 2665 355 2736 Evae.
413 2667 529 2734 Aulam
553 2676 588 2733 et
601 2661 676 2732 Eva
704 2672 785 2728 aute
810 2658 949 2747 lapsum
970 2653 1045 2721 lue·

10 2804 12 2867 j
62 2789 139 2845 ram
164 2771 339 2863 templum
354 2769 439 2851 Dei,
473 2781 508 2835 et
528 2768 674 2836 fulserat
696 2765 732 2829 in
755 2760 804 2829 eis
825 2757 953 2826 notitia
975 2753 1043 2822 Dei

10 2874 12 2889 '
62 2904 122 2971 per
142 2876 278 2946 Filium
300 2867 413 2971 λόγον
431 2871 521 2940 sicut
542 2870 614 2951 sol,
656 2880 690 2935 et
719 2874 853 2934 turserat
875 2884 936 2928 cor
959 2859 1044 2925 dile-

65 2984 175 3051 ctione
193 2977 262 3047 Dei
275 2998 339 3068 per
355 2975 525 3066 Spiritum
544 2983 715 3042 sanctum.
767 2964 818 3035 lta
839 2974 917 3032 erat
935 2962 974 3029 iu
994 2958 1044 3028 eis

67 3111 143 3154 uera
159 3083 275 3152 virtus
289 3094 324 3149 et
337 3076 523 3149 rectitudo.
562 3074 632 3144 Sed
649 3097 791 3142 excrrsso
801 3068 877 3135 Deo
893 3076 1044 3145 rectore,

66 3201 183 3278 qmstea
211 3185 249 3255 in
268 3193 387 3252 mente
411 3192 513 3247 erant
536 3178 648 3268 caligo
672 3189 706 3244 et
724 3170 982 3249 dubitationes,
1009 3178 1045 3233 et

66 3294 97 3358 iu
126 3289 235 3359 corde
266 3296 385 3354 motus
414 3282 512 3349 varie
541 3291 718 3359 errantes,
757 3278 840 3365 suga
864 3269 987 3340 iudicii
1011 3279 1046 3335 et

67 3395 206 3475 mortis,
237 3388 398 3460 fremitus
424 3387 590 3453 adversus
607 3382 744 3460 Deum,
777 3391 811 3445 et
835 3374 962 3446 deinde
983 3394 1044 3439 va-

65 3500 133 3566 riae
147 3498 326 3565 flammae.
378 3488 475 3558 Haec
490 3485 662 3554 interiora
677 3483 825 3552 snrlnera
847 3487 970 3566 tegunt
991 3475 1045 3541 fo·

65 3598 221 3671 risloliis
244 3595 318 3677 fici,
350 3593 399 3662 sic
422 3589 606 3681 disciplina
633 3599 824 3678 utrumque
847 3578 933 3647 loris
955 3576 1046 3663 regit

63 3718 200 3791 gestus,
231 3723 307 3768 non
329 3695 422 3764 tollit
442 3692 611 3762 interiora
634 3689 740 3768 vitia,
773 3697 813 3754 ut
834 3682 871 3749 in
885 3682 1044 3768 Arrgusto

62 3810 223 3877 modesto
255 3799 417 3893 principe
447 3808 529 3867 sunt
557 3794 675 3862 minus
708 3790 883 3858 deformes
919 3792 1046 3871 gestus,

63 3938 167 4005 «pram
187 3910 228 3976 in
243 3902 401 3992 Caligula
418 3913 480 3968 aut
495 3899 648 3968 Nerone.

161 4044 381 4139 Quanquam
399 4034 505 4126 igitur
520 4031 704 4124 disciplina
718 4026 910 4119 plurimum
930 4018 1047 4088 dillert

63 4174 186 4220 areta
201 4146 355 4223 virtute,
380 4140 416 4207 id
433 4151 500 4220 cst,
526 4160 546 4204 a
567 4137 644 4204 luce
662 4146 705 4202 'et
726 4128 883 4198 motibus
907 4121 1047 4203 (livinis,

64 4257 111 4324 eet
126 4254 177 4324 ab
193 4251 273 4343 ipso
286 4246 364 4314 Deo
382 4253 524 4332 regente
535 4234 722 4307 hominum
740 4244 900 4325 pectora:
929 4239 1048 4294 tamen

63 4356 246 4428 sciendum
262 4362 313 4420 est
328 4344 483 4440 primum
502 4340 585 4435 quid
602 4341 646 4409 sit
660 4336 863 4428 disciplina,
891 4341 925 4398 et
941 4351 1047 4422 quam

64 4460 192 4531 habeat
206 4475 386 4525 normam.
438 4444 600 4515 Secundo
617 4467 679 4511 cur
702 4435 898 4508 necessaria
926 4432 971 4501 sit
996 4429 1047 4497 di-

62 4565 221 4659 sciplina.
273 4553 397 4624 Tertio
414 4546 596 4644 quomodo
612 4545 656 4614 sit
672 4538 859 4634 possibilis.
909 4532 1048 4625 ertrrto

65 4671 182 4763 quida
201 4684 286 4729 uera
305 4656 434 4724 virtute
454 4651 606 4720 differat.

87 4868 206 4966 Quid
235 4862 296 4934 sit
320 4853 572 4947 disciplina
601 4861 643 4916 et
670 4870 798 4940 quarn
826 4864 1021 4911 normam

466 4953 646 5025 habeat

159 5127 255 5197 Cum
279 5118 317 5187 in
340 5113 408 5185 huc
429 5107 669 5180 imbecillitate
698 5110 846 5168 naturae
871 5090 1049 5164 humanae

70 5236 115 5304 six
132 5222 277 5302 ostendi
290 5218 421 5313 possit,
446 5214 533 5307 quid
547 5211 593 5281 sit
608 5208 720 5277 virtus
737 5198 905 5279 interior,
938 5195 1050 5286 rrragis

71 5340 195 5407 utimur
210 5324 360 5399 nourrine
381 5316 606 5409 disciplinae,
632 5308 729 5403 quod
746 5301 920 5393 siguificat
940 5295 1050 5367 hone-

72 5453 130 5510 stas
143 5435 307 5507 actiones
326 5437 498 5495 externas.
534 5415 599 5487 Est
611 5412 719 5503 igitur
736 5402 921 5495 disciplina
939 5400 1048 5471 rectio

1093 1832 1289 1920 Decalogus
1307 1841 1401 1897 recte
1416 1828 1623 1898 intellectus.

1192 1950 1251 2018 Fit
1280 1961 1398 2019 autem
1419 1946 1627 2038 gubernatio
1650 1948 1904 2036 locomotivae,
1943 1958 2072 2049 cogita-

1094 2055 1190 2122 tione
1204 2052 1291 2142 legis
1307 2052 1344 2119 in
1359 2062 1495 2133 mente,
1521 2062 1555 2118 et
1577 2050 1773 2141 imperante
1791 2055 1972 2126 uoluntate
1993 2086 2073 2129 ner-

1094 2157 1164 2238 vis,
1190 2170 1232 2226 ut
1248 2167 1390 2224 externa
1407 2155 1566 2221 membra
1584 2153 1633 2221 sic
1652 2170 1884 2241 moveantur,
1910 2161 1999 2231 sicut
2018 2163 2072 2233 lex

1093 2260 1277 2351 praecipit.
1342 2255 1417 2325 Etsi
1440 2257 1534 2323 enim
1557 2257 1724 2346 cogitatio
1749 2272 1783 2327 ct
1809 2262 1972 2334 noluntas
2001 2292 2074 2335 uon

1094 2373 1241 2452 possunt
1262 2359 1468 2427 interiorem
1487 2369 1653 2427 naturam
1677 2373 1835 2446 marture,
1869 2379 1929 2432 aut
1949 2369 2075 2438 tarden-

1094 2476 1146 2533 tes
1171 2464 1314 2531 affectus
1337 2486 1378 2529 ex
1401 2463 1507 2528 corde
1526 2460 1669 2539 tollere,
1696 2474 1814 2532 tamen
1832 2468 1949 2537 nervis
1965 2470 2075 2564 impe-

1094 2590 1174 2634 rare
1195 2576 1361 2657 possunt,
1401 2574 1441 2630 nt
1462 2575 1605 2630 externa
1630 2566 1788 2634 membra
1815 2571 2018 2641 contineant
2043 2590 2077 2644 ct

1096 2669 1221 2738 cicant.
1272 2666 1320 2734 Et
1335 2664 1415 2734 talis
1431 2677 1482 2733 cst
1493 2689 1685 2734 nervorum
1702 2681 1849 2756 natura,
1875 2684 1915 2740 ut
1932 2675 2075 2745 obedire

1096 2770 1302 2862 cogitationi
1333 2780 1367 2836 et
1394 2767 1569 2836 voluntati
1601 2767 1756 2859 possint,
1788 2786 1829 2841 ut
1853 2776 2018 2866 cogitatio
2041 2792 2076 2847 et

1096 2874 1260 2943 voluntas
1276 2897 1350 2940 non
1365 2872 1495 2940 tollunt
1510 2870 1605 2941 sitim
1621 2871 1659 2938 in
1673 2872 1914 2960 febricitante,
1941 2881 2002 2948 sed
2025 2893 2076 2949 ta-

1096 3002 1178 3046 men
1202 2977 1376 3066 imperare
1401 2973 1519 3043 nervis
1543 2986 1709 3064 possunt,
1747 2990 1787 3045 nt
1809 3004 1936 3051 manus
1965 2985 2077 3075 repri-

1095 3093 1214 3162 munt,
1241 3103 1285 3146 nc
1301 3078 1427 3169 pocula
1448 3076 1503 3145 ori
1521 3079 1746 3147 admoveant.

1196 3196 1297 3267 Hauc
1328 3197 1528 3265 libertatem
1556 3196 1594 3264 in
1623 3191 1768 3266 homine
1799 3199 1974 3295 reliquam
2005 3229 2077 3275 esse

1097 3313 1231 3370 certum
1249 3312 1300 3370 est
1316 3299 1421 3368 etiam
1440 3323 1482 3366 ex
1497 3298 1630 3381 Panlo,
1655 3301 1718 3393 qni
1731 3300 1894 3371 nominat
1908 3303 2078 3376 iustitiam

1097 3402 1270 3499 carnis¹),
1309 3427 1378 3495 qua
1402 3397 1565 3471 homines
1590 3428 1653 3470 suo
1679 3403 1833 3487 delectu,
1875 3407 1981 3476 etiam
2005 3436 2077 3477 mm

1096 3506 1230 3587 renati,
1261 3504 1396 3572 farciunt
1419 3515 1579 3573 externas
1602 3498 1768 3574 honestas
1791 3506 2005 3603 certumst),
2039 3537 2079 3580 ac

1096 3606 1274 3678 uultDeus
1290 3602 1382 3674 luzinc
1395 3607 1594 3673 libertatem
1611 3606 1785 3700 reliquam
1805 3635 1896 3692 esse,
1923 3613 2079 3703 primum

1097 3725 1136 3781 ut
1160 3709 1347 3779 discrimen
1370 3707 1607 3798 intelligamus
1632 3708 1724 3777 inter
1745 3736 1851 3802 agens
1872 3713 2022 3784 liberum
2047 3732 2082 3785 et

1098 3840 1171 3933 non
1195 3814 1365 3893 liberum,
1388 3823 1421 3879 et
1442 3810 1592 3880 sciamus
1616 3810 1730 3903 ipsum
1752 3840 1823 3884 esse
1848 3840 1953 3905 agens
1976 3820 2080 3888 liher-

1099 3943 1242 3987 crurum.

1199 4033 1381 4113 Secuudo,
1409 4033 1491 4127 quia
1518 4033 1594 4101 vult
1616 4035 1724 4117 scire,
1751 4060 1815 4105 nos
1838 4061 1911 4104 nou
1934 4041 2010 4128 cogi
2035 4044 2080 4109 ad

1099 4140 1229 4208 scelera
1248 4148 1412 4218 externa,
1440 4148 1474 4204 et
1489 4136 1585 4203 dedit
1600 4136 1733 4225 legem,
1760 4151 1795 4204 et
1810 4139 1991 4208 constituit
2016 4141 2079 4211 iru-

1099 4240 1217 4333 peria,
1251 4250 1290 4308 ut
1316 4251 1459 4307 externa
1484 4239 1642 4306 membra
1667 4233 1888 4309 coherceant.
1954 4244 2079 4315 Nullus

1101 4345 1195 4413 euim
1220 4368 1302 4411 usus
1322 4354 1410 4411 esset
1432 4340 1547 4429 legum
1570 4354 1604 4407 et
1627 4340 1880 4432 imperiurmn,
1907 4344 1935 4413 si
1958 4372 2079 4417 omnes

1099 4444 1262 4516 homines
1275 4444 1350 4514 sine
1369 4443 1505 4511 delectu
1525 4455 1560 4508 et
1579 4442 1740 4511 libertate
1767 4459 1930 4534 agerent,
1962 4462 1997 4517 ot
2020 4477 2079 4520 ue-

1101 4576 1169 4644 que
1185 4544 1332 4617 honesta
1350 4545 1516 4614 facientes
1532 4557 1674 4634 possent
1689 4545 1792 4614 aliter
1807 4573 1930 4638 agere,
1964 4577 2079 4647 neque.

1102 4653 1218 4744 turpia
1235 4650 1401 4719 facientes
1418 4660 1561 4738 possent
1574 4648 1676 4714 aliter
1698 4672 1812 4738 agere.
1863 4651 2005 4724 llicturn
2029 4670 2080 4724 est

1102 4770 1218 4826 autem
1237 4753 1370 4844 (Galat.
1387 4750 1423 4832 3,
1439 4745 1534 4842 24.):
1559 4746 1633 4818 Lex
1650 4763 1702 4819 est
1714 4755 1958 4846 paedagogus,
1985 4758 2079 4827 uide-

1101 4859 1181 4927 licet
1202 4859 1351 4935 docens,
1377 4847 1567 4921 cohercens
1586 4865 1619 4921 et
1635 4853 1799 4943 puniens.

1102 5016 1305 5031 ——-—-—-—-

1137 5110 1165 5177 1)
1183 5108 1309 5160 phrasis:
1334 5104 1438 5153 iustitia
1455 5103 1564 5160 carnia,
1588 5101 1746 5167 δικαιοσύνη
1763 5104 1877 5172 σαρκὸς,
1900 5120 1954 5158 non
1971 5109 2079 5161 inveni·

1170 5184 1214 5228 tur
1232 5179 1259 5226 iu
1273 5174 1350 5224 Pauli
1369 5173 1510 5235 epistolis3
1534 5164 1654 5223 surtas'se
1666 5189 1725 5223 cunr
1738 5176 1799 5225 iiia:
1823 5171 1992 5229 dmirroiunw
2009 5193 2080 5231 eno-

1168 5245 1216 5303 χὸς
1239 5246 1271 5305 (ί.
1289 5257 1314 5293 e.
1336 5243 1464 5290 {instituta
1482 5243 1517 5290 ad
1533 5253 1632 5303 eornm
1649 5248 1677 5291 et
1694 5245 1727 5291 rut
1747 5256 1793 5292 res
1810 5222 1926 5306 corporei
1943 5228 2078 5309 peregen-

1170 5320 1219 5365 uns
1239 5309 1435 5376 pertinentia),
1455 5311 1535 5359 neor.
1548 5313 1575 5372 9,
1593 5312 1631 5362 1⁰.
1649 5315 1812 5362 commutata
1828 5316 1878 5363 cst.

1135 5422 1170 5481 2)
1185 5418 1264 5472 cont.
1282 5417 1358 5465 bon.
1377 5412 1405 5476 2,
1425 5413 1465 5460 rt.
1485 5412 1525 5462 te.

1400 5479 1449 5532 aa
1469 5477 1490 5516 ἱ
