4544 5766
692 179 815 256 PHIL.
847 177 962 253 MEL.
994 164 1197 252 SCRIPTA
1227 172 1563 256 PHILOLOGICA.

738 458 776 532 a
837 453 1530 553 ranaennasrsm

220 664 308 733 Cum
332 659 502 732 hactenus
525 664 562 731 in
584 648 817 733 senalu¹nihil
840 660 991 753 egerim,
1019 684 1106 754 qua·
1158 683 1249 754 quae
1273 657 1365 729 nihil
1386 658 1495 732 babet
1515 661 1602 732 iuris
1626 662 1782 731 fortuna.
1839 659 1888 730 At
1907 681 2029 727 rerum
2051 655 2136 726 bello
2179 710 2180 713 ,

122 769 204 835 dam
237 766 427 858 impeditus
441 765 487 862 ⁶⁸)
521 765 699 836 moestitia
733 778 961 856 temporum,
1012 788 1107 833 nunc
1159 775 1336 854 gestarum
1358 765 1435 835 laus
1456 766 1501 834 ad
1524 763 1652 834 milites
1676 765 1782 833 etiam
1805 766 1980 854 pertinet,
2006 772 2042 829 et
2064 783 2137 851 pro-

121 870 273 938 libenter
290 870 441 961 pristino
463 893 543 958 meo
560 893 661 937 more
681 891 803 937 rursus
825 868 941 936 dicere
962 867 1107 958 incipio.
1158 867 1351 956 pemodum
1364 867 1467 964 eis⁷¹)
1482 869 1625 937 fortuna
1643 867 1861 937 dominatur.
1912 863 2009 932 Haec
2025 875 2138 930 autem

124 970 207 1042 Non
231 973 325 1040 enim
347 997 490 1064 possum
506 974 640 1055 facere,
666 970 930 1064 quindlaesaris
944 972 1109 1038 moclera-
1160 969 1379 1054 moderatio,
1416 984 1476 1039 tua
1501 983 1552 1040 est
1574 971 1735 1062 proprie:
1777 993 1893 1062 neque
1922 963 1981 1036 hie
2002 964 2139 1047 milites,

124 1072 279 1157 tionem,
315 1101 385 1169 qua
418 1075 456 1141 in
483 1099 619 1145 summa
650 1086 823 1164 potestate
844 1097 965 1142 rerum
984 1074 1108 1154 utitur,
1159 1095 1224 1138 nec
1239 1072 1382 1141 fortuna
1399 1073 1467 1142 sibi
1484 1072 1679 1167 quidquam
1695 1096 1863 1163 arrogare
1884 1081 2017 1163 potest:
2055 1090 2139 1161 quae

123 1175 367 1266 dignissimam
398 1202 537 1246 summo
569 1177 729 1269 principe
752 1177 927 1269 planeque
950 1174 1108 1243 divinam
1161 1199 1241 1242 cum
1264 1175 1309 1243 sit
1329 1200 1453 1267 expers
1475 1177 1633 1261 consilii,
1669 1172 1759 1245 nihil
1783 1177 1829 1246 ad
1852 1174 2034 1266 sapienter
2054 1171 2139 1237 facta

123 1279 337 1370 praedicem.
389 1279 558 1349 Restituit
573 1280 667 1349 enim
690 1279 794 1349 nobis
818 1277 1023 1346 admirabili
1044 1278 1109 1345 cle·
1161 1276 1326 1367 pertinet.
2185 1349 2187 1352 Α

123 1382 257 1450 mentia
275 1383 325 1452 M.
341 1382 569 1467 Marcellum,
602 1406 671 1476 qua
695 1382 732 1450 in
756 1406 794 1450 re
815 1381 972 1472 primum
992 1405 1109 1449 meam
1262 1379 1401 1450 Deinde
1424 1381 1600 1451 difficilius
1622 1393 1657 1450 et
1678 1378 1922 1474 gloriosius7')
1938 1386 1990 1447 est
2008 1370 2142 1462 magilis
2185 1373 2187 1381 ’

125 1485 354 1554 autoritatem
371 1484 552 1555 excitavit.
598 1486 690 1556 Nam
711 1485 854 1554 absente
871 1482 1110 1578 ΜἸἸἸἸΙΙοθθ),
1162 1481 1247 1552 viris
1265 1482 1302 1550 in
1320 1484 1467 1552 victoria
1487 1480 1650 1553 cohibere
1667 1496 1701 1553 et
1715 1483 1896 1553 moderari
1912 1475 2143 1556 iracundiam,

127 1586 313 1657 vrdebatur
328 1588 500 1658 autoritas
516 1613 632 1659 omnis
646 1599 830 1656 oratorum
845 1611 976 1654 iacere
1003 1610 1111 1668 nunc,
1163 1610 1271 1677 quam
1287 1587 1382 1655 ferro
1397 1612 1437 1654 rc
1454 1586 1589 1656 veribus
1609 1582 1726 1657 hostes
1749 1590 1958 1677 frangere
1983 1579 2044 1648 Tu
2064 1599 2143 1646 vero

128 1714 169 1759 eo
186 1691 369 1774 restituto,
397 1691 621 1760 recreariilla
640 1690 792 1759 videtur.
842 1687 1016 1782 ltaqueC.
1025 1689 1111 1758 Cae·
1163 1688 1201 1754 in
1216 1689 1363 1758 victoria
1384 1688 1497 1772 civili,
1523 1714 1614 1807 quae
1629 1691 1719 1759 solet
1741 1713 1814 1760 esse
1837 1684 2039 1763 crudelior,
2073 1702 2142 1747 non

126 1816 185 1862 sar
197 1805 231 1861 et
247 1790 336 1863 mrhr
354 1809 509 1863 veterem
525 1793 814 1863 consuetudinem
830 1791 970 1859 drcendr
985 1791 1111 1883 aperrt
1162 1791 1278 1859 solum
1295 1792 1411 1884 parcis
1433 1793 1637 1861 adversario
1658 1793 1772 1861 nobili
1790 1816 1829 1860 ac
1846 1783 2063 1882 praestanti
2089 1783 2143 1852 sed

126 1907 162 1964 et
186 1895 389 1967 universam
419 1895 676 2014 rempublicam
709 1896 798 1962 bene
831 1918 974 1985 sperare
1003 1895 1110 1962 iubet.
1163 1894 1270 1961 etiam
1306 1919 1386 1963 eum
1422 1892 1460 1962 in
1497 1895 1685 1987 pristinam
1729 1895 1937 1986 dignitatem
1979 1885 2144 1958 restituis.

126 1998 216 2068 Cum
230 2022 325 2067 enrm
340 2000 498 2090 privatas
511 2023 660 2068 mrurras
673 1995 1012 2076 senaturcondonrt
1027 1995 1111 2064 satis
1163 1995 1426 2090 Quamquam
1416 1997 1524 2087 igitur
1546 1998 1685 2068 consilii
1708 1997 2010 2116 magnitudinem,
2038 1989 2145 2056 1111111·

128 2100 303 2184 declarat,
329 2114 489 2180 senatum
509 2113 615 2194 atque
632 2100 833 2170 universam
855 2099 1109 2190 rempublicam
1164 2112 1254 2183 tem,
1281 2125 1322 2168 ac
1338 2100 1564 2168 foelicitatem
1587 2114 1685 2171 tuam
1709 2100 1747 2169 in
1771 2100 1932 2192 gerendis
1950 2092 2053 2165 bellis
2070 2114 2146 2182 per·

127 2201 343 2271 incolumem
367 2229 439 2274 esse
460 2204 561 2273 velle.
612 2202 664 2271 Ae
687 2202 858 2271 Marcello
883 2202 1026 2295 quidem
1048 2197 1113 2269 ho·
1163 2214 1271 2292 petuo
1290 2204 1405 2271 celebr
1407 2202 1480 2271 ibrt
1494 2227 1659 2274 universa
1674 2204 1882 2296 posteritas,
1907 2197 1995 2290 te⁷⁸)
2016 2192 2147 2286 prinm-

127 2305 315 2374 norificum
347 2321 416 2389 est,
452 2308 548 2400 quod
573 2319 608 2375 et
629 2317 772 2376 senatus
794 2305 941 2395 dignum
967 2305 1113 2386 censuit,
1165 2329 1246 2395 pem
1263 2305 1356 2374 mter
1371 2303 1497 2376 heroes
1512 2332 1634 2376 omnes
1648 2320 1758 2399 ponet
1781 2318 1888 2400 atque
1910 2295 2146 2415 praedicabit

129 2419 170 2476 ut
185 2432 252 2499 pro
269 2433 311 2477 eo
327 2411 597 2500 deprecaretur
622 2421 656 2477 et
672 2421 730 2491 tu
757 2433 836 2476 cum
860 2407 1033 2489 restituis,
1061 2407 1113 2475 iu·
1166 2420 1285 2476 tamen
1299 2405 1386 2478 haec
1402 2410 1640 2507 moderate⁷⁴)
1662 2411 1753 2478 sacta
1776 2407 1987 2477 mirabiliter
2009 2399 2147 2469 animos

113 2507 245 2580 ¹dicare
275 2512 406 2582 videris
435 2537 515 2581 eum
545 2509 761 2604 reipublicae
794 2524 901 2604 atque
922 2510 986 2577 tibi
1009 2532 1114 2577 orna·
1165 2507 1352 2581 hominum
1382 2511 1566 2595 adficient,
1606 2526 1642 2581 et
1670 2511 1708 2580 in
1737 2535 1896 2580 amorem
1919 2509 1970 2578 tui
1994 2502 2147 2600 rapient·

126 2627 248 2683 mento
265 2615 424 2685 futurum
446 2639 529 2685 esse.
589 2614 679 2684 Cum
702 2626 822 2683 autem
845 2613 896 2680 illi
920 2612 1113 2703 gloriosum
1165 2614 1270 2684 Nulla
1288 2616 1382 2683 enim
1399 2617 1511 2684 virtus
1528 2627 1589 2684 aut
1612 2614 1876 2697 admirabilior,
1909 2624 1971 2681 aut
1993 2603 2148 2678 homini-

127 2717 192 2801 sit,
225 2711 293 2785 boc
313 2731 414 2788 tuum
437 2719 652 2787 beneficium
672 2717 846 2808 accipere:
890 2728 1025 2809 quanto
1049 2714 1115 2783 tibi
1164 2719 1230 2786 bus
1249 2720 1384 2808 gratior
1406 2729 1473 2799 est,
1499 2742 1605 2811 quam
1629 2717 1834 2787 modestia
1824 2742 1863 2784 1n
1886 2736 2026 2785 summa
2050 2719 2148 2800 pote-

43 2865 47 2874 -
129 2818 316 2910 gloriosius
343 2835 396 2892 est
429 2819 591 2891 dedisse?
648 2819 814 2889 Profecto
837 2819 1039 2887 fortunatus
1064 2830 1114 2886 est
1165 2832 1254 2890 state
1277 2846 1418 2903 rerum,
1456 2819 1661 2890 iracundiae
1686 2821 1903 2902 moderatio,
1938 2810 2148 2909 praesertim

129 2923 337 3007 Marcellus,
364 2949 443 2992 cum
463 2924 572 3015 ipsius
597 2922 691 2993 salus
714 2945 754 2989 ac
774 2921 907 2989 laetitia
933 2919 1112 3010 ingentem
1166 2922 1204 2991 in
1225 2923 1386 2994 victoria.
1437 2922 1535 2992 Haec
1557 2948 1636 2993 cum
1658 2924 1697 2991 in
1720 2923 1848 2992 fabulis
1871 2923 2037 3012 leguntur
2060 2916 2149 2993 ficta,

127 3025 315 3095 universae
330 3026 545 3117 reipublicae
562 3024 732 3092 laetitiam
750 3022 857 3114 parit.
889 3021 1005 3115 Atque
1022 3018 1114 3090 hanc
1166 3040 1286 3095 tamen
1320 3027 1369 3094 ita
1396 3038 1623 3094 commovent
1648 3051 1732 3109 nos,
1768 3039 1809 3094 ut
1835 3026 1933 3106 illos,
1974 3021 2039 3115 qui
2061 3039 2147 3085 nun-

128 3127 162 3195 ei
179 3128 406 3196 foelicitatem
427 3129 603 3218 gratulor;
638 3138 689 3196 est
706 3126 801 3194 enim
822 3149 861 3193 ea
880 3137 1027 3217 propter
1050 3149 1115 3192 no·
1166 3153 1273 3222 quam
1296 3129 1505 3211 extiterunt,
1530 3129 1711 3220 praeditos
1726 3124 1781 3198 his
1798 3126 1989 3196 virtutibus
2003 3144 2081 3191 non
2097 3142 2148 3189 so·

128 3229 302 3299 bilitatem
319 3243 352 3298 et
369 3232 594 3299 excellentem
609 3229 777 3299 virtutem
794 3227 1018 3318 dignissimus
1030 3226 1090 3322 ⁷⁰).
1165 3234 1240 3301 lum
1256 3230 1494 3315 admiremur,
1518 3232 1702 3301 sedetiam
1718 3256 1896 3313 amemus,
1923 3238 2060 3322 quanto
2076 3244 2148 3290 ma·

228 3331 306 3401 Etsi
325 3346 443 3402 autem
464 3345 535 3416 tot,
565 3346 711 3426 tamque
727 3331 836 3400 variis
850 3330 950 3399 bellis
968 3355 1023 3400 res
1041 3355 1114 3421 ges·
1166 3336 1217 3427 gis
1231 3347 1264 3403 te
1279 3347 1499 3427 praesentem
1516 3336 1691 3425 suspicere
1707 3346 1812 3427 atque
1835 3356 1955 3401 amare
1978 3328 2149 3419 cogimur,

129 3433 204 3504 sisti
218 3435 409 3505 maximas:
437 3449 557 3505 tamen
571 3436 748 3505 veriorem
770 3435 913 3504 laudem
936 3433 1033 3503 nulla
1058 3458 1114 3501 res
1167 3438 1264 3508 cuius
1286 3438 1446 3508 videmus
1472 3449 1608 3505 tantam
1632 3437 1744 3506 animi
1771 3432 2076 3527 magnitudinem,
2113 3437 2148 3494 111

130 3532 258 3621 habet,
285 3564 391 3632 quam
416 3536 503 3609 haec
523 3552 583 3610 tua
603 3537 823 3620 moderatio,
850 3562 921 3631 qua
946 3533 1053 3605 hodie
1077 3535 1112 3602 in
1166 3541 1352 3610 victoriam
1382 3567 1456 3609 non
1483 3544 1527 3608 ad
1549 3539 1726 3633 privatam
1746 3539 1948 3621 libidinem,
1987 3548 2051 3604 aut
2076 3554 2148 3600 cru-

129 3639 348 3711 restituendo
373 3642 542 3712 Marcello
571 3667 655 3712 usus
687 3667 734 3712 es.
800 3640 988 3712 Neminem
1019 3639 1111 3708 enim
1167 3644 1347 3713 delitatem
1370 3647 1621 3725 exercendam,
1648 3644 1709 3712 sed
1731 3644 1776 3710 ad
1799 3642 1947 3712 salutem
1970 3635 2147 3730 publicam

129 3753 246 3812 tecum
275 3746 435 3813 conferre
464 3770 651 3837 possumus
674 3745 730 3813 vel
755 3755 957 3812 exterorum
978 3767 1114 3833 regum,
1167 3748 1327 3817 omnium
1345 3748 1501 3837 gentium
1518 3747 1678 3814 conferre
1692 3746 1851 3827 studeas,
1879 3743 1976 3813 cuius
1992 3737 2148 3809 bonitate

130 3847 405 3916 velnostrorum
422 3847 693 3938 imperatorum.
743 3846 877 3914 Totum
902 3847 1024 3913 orbem
1046 3857 1114 3912 ter·
1165 3853 1319 3919 fruimur
1334 3850 1421 3940 ipsi,
1448 3861 1482 3917 et
1496 3849 1645 3918 salutem
1670 3861 1704 3916 et
1728 3848 1936 3938 dignitatem
1960 3862 2147 3936 recupera·

129 3973 251 4017 rarum
273 3963 463 4042 pervagata
486 3963 569 4020 sunt
592 3973 691 4017 arma
715 3959 795 4030 tua,
821 3948 995 4038 superatis
1016 3948 1114 4016 belli·
1167 3954 1292 4023 vimus.
1344 3952 1438 4020 Haec
1454 3951 1529 4041 ipsa
1547 3951 1642 4020 curia
1661 3975 1887 4019 communem
1904 3949 2067 4018 omnium
2083 3945 2148 4012 lac·

128 4051 317 4124 eosissimis
344 4053 570 4136 nationibus,
608 4064 643 4120 et
673 4050 818 4120 devictis
846 4050 1046 4120 fortissimis
1075 4076 1114 4118 ac
1166 4056 1281 4123 titiam
1299 4054 1423 4136 sentit,
1451 4066 1484 4122 et
1502 4056 1631 4144 gaudet
1650 4077 1720 4123 una
1742 4054 1950 4134 nobiscum,
1980 4046 2148 4119 autorita-

129 4156 292 4226 maximis
317 4157 537 4226 exercitibus.
597 4155 733 4224 Harum
755 4178 876 4221 rerum
899 4153 1114 4243 magnitudi-
1167 4171 1236 4226 tem
1252 4154 1357 4226 hrains
1374 4157 1511 4225 consilii
1532 4157 1570 4223 in
1593 4153 1649 4226 his
1674 4157 1819 4226 aedibus
1840 4153 1990 4224 restitui.
2043 4144 2148 4219 Deni-

129 4282 212 4328 nem
243 4261 456 4350 cogitatione
485 4258 654 4352 consequi
683 4256 742 4325 vix
768 4256 955 4350 quisquam
986 4269 1113 4346 potest,
1167 4286 1235 4354 que
1267 4260 1319 4328 illi
1348 4260 1415 4350 ipsi
1436 4259 1591 4329 maiores
1613 4259 1743 4342 nostri,
1783 4275 1937 4352 quorum
1969 4251 2148 4326 excellenti

129 4371 266 4430 tantum
284 4364 399 4447 abest,
424 4376 465 4433 ut
481 4362 686 4454 praedicare
708 4383 778 4477 pro
797 4358 968 4449 dignitate
992 4358 1113 4448 possit.
1165 4363 1338 4455 sapientia
1364 4375 1398 4431 et
1417 4362 1547 4431 virtute
1571 4358 1640 4431 hoc
1643 4361 1851 4481 ‘imperium
1875 4373 2018 4452 partum
2044 4374 2147 4454 atque

130 4462 385 4558 Quamquam
375 4467 483 4557 rgrtur
496 4462 582 4536 haec
598 4490 671 4536 esse
684 4487 859 4546 maxima
884 4473 925 4529 ut
938 4474 1037 4543 sunt
1063 4462 1113 4528 fa·
1165 4467 1395 4535 constitutum
1425 4477 1495 4548 est,
1535 4490 1615 4533 cum
1641 4465 1678 4532 in
1701 4464 1761 4531 illa
1788 4477 1930 4532 aeterna
1955 4467 2037 4532 sede
2062 4461 2147 4532 nibil

130 4577 225 4633 teor:
254 4579 372 4636 tamen
388 4581 470 4639 sunt
488 4568 611 4637 aliam
627 4580 661 4637 te
678 4590 834 4643 maiora
860 4587 944 4631 nam
960 4564 1113 4632 rlla1ure
1165 4570 1312 4660 perinde
1332 4580 1473 4670 optent‚
1506 4581 1613 4661 atque
1635 4581 1676 4637 ut
1695 4562 1782 4635 haec
1806 4567 2002 4657 respublica
2026 4591 2148 4659 perpe·

128 4671 398 4762 praeferuntur,
439 4696 529 4765 quae
559 4684 593 4740 et
616 4683 676 4740 tua
700 4681 783 4741 sunt
804 4666 970 4760 proprie,
1010 4679 1045 4735 et
1075 4665 1112 4734 in
1165 4684 1223 4741 tua
1243 4672 1306 4755 sit,
1330 4671 1522 4739 maximam
1546 4672 1764 4761 voluptatem
1787 4693 1828 4738 ex
1848 4681 1908 4738 tua
1930 4664 2149 4739 humanitate

130 4829 337 4843 --
1164 4774 1323 4866 capient,
1352 4799 1432 4842 cum
1453 4773 1610 4842 viderint
1630 4786 1664 4841 te
1690 4766 1782 4840 hanc
1804 4773 1928 4841 urbem
1950 4773 2146 4855 restituere,

162 4909 210 4967 67)
230 4908 304 4958 llaec
320 4903 497 4965 paraphrasis
515 4903 542 4953 tn
561 4904 609 4953 111,
625 4902 697 4951 1568.
716 4901 851 4962 inscripta
869 4901 925 4951 est:
956 4902 1111 4963 Parapam-

196 4977 237 5027 sis
260 4973 394 5027 orationis
418 4984 468 5035 pro
491 4973 528 5024 M.
551 4971 683 5025 Marcello
710 4970 805 5020 eodem
828 4969 897 5022 enit.
920 4972 984 5020 Mel.
1014 4974 1112 5021 autore

196 5047 272 5098 1511.
1196 5028 1245 5088 71)
1265 5028 1318 5088 eis]
1335 5028 1385 5079 Ed.
1403 5027 1478 5077 1568.
1496 5025 1525 5076 in
1543 5023 1593 5076 eis.

159 5154 208 5214 60)
226 5151 385 5215 impeditus]
405 5147 488 5198 111111.
502 5143 595 5205 11311,
615 5142 706 5207 11111,
727 5142 817 5208 1551,
838 5142 912 5194 1551.
929 5141 1077 5207 impetitus,
1195 5133 1243 5190 71)
1262 5130 1428 5195 gloriosius]
1445 5129 1494 5178 111.
1511 5127 1584 5177 1171.
1603 5129 1715 5190 typogr.
1734 5137 1844 5175 errore:
1869 5122 2021 5188 gloriosus.

158 5258 207 5315 61)
225 5255 373 5313 Marcello]
392 5253 441 5302 Ed.
461 5250 534 5301 1591.
552 5251 589 5298 M.
608 5245 748 5297 Marcello.
1195 5234 1243 5292 71)
1261 5235 1302 5295 te]
1321 5232 1457 5282 aarum.
1473 5229 1674 5292 1111-1551,
1694 5229 1781 5291 1518,
1801 5226 2045 5288 1111110011,
2062 5227 2142 5278 notu.

158 5356 207 5415 ro)
223 5356 249 5405 u
253 5353 416 5418 galramus]
435 5350 573 5403 ἸἸἸἸἸἸἸἸἸ
591 5346 677 5407 ἸἸἸἸ,
696 5345 803 5396 asoa-
813 5345 906 5412 1171,
924 5344 1009 5399 natta.
1025 5344 1110 5411 roeo,
1233 5304 1325 5363 ’Μ’
1346 5300 1421 5351 ¹⁵⁷⁴·
1441 5302 1477 5352 ‘f-

197 5419 559 5488 1115.,1111.111ΞἸΙἸἸἸ.;
583 5378 754 5482 uiantium
1195 5410 1243 5469 71)
1265 5409 1422 5466 moderate]
1439 5406 1488 5455 111.
1508 5404 1582 5454 1118.
1600 5401 1748 5452 moderata.
