4544 5766
57 209 130 285 413
598 207 642 283 V.
694 204 1030 307 quarumnam
1061 204 1279 303 auquotr
1306 205 1527 285 Erfflcatt
2003 210 2084 299 474

56 379 168 453 multa
183 379 399 463 recitantur,
424 392 464 451 ut
475 379 583 451 Rom.
603 382 664 465 13,
681 378 844 477 (1-7.)
868 378 1044 450 etinDa-
1197 379 1275 453 Hoc
1298 381 1408 474 igitur
1431 397 1643 474 argumento
1655 383 1855 456 discrimen
1880 383 1966 455 lacit
1987 383 2081 453 inter

55 482 223 577 niele⁶³),
258 495 294 553 et
317 482 356 553 in
375 483 656 578 Proverbiis⁶⁰),
679 496 800 555 tamen
822 484 909 554 utile
933 495 1044 554 estet
1096 484 1259 574 pecudes,
1286 510 1373 578 quas
1388 488 1539 556 mactari
1554 489 1727 571 concedit,
1749 489 1888 559 etinter
1903 483 2080 565 homines.

56 588 164 657 verba
178 584 412 656 institutionis
426 610 619 680 quaerere,
645 612 736 681 quae
752 611 827 657 uon
843 599 983 656 tantum
996 585 1044 654 ad
1095 585 1259 682 Tectell)
1289 588 1397 657 etiam
1420 591 1629 679 magnitudo
1651 593 1822 661 scelerum
1848 590 2080 681 significatur,

54 689 230 782 populum
243 686 351 760 lsrael
366 702 447 781 post
458 689 584 760 Mosen
600 690 766 780 pertinet,
781 691 843 760 sed
858 692 904 759 ad
919 712 1043 759 omnes
1095 691 1193 780 quod
1221 686 1385 760 horribili
1412 693 1534 762 lurore
1555 693 1701 771 Diaboli
1723 708 1757 763 et
1778 691 1942 763 homines
1967 692 2078 761 inter·

55 806 188 884 gentes.
1093 791 1219 861 secturi
1251 806 1354 862 erant
1382 794 1513 864 Filium
1534 794 1622 880 Dei,
1664 797 1725 889 qui
1754 811 1806 866 est
1837 795 2078 869 substantialis

154 894 513 987 scripseruntautem
527 891 695 987 quidam,
721 894 811 965 sicut
829 894 886 962 lex
909 890 1061 983 rationi
1094 893 1212 984 imago
1236 896 1371 964 aeterni
1394 898 1532 982 Patris,
1567 911 1603 968 et
1624 894 1729 969 huius
1752 899 1835 967 Filii
1858 888 2020 969 membra
2040 906 2076 967 et

54 996 266 1067 naturaliter
282 1010 367 1067 nota
383 1009 455 1078 est,
482 996 532 1065 ita
548 996 761 1068 naturaliter
782 996 887 1079 sciri,
912 993 1042 1062 consti·
1092 998 1219 1066 fratres
1251 1011 1353 1082 sunt,
1404 1025 1528 1070 omnes
1561 999 1731 1073 haeredes
1764 1004 1858 1071 vitae
1896 1014 2073 1071 aeternae.

55 1101 206 1170 tuendos
227 1099 334 1171 fuisse
358 1098 603 1190 magistratus,
631 1112 666 1170 et
687 1113 891 1171 executores
910 1098 1040 1188 legum.
1092 1099 1272 1190 Significat
1300 1124 1384 1192 ergo
1412 1098 1472 1172 hic
1499 1105 1599 1175 locus
1628 1105 1909 1196 magnitudinem
1935 1103 2074 1174 sceleris

55 1200 105 1270 Ex
125 1198 197 1274 hoc
220 1202 377 1273 naturali
399 1201 529 1271 iudicio
554 1200 675 1286 aiunt,
711 1202 796 1272 satis
818 1212 943 1270 notam
966 1224 1040 1269 esse

56 1305 275 1375 voluntatem
291 1305 380 1390 Dei,
407 1306 489 1399 quia
505 1307 561 1374 lex
576 1317 725 1374 naturae
748 1305 824 1376 sine
844 1302 917 1373 ulla
938 1302 1040 1371 dubi-

57 1408 188 1478 tatione
201 1409 376 1501 sapientia
392 1408 512 1476 divina
530 1417 593 1477 est.

152 1511 372 1606 Quanquam
385 1523 504 1579 autem
519 1505 607 1579 haec
623 1507 795 1580 naturalis
811 1506 939 1578 notitia
954 1529 1038 1575 vera

60 1626 118 1696 est,
145 1625 183 1683 et
200 1614 421 1683 voluntatem
430 1612 499 1682 Dei
513 1624 607 1682 recte
625 1612 791 1696 ostendit,
815 1609 1039 1680 tamenDeus

58 1715 190 1787 addidit
218 1741 381 1807 expressa
412 1716 614 1786 testimonia
647 1727 722 1784 tum
756 1711 1038 1807 approbationis,

58 1832 130 1890 tum
144 1818 399 1901 institutionis,
425 1819 522 1912 ‚sicut
538 1818 738 1887 incaeteris
754 1816 973 1909 praeceptis,
1000 1826 1039 1883 ut

59 1923 161 1992 simus
176 1921 265 1991 certi
280 1923 323 1991 de
342 1922 524 1990 voluntate
541 1921 662 2013 ipsius.
710 1918 794 1989 ldeo
817 1919 937 1990 statim
956 1928 1039 2009 post

60 2025 227 2095 diluvium
250 2024 476 2115 promulgata
504 2037 555 2094 est
574 2025 649 2107 lex,
681 2036 722 2092 ut
743 2017 922 2091 homicida
947 2019 1037 2089 occi-

61 2131 158 2197 datur
179 2152 244 2220 per
267 2140 402 2197 certum
427 2123 629 2210 hominem,
656 2126 718 2220 qui
743 2128 788 2194 ad
813 2149 891 2194 eam
915 2147 1036 2192 execu-

62 2231 186 2301 tionem
201 2229 413 2299 constitutus
428 2230 492 2314 sit,
516 2229 681 2297 videlicet
699 2253 764 2321 per
778 2227 1035 2319 magistratum.

152 2333 245 2403 Sunt
262 2344 380 2401 autem
396 2329 484 2401 haec
500 2333 609 2402 verba
625 2330 785 2414 Genesis,
803 2355 878 2423 cap.
893 2329 929 2413 9,
945 2327 1034 2423 (6.):

64 2438 265 2531 chunque
279 2435 412 2505 fuderit
428 2435 637 2527 sanguinem
653 2429 865 2518 humanum,
891 2456 957 2524 per
971 2427 1036 2500 ho-

68 2541 194 2610 minem
209 2539 380 2608 fundatur
395 2539 538 2629 sanguis
551 2539 656 2608 illius.

153 2640 195 2710 ln
211 2641 375 2711 versione
388 2641 517 2710 usitata
532 2641 661 2710 omissa
678 2652 731 2709 est
742 2637 933 2731 particula:
967 2635 1037 2704 Per

68 2743 312 2838 hominem⁶⁷)‚
353 2769 445 2838 quae
472 2757 594 2814 tamen
617 2741 791 2833 singulari
812 2738 961 2810 consilio
982 2738 1037 2806 in-

67 2864 144 2920 serta
160 2861 232 2930 est,
257 2860 298 2917 ut
314 2846 541 2938 magistratus
549 2846 782 2938 significetur.

152 2951 250 3021 llaec
262 2950 414 3020 sciamus
430 2975 502 3020 esse
527 2973 689 3043 expressa
713 2948 820 3017 verba
843 2943 1036 3016 institutio-

68 3057 111 3126 uis
125 3053 263 3147 politici
278 3053 516 3143 magistratus.

152 3155 391 3246 Manifestum
416 3169 469 3226 est
501 3169 620 3227 autem
659 3177 813 3248 poenam
852 3147 1038 3221 homicidii

66 3268 232 3331 summum
263 3283 412 3328 nervum
447 3284 520 3329 esse
552 3258 740 3329 universae
770 3253 1037 3347 gubernationis

65 3362 230 3453 politicae.
282 3362 334 3431 Ac
349 3385 465 3454 poena
489 3386 649 3454 expresse
672 3359 853 3441 instituta,
878 3371 953 3430 tota
976 3380 1037 3446 gu-

64 3466 217 3535 bernatio
233 3465 377 3557 politica
393 3464 553 3534 instituta
574 3477 643 3547 est,
669 3476 704 3532 et
726 3462 764 3530 in
786 3473 883 3530 textu
903 3473 956 3530 est
977 3461 1037 3527 ad-

64 3569 168 3639 ditum
190 3580 458 3659 argumentum:
501 3567 595 3659 Quia
627 3562 737 3635 homo
768 3566 814 3633 ad
845 3563 1037 3653 imaginem

10 3708 12 3745 ι
61 3671 123 3742 Dei
143 3671 307 3743 conditus
333 3683 402 3749 est;
432 3695 507 3738 non
531 3682 583 3739 est
603 3668 710 3759 igitur
731 3668 943 3739 occidendus
965 3664 1038 3757 pri-

60 3787 134 3844 rata
150 3773 355 3866 cupiditate.
396 3769 436 3841 ld
451 3787 520 3855 est,
545 3798 625 3841 cum
644 3770 807 3840 conditus
820 3768 866 3839 sit
879 3771 925 3837 ad
942 3766 1038 3859 agni-

60 3879 191 3948 tionem
210 3877 298 3961 Dei,
323 3875 494 3946 iustitiam
519 3888 554 3943 et
575 3874 901 3955 immortalitatem,
938 3869 1038 3940 utin

58 3982 125 4050 vita
144 3993 289 4052 aeterna
304 3979 584 4049 communicetur
598 3977 631 4046 ei
646 3976 819 4069 sapientia
842 3986 877 4044 et
897 3973 1038 4042 bonitas

59 4085 199 4168 divina,
223 4083 379 4175 primum
397 4083 474 4152 vult
486 4080 582 4151 Deus
598 4103 680 4170 erga
704 4104 786 4150 eum
807 4076 962 4147 exerceri
985 4075 1038 4144 iu-

58 4187 213 4272 stitiam,
237 4198 279 4256 ut
296 4185 342 4255 sit
363 4184 560 4254 intellectus
583 4182 737 4252 iustitiae
761 4181 799 4249 in
823 4204 951 4271 genere
972 4173 1038 4247 hu-

57 4315 178 4363 mano.
227 4282 457 4380 Etprohibet
478 4312 558 4382 eum
582 4285 752 4368 interfici,
782 4283 866 4378 quia
888 4280 1038 4379 vultin-

57 4393 190 4486 telligi,
226 4392 447 4460 voluntatem
475 4413 576 4459 suam
607 4412 698 4471 esse,
739 4398 780 4456 ut
812 4397 1039 4455 conservetur

56 4493 144 4567 h'aec
164 4507 316 4576 natura,
356 4493 412 4562 cui
434 4489 759 4562 communicaturus
782 4501 835 4562 est
857 4512 959 4559 suam
984 4512 1039 4559 sa-

53 4599 227 4692 pientiam
244 4609 279 4667 et
291 4596 500 4668 bonitatem.

87 4894 138 4962 ab)
156 4895 228 4945 Dan.
242 4889 270 4957 2,
287 4888 322 4940 87
339 4890 368 4939 ct
384 4887 420 4940 ιι.

87 5000 140 5061 ιθ)
158 4995 242 5050 conf.
259 4994 342 5046 Prov.
353 4992 383 5058 8,
402 4991 443 5041 16.

85 5102 138 5164 W)
155 5097 247 5152 m.
272 5096 344 5148 enlm
368 5095 434 5146 Gen
451 5092 484 5153 a,
507 5091 533 5140 6.
557 5088 597 5139 tta
625 5084 843 5135 transtuleruntz
876 5080 907 5134 ‘0
935 5080 1039 5151 ικχίωγ

207 5161 382 5231 ,trandum
399 5157 462 5211 cirri
480 5159 530 5211 rori
546 5158 579 5207 αι’
599 5171 664 5212 aroc
680 5146 766 5203 nitori
782 5149 976 5218 ἐκχυθήσεται·
995 5148 1038 5205 ὅτι

123 5239 155 5293 ιν
172 5231 345 5291 »recreatae
360 5229 477 5291 tanturn
494 5225 545 5279 τὸν
561 5229 727 5290 evaporatur,
752 5225 779 5272 et
798 5223 935 5286 Vulgata:
966 5222 1036 5284 pua.

123 5318 230 5371 cnnqns
252 5302 379 5355 effuderit
401 5301 546 5358 numanum
568 5294 748 5357 unguinem,
770 5291 898 5359 fundetur
921 5292 1037 5360 magua,

121 5366 218 5440 tuton,
237 5373 276 5424 cd
291 5369 437 5435 imaginem
454 5368 552 5431 qnippe
568 5364 618 5415 Del
636 5363 723 5413 lectur
747 5363 791 5410 eat
816 5360 903 5410 homo.
945 5360 1035 5430 omit.

117 5465 182 5514 tunt
195 5457 284 5525 tgltnr
299 5467 395 5506 vocam
416 5446 503 5526 lt'ttgg
517 5454 582 5516 (per
599 5449 758 5508 hommem).

1091 1203 1327 1291 grassantium
1344 1207 1512 1299 culversus
1526 1205 1734 1278 Ecclesiam.

1191 1303 1337 1374 Accedit
1358 1309 1602 1380 testimonium
1631 1309 1924 1402 approbationis,
1957 1331 2074 1377 exem-

1090 1405 1189 1496 plum
1203 1408 1290 1499 legis
1306 1408 1503 1495 Mosaicae‚
1529 1438 1621 1506 quae
1642 1414 1781 1484 etiamsi
1809 1414 1855 1481 ad
1878 1412 1965 1481 alias
1991 1434 2074 1500 gen-

1090 1520 1143 1578 tes
1157 1533 1233 1578 non
1252 1511 1425 1603 pertinet,
1452 1526 1572 1584 tamen
1594 1539 1753 1608 expresse
1773 1514 1928 1587 ostendit
1948 1513 2074 1582 volunss

1090 1622 1198 1680 tatem
1213 1611 1282 1682 Dei
1297 1639 1392 1700 esse,
1418 1629 1459 1685 nt
1476 1616 1547 1687 sint
1565 1618 1813 1709 magistratus,
1844 1619 1938 1709 leges
1961 1611 2075 1685 hone-

1089 1725 1182 1798 stae,
1209 1729 1243 1785 et
1258 1742 1397 1809 poenae
1413 1721 1689 1805 contumacium,
1715 1734 1756 1792 ut
1770 1744 1929 1813 expresse
1943 1718 2073 1788 dicitur

1088 1814 1194 1886 Dent.
1213 1819 1272 1904 19,
1289 1819 1402 1915 (19.):
1429 1821 1578 1893 Arrieras
1595 1825 1731 1894 malum
1748 1826 1791 1893 de
1807 1824 1925 1893 medio
1940 1822 2005 1905 tui,
2030 1832 2072 1889 ut

1089 1921 1218 1989 caeteri
1235 1922 1417 1994 audientes
1432 1925 1599 2010 timeant,
1625 1952 1690 1996 nec
1704 1951 1829 2019 parcas
1849 1926 1893 1997 ei.
1997 2014 2001 2023 Ι
2065 2014 2069 2025 .

1278 2091 1340 2160 De
1367 2080 1555 2162 vinculo
1585 2094 1885 2165 obedientiae.

1188 2225 1333 2299 Dictum
1358 2241 1410 2300 est
1432 2232 1475 2299 de
1497 2229 1720 2301 institutione
1751 2244 1786 2300 et
1812 2228 2072 2323 approbatione

1088 2330 1230 2414 divina,
1262 2356 1358 2401 nunc
1373 2334 1466 2401 etde
1481 2332 1623 2402 vinculo
1643 2335 1866 2404 obedientiae
1880 2334 2071 2403 dicendum

1088 2447 1150 2504 est.
1202 2430 1313 2525 Leges
1332 2435 1428 2503 enim
1449 2435 1525 2505 sine
1548 2436 1765 2527 obligatione
1787 2439 1832 2506 ad
1855 2461 2010 2530 poenas,
2037 2447 2072 2504 et

1088 2537 1163 2608 sine
1181 2538 1405 2620 executione,
1432 2551 1515 2607 sunt
1528 2537 1682 2609 inutiles.

1187 2637 1251 2707 Est
1274 2638 1381 2729 igitur
1409 2639 1540 2730 duplex
1565 2641 1748 2711 uinculum
1776 2641 1998 2712 obedientiae
2021 2640 2070 2708 le·

1088 2767 1170 2833 gum
1188 2740 1364 2826 civilium,
1390 2755 1637 2837 neutrumque
1659 2745 1780 2813 divina
1803 2743 1936 2815 iustitia
1958 2741 2071 2814 sanci-

1088 2858 1164 2914 tum
1181 2856 1244 2913 est.

1189 2945 1351 3015 Alterum
1380 2958 1432 3017 est
1464 2946 1633 3038 obligatio
1658 2949 1704 3017 ad
1726 2973 1880 3040 poenam
1903 2970 2070 3040 corpora-

1087 3051 1177 3133 lem,
1211 3074 1280 3143 qua
1297 3050 1523 3141 magistratus
1538 3046 1701 3120 cohercet
1717 3066 1751 3121 et
1765 3052 1870 3143 punit
1886 3048 2072 3121 contumass

1089 3178 1145 3223 ces
1159 3152 1319 3243 legitimo
1338 3151 1476 3224 ordine.

1190 3255 1293 3323 Hanc
1307 3280 1460 3346 poenam
1478 3279 1550 3326 esse
1565 3256 1800 3328 necessariam
1817 3268 1965 3350 propter
1985 3277 2070 3323 con-

1088 3357 1328 3431 servationem
1356 3353 1535 3428 humanae
1563 3359 1759 3442 societatis,
1799 3361 1905 3430 etiam
1937 3348 2071 3427 ethnici

1088 3460 1301 3552 intelligunt.

1190 3563 1405 3655 Quanquam
1427 3573 1544 3630 atatem
1562 3576 1597 3631 et
1612 3564 1774 3634 utilitatis
1792 3587 1896 3634 causa
1912 3559 1976 3633 has
1992 3581 2078 3630 cor··

1088 3666 1229 3759 porales
1242 3689 1376 3757 poenas
1389 3663 1485 3734 Deus
1499 3664 1669 3736 instituit:
1697 3679 1819 3736 tamen
1837 3668 1948 3736 altera
1964 3688 2071 3735 cansa

1089 3769 1189 3862 prior
1204 3780 1274 3839 est:
1302 3767 1395 3860 Quia
1412 3767 1508 3838 Deus
1529 3770 1606 3839 vult
1626 3771 1761 3841 destrui
1777 3770 1973 3864 pugnantia
1991 3792 2072 3838 cum

1089 3896 1151 3943 sua
1175 3870 1328 3953 iustitia,
1365 3882 1405 3939 ut
1428 3871 1667 3963 conspiciatur
1691 3875 1806 3967 qualis
1833 3874 1878 3944 sit
1903 3873 1996 3964 ipse,
2036 3882 2072 3937 et

1089 3974 1189 4065 signa
1209 3986 1328 4043 extent
1352 3974 1494 4044 venturi
1514 3974 1647 4046 iudicii.
1697 3975 1780 4047 ldeo
1804 3977 1909 4044 etiam
1933 3997 2071 4044 cessan-

1090 4078 1183 4146 tibus
1206 4075 1489 4166 magistratihus,
1515 4091 1634 4148 sontes
1655 4081 1829 4149 atrocium
1847 4078 2072 4159 delictorum,

1089 4182 1163 4272 ipse
1179 4181 1224 4247 ad
1238 4202 1371 4271 poenas
1387 4180 1589 4269 corporales
1604 4181 1710 4271 rapit.

1189 4281 1350 4352 Alterum
1375 4280 1554 4351 vinculum
1578 4293 1649 4365 est,
1689 4294 1806 4351 reatus
1836 4281 2071 4351 conscientiae

1090 4409 1211 4454 coram
1218 4383 1310 4468 Deo,
1335 4383 1373 4451 id
1388 4395 1457 4467 est,
1483 4384 1706 4452 contumacia
1723 4397 1775 4475 est
1789 4376 1972 4476 peccatum
1988 4408 2072 4454 con-

1090 4501 1146 4557 tra
1160 4486 1437 4568 conscientiam,
1456 4497 1603 4577 propter
1621 4488 1719 4580 quod
1727 4487 1774 4582 ³⁹)
1796 4501 1986 4558 contumax
2007 4488 2073 4559 ¹de·

1090 4590 1174 4662 sinit
1187 4591 1325 4682 placere
1340 4587 1437 4671 Deo,
1463 4588 1614 4658 effundit
1627 4588 1799 4681 Spiritum
1812 4603 1971 4661 sanctum
1985 4605 2020 4661 et
2033 4594 2074 4661 fit

1089 4718 1171 4762 reus
1187 4706 1350 4762 aeternae
1371 4713 1519 4781 poenae.
1578 4691 1686 4785 Quod
1710 4694 1836 4762 usitate
1858 4693 1906 4763 ita
1931 4694 2072 4781 dicitur,

1090 4795 1247 4864 admittit
1277 4804 1459 4885 peccatum
1488 4794 1652 4865 mortale.
1710 4795 1757 4863 Et
1783 4795 1851 4865 nisi
1881 4820 2072 4868 conversus

1089 4897 1213 4980 fuerit,
1253 4896 1358 4964 etiarn
1380 4906 1529 4988 propter
1554 4895 1652 4965 illam
1675 4896 1789 4990 ipsam
1811 4899 2071 4969 contumaciam

1089 4999 1161 5070 ruit
1177 4999 1215 5066 in
1232 5010 1416 5068 aeternum
1439 4998 1664 5091 supplicium.

1086 5141 1292 5159 μ

1120 5218 1179 5338 ⁶⁸2,
1193 5219 1289 5336 rpus]
1317 5217 1358 5268 nc
1379 5216 1465 5268 nate
1486 5213 1581 5278 rusa,
1620 5214 1695 5264 rasa.
1718 5217 1747 5266 et
1771 5213 1865 5281 raam
1899 5216 1972 5267 nare.
1995 5200 2070 5270 taso.

1180 5301 1211 5339 ec
1225 5301 1248 5337 θ.

1119 5371 1273 5494 sempr]
1286 5356 1427 5424 ne'rutc
1444 5364 1520 5421 isac
1539 5328 1570 5417 ei
1585 5367 1678 5434 rasa,
1704 5365 1733 5418 u
1750 5368 1834 5420 rute
1854 5369 1931 5440 assa
1948 5371 1976 5441 ee
1995 5369 2071 5448 iseo.
