4544 5766
209 195 307 273 1023
781 175 903 252 Pttll..
937 177 1050 254 MEL.
1082 174 1285 253 SCRIPTA
1320 176 1706 265 PffllioLofichif„
1840 210 1877 275 A·
2133 181 2220 277 5le

204 357 529 459 wm10ccupatio.
603 355 736 447 Lanita]
752 352 896 444 Colligit
908 377 952 424 er
968 349 1193 435 testimoniis,
1348 348 1379 445 5.
1395 347 1459 425 56.
1489 347 1721 450 Martemque]
1747 349 1845 424 Mars
1866 342 2157 461 duoupipunoq
2170 352 2221 448 ιί),

204 496 249 540 ne
269 467 423 560 potuisse
441 460 585 555 quidem
603 457 691 527 scire
706 458 749 525 de
768 457 885 526 reditu
900 456 1058 526 Milonis.
1241 451 1412 552 Perculit]
1440 456 1563 539 idest,
1590 456 1736 547 depulit.

307 568 392 659 Cap·
415 558 537 635 XVIII·
578 557 609 650 θ’
635 557 696 629 47·
738 561 933 650 9111111111]
965 549 1192 627 P³¹f⁰¹¹lh⁶⁸i⁸
1297 604 1306 625 --
1343 555 1374 648 5·
1391 555 1452 629 57·
1488 561 1556 631 Gur
1580 562 1689 648 iqitur
1707 553 1780 654 eoa]
1812 557 2015 627 Secundum
2040 580 2220 647 argumen.

205 672 334 746 brevis.
409 664 609 758 aaaron]
637 661 769 732 scilicet
785 662 824 729 in
847 656 914 729 bac
937 662 1012 752 lege
1036 662 1080 727 de
1102 657 1192 727 iudi·
1244 670 1319 726 tum
1335 663 1379 730 de
1398 661 1675 731 manumissione
1688 684 1887 731 servorum.
1937 658 1992 729 De
2009 661 2104 728 facto
2122 685 2221 754 quae-

207 779 261 849 cio
285 769 551 848 constituendo,
577 764 652 848 vel,
679 763 864 854 rogatione
879 763 1010 834 scilicet
1024 765 1068 831 de
1086 784 1193 854 quae·
1243 759 1335 830 ritur
1365 762 1403 831 in
1434 762 1641 846 tormentis,
1677 763 1816 831 nonde
1840 761 1930 832 iure.
2032 757 2220 860 Meluebot]

208 877 381 949 stionibus
398 866 652 940 constituendis
666 868 709 935 de
726 869 831 936 caede
847 852 973 936 Clodii.
1049 867 1193 934 Descri-
1234 864 1345 956 'quasi
1374 865 1484 935 dicat:
1525 865 1692 948 minime,
1731 865 1817 959 quia
1850 863 2032 933 dicebatur
2054 864 2219 935 Milonem

207 980 339 1069 helani]
365 975 415 1046 ⁸5⁶
431 973 608 1042 ‘lleisssslen
625 964 731 1038 mich·
809 971 912 1061 Quid]
937 969 1062 1039 Obiter
1083 964 1193 1033 inler-
1244 965 1323 1034 ideo
1354 967 1600 1039 manumisisse
1632 991 1772 1051 servos,
1804 989 1849 1035 ne
1874 967 1911 1035 in
1934 966 2124 1038 tormentis
2146 992 2219 1036 con.

209 1086 296 1154 iecit
322 1091 373 1150 θεῖ
396 1069 772 1164 ‘³01¹f11111110d00yr0·
853 1071 1036 1162 contrane]
1062 1067 1194 1137 scilicet
1244 1070 1448 1153 iterentur,
1482 1070 1647 1139 Clodium
1676 1093 1696 1138 a
1726 1068 1862 1138 Milone
1888 1067 2114 1139 intersectum
2146 1094 2220 1142 esse.

207 1213 249 1258 eo
272 1204 415 1274 vespere
436 1178 633 1248 rediturum
653 1175 758 1244 fuisse
776 1172 953 1243 Clodium.
1030 1169 1103 1262 lili]
1129 1169 1193 1238 sci·
1246 1173 1333 1253 orata
1355 1168 1454 1269 opaca]
1480 1170 1632 1242 ironiae.
1683 1171 1854 1250 Eculeum
1879 1183 1932 1240 est
1949 1171 2219 1243 instrumentum

208 1291 289 1363 licet
305 1284 450 1364 Clodio,
477 1280 595 1350 sinon
618 1276 685 1346 fuit
706 1275 905 1345 insidiator.
984 1273 1075 1362 Fuit]
1101 1270 1193 1341 scili·
1243 1273 1374 1341 factum
1392 1277 1436 1343 ad
1452 1271 1861 1371 torquendoshomines.
1908 1272 1996 1342 Milo
2021 1275 2221 1344 manumisit

210 1384 262 1463 cet
277 1390 306 1460 si
322 1386 424 1457 scivit
439 1382 527 1452 Milo
537 1379 700 1450 Clodium
717 1391 905 1448 venturum
924 1401 1016 1458 esse,
1043 1375 1194 1443 debehat
1245 1399 1384 1459 servos,
1409 1402 1483 1446 non
1501 1380 1598 1471 quod
1611 1377 1750 1460 timuit,
1768 1400 1814 1446 ne
1832 1373 2077 1468 arriperentur
2093 1378 2142 1446 ad
2156 1389 2219 1446 tor·

210 1520 290 1566 eum
308 1492 352 1559 ad
368 1489 493 1557 urbem
520 1495 714 1573 expectare.
1245 1491 1377 1548 menta.
2264 1520 2266 1525 -

310 1585 500 1682 CaleX.
529 1583 559 1676 5
573 1582 634 1655 49.
660 1587 732 1673 Ape
755 1581 840 1680 siff)
864 1587 914 1653 ita
933 1580 1076 1671 fodiem]
1102 1579 1194 1648 scili·
1347 1578 1433 1672 Cap.
1455 1578 1560 1652 XXII.
1603 1576 1634 1672 5.
1656 1572 1718 1652 57.
1740 1575 1874 1678 ,Quod]
1913 1581 2046 1652 scilicet
2083 1583 2218 1656 lactum

210 1711 265 1771 cet
279 1696 308 1766 si
325 1717 513 1763 mansurus
527 1701 615 1770 erat,
632 1698 666 1755 et
675 1684 761 1779 Cyri
777 1709 880 1755 causa
890 1679 979 1752 nibil
997 1682 1075 1765 luit,
1097 1683 1194 1775 quod
1244 1681 1608 1773 Amplificatiuncula,
1649 1683 1686 1751 in
1716 1662 1786 1776 (Ma
1813 1685 2018 1774 magnifacit-
2042 1709 2217 1778 servosque

209 1808 475 1896 properaretur.
527 1790 621 1881 Ergo
638 1787 828 1857 verisimile
848 1799 900 1856 est
925 1786 996 1868 illi,
1031 1787 1073 1853 de
1087 1783 1194 1852 Milo·
1247 1809 1405 1875 operam.
1479 1781 1647 1882 Apameia]
1680 1785 1813 1857 scilicet
1834 1809 2068 1879 quaeramus,
2095 1788 2217 1859 scilicet

211 1906 266 1974 nis
285 1901 440 1969 adventu
453 1893 581 1963 nuntio
601 1889 806 1960 excurrisse.
1246 1889 1289 1956 de
1310 1887 1399 1958 iure.
1501 1893 1544 1960 Si
1566 1883 1728 1985 qnid⁴⁶)]
1764 1884 1896 1958 scilicet
1916 1888 1989 1981 ipse
2010 1889 2217 1985 potius'am·

313 1999 344 2093 5.
358 1997 420 2071 50.
446 1996 609 2086 Νεραηῑῐ]
640 1991 771 2061 scilicet
791 1990 823 2062 si
843 1987 1025 2058 occidisset
1038 1988 1125 2057 Milo
1142 1989 1195 2083 ad
1245 1989 1417 2081 plioribus
1431 1990 1599 2081 praemiis
1613 1991 1735 2060 debuit
1753 1991 1902 2081 afficere.
2010 2026 2027 2086 q

210 2109 336 2180 urbem
357 2098 543 2180 Clodium,
574 2094 638 2164 ubi
660 2095 783 2163 crebro
808 2091 1108 2161 interficiebantur
1130 2087 1196 2161 ho·
1348 2088 1457 2182 558.
1488 2088 1616 2189 Diria]
1648 2093 1788 2182 Allegat
1805 2092 1938 2163 dictum
1955 2092 2121 2166 catonis:
2152 2090 2217 2163 Iuro

212 2211 343 2288 mines,
370 2215 405 2272 et
427 2203 502 2272 sine
526 2197 724 2288 suspicione
746 2205 888 2288 poterat
909 2194 1022 2262 occidi
1038 2194 1195 2275 Clodius,
1246 2195 1470 2278 manumisit,
1509 2195 1591 2288 qnia
1617 2207 1720 2264 erant
1737 2194 2021 2286 digninaximis
2044 2195 2215 2289 praemiis.

212 2304 248 2383 'ct
262 2310 336 2395 sine
349 2305 422 2376 ullo
438 2302 594 2396 periculo
608 2299 710 2368 facile
724 2297 895 2391 potuisset
913 2296 1049 2388 negari.
1122 2301 1196 2368 Nc·
1245 2299 1389 2385 Propter
1409 2292 1557 2393 eosdem]
1583 2291 1708 2379 πάθος
1729 2295 1989 2370 suavissimum.
2076 2292 2216 2394 Ultores]

234 2414 322 2503 tratti]
350 2408 482 2479 scilicet
496 2402 636 2472 Miloni.
713 2402 955 2495 Sentinnisset]
983 2399 1115 2468 scilicet
1136 2399 1195 2466 de·
1247 2395 1379 2467 ironia.
1967 2427 1972 2443 ·

210 2443 389 2588 iendisset.
461 2506 583 2598 Matri]
610 2502 1047 2574 scilicetviciniHetrusci.
1114 2500 1195 2591 Illo]
1349 2496 1379 2591 5.
1394 2494 1456 2570 59.
1486 2502 1558 2571 sea
1579 2498 1805 2600 quaestiones]
1838 2502 2064 2586 Confutatio,
2097 2502 2137 2572 in
2158 2526 2218 2598 qua

214 2619 344 2692 scilicet
360 2612 497 2682 Clodio.
1110 2620 1117 2639 ’
1246 2601 1350 2671 diluit
1365 2626 1424 2687 ea,
1450 2626 1541 2696 quae
1559 2603 1696 2673 obiecta
1718 2619 1820 2674 erant
1835 2606 1974 2676 Miloni.
2052 2609 2218 2691 Quaestio-

314 2711 424 2809 551.
451 2716 551 2783 Video
569 2708 690 2800 adhuc]
715 2706 904 2800 Epilogus,
929 2706 1053 2802 inquo
1068 2705 1197 2799 repetit
1246 2699 1324 2800 nes]
1346 2704 1477 2775 scilicet
1490 2705 1738 2799 inquisitiones
1751 2708 1854 2792 facti,
1878 2709 1936 2778 vel
1949 2708 2127 2791 examina.
2166 2707 2218 2777 Ili-

213 2823 396 2918 superiora
415 2825 634 2906 argumenta.
1245 2806 1312 2875 luit
1327 2806 1568 2880 testimonium
1584 2832 1769 2880 servorum
1787 2809 1915 2882 Clodii.
1990 2805 2114 2908 Atrio]
2138 2811 2217 2885 scilie

213 2920 218 2927 ’
316 2920 347 3015 5.
372 2916 432 2992 52.
465 2915 629 3006 Mortem]
656 2910 931 2982 Testimonium.
1007 2911 1195 3002 Profento-
1247 2922 1301 2978 cet
1323 2911 1467 3003 templo.
1543 2907 1693 3009 Appius]
1721 2912 1851 2985 scilicet
1871 2913 1934 3007 qui
1957 2925 2101 2983 accusat
2124 2913 2216 2982 Milo-

214 3029 286 3119 rtis]
320 3023 451 3095 scilicet
481 3021 522 3087 de
551 3018 620 3087 die.
721 3016 848 3107 Huius]
885 3012 1017 3083 scilicet
1037 3013 1194 3083 Milonis.
1245 3034 1340 3084 nem.
1417 3017 1573 3100 Quaestio
1584 3009 1653 3111 ert]
1676 3013 1906 3088 invidiosum.
1981 3010 2139 3112 lacertu]
2163 3016 2218 3086 sci·

214 3130 328 3219 Illius]
356 3124 486 3195 scilicet
508 3119 635 3189 Clodii.
720 3120 834 3211 Hunc]
861 3116 993 3186 scilicet
1010 3116 1194 3185 Milonem.
1244 3115 1327 3185 licet
1346 3118 1489 3211 quando
1512 3115 1607 3185 servi
1627 3118 1879 3188 interfecerunt
1898 3143 2001 3188 suum
2026 3118 2218 3198 dominum,

213 3232 327 3319 Illum]
344 3227 474 3300 scilicet
486 3222 662 3293 Clodium.
736 3212 851 3316 Hunc]
866 3219 996 3290 scilicet
1011 3220 1195 3289 Milonem.
1245 3217 1326 3287 licet
1349 3243 1409 3289 cos
1434 3242 1614 3312 quaerere.
1688 3217 1841 3319 Incesta]
1866 3221 1939 3288 Alii
1962 3221 2106 3311 legunt,
2139 3220 2218 3290 inte·

213 3333 330 3424 lllnm]
353 3328 484 3400 scilicet
498 3325 674 3395 Clodium.
752 3325 909 3416 Gaurum]
936 3323 1065 3393 scilicet
1083 3324 1126 3391 de
1140 3347 1195 3391 rc·
1245 3321 1328 3390 ritu.
1406 3316 1557 3417 clodius]
1591 3321 1723 3392 scilicet
1743 3337 1905 3392 mortuus
1930 3335 1992 3393 est.
2050 3327 2085 3391 A
2105 3323 2216 3405 simili,

214 3437 310 3517 ditu,
336 3459 415 3503 cum
432 3429 641 3501 substitisset
656 3426 694 3493 in
707 3423 859 3497 Albano.
935 3428 1040 3517 Iluic]
1065 3425 1196 3495 scilicet
1246 3422 1348 3517 quasi
1377 3424 1487 3494 dicat:
1527 3424 1581 3492 lle
1606 3424 1746 3496 violatis
1773 3425 2003 3517 religionibus
2023 3426 2161 3520 inquiri
2180 3429 2215 3494 dc

212 3535 354 3608 Miloni.
426 3535 499 3626 1111]
525 3532 656 3602 scilicet
668 3528 806 3598 Clodio.
1245 3526 1354 3596 servis
1370 3540 1496 3617 potest.
1572 3523 1794 3625 penetrarat]
1818 3528 1949 3598 scilicet
1961 3527 1999 3596 in
2012 3529 2145 3599 sacello
2155 3529 2216 3598 Bo·

315 3637 400 3729 Cap.
419 3636 493 3705 XX.
528 3631 559 3725 5.
580 3629 641 3703 55.
678 3631 877 3723 Septimum
898 3643 1192 3720 argumentuma
1245 3653 1312 3698 nae
1327 3629 1436 3701 Deae.
1486 3626 1606 3713 Iocus,
1631 3631 1706 3714 vel,
1733 3633 1876 3724 quando
1891 3630 2039 3701 violavit
2053 3633 2217 3724 templum

111 3826 115 3836 ἡ
212 3740 291 3811 loco
307 3752 341 3809 et
357 3750 548 3830 apparatu:
576 3734 720 3804 Clodius
743 3733 811 3802 fuit
837 3732 874 3800 in
898 3731 1035 3803 insidiis
1057 3735 1095 3803 in
1115 3736 1193 3803 loco
1243 3732 1366 3802 Bonae
1389 3732 1497 3803 Deae.
1588 3729 1796 3830 Nolnernat]
1830 3734 1932 3828 quasi
1954 3733 2066 3817 dicat:
2096 3733 2135 3803 Si
2154 3748 2217 3804 tor·

173 3835 178 3857 ⁸
214 3841 475 3922 commodiore,
502 3863 583 3929 ergo
605 3834 794 3904 verisimile
815 3847 867 3904 cst
889 3858 968 3903 eum
998 3838 1118 3908 secisse
1141 3837 1194 3904 in·
1245 3860 1353 3930 quere
1370 3860 1510 3906 servum
1528 3835 1570 3903 de
1586 3835 1723 3903 domini
1738 3860 1842 3907 causa
1867 3835 2061 3919 nonlicet,
2090 3849 2215 3931 quanto

212 3947 330 4019 sidias.
389 3941 515 4024 Aliud,
547 3938 730 4033 probabile
754 3948 806 4006 est
825 3937 923 4006 illum
945 3939 1060 4008 facere
1084 3941 1194 4033 impe·
1244 3939 1362 4008 minus
1379 3937 1476 4006 credi
1491 3937 1524 4004 ei
1537 3949 1654 4028 potest
1666 3939 1709 4007 de
1724 3939 1816 4006 facto
1832 3938 1968 4007 inimici
1988 3933 2133 4024 herilis,
2157 3939 2215 4018 vel,

212 4065 309 4133 turn,
338 4047 399 4142 qui
418 4056 564 4136 occupat
576 4040 796 4134 superiorem
810 4039 946 4119 locum;
980 4041 1123 4113 Clodius
1144 4057 1193 4112 te·
1244 4041 1274 4113 si
1289 4040 1458 4111 nonlicet
1472 4062 1641 4133 quaerere
1659 4042 1703 4109 de
1719 4054 1834 4111 morte
1849 4041 2005 4124 domini,
2029 4041 2146 4111 multo
2160 4040 2215 4110 mi-

212 4154 291 4224 nuit
312 4149 529 4242 superiorem
560 4148 695 4216 locum:
734 4166 817 4232 ergo
841 4142 985 4214 Clodius
1007 4147 1121 4215 voluit
1138 4147 1193 4215 in·
1243 4169 1310 4215 nus
1332 4145 1375 4212 de
1395 4156 1511 4212 morte
1534 4142 1681 4213 inimici.
1780 4144 1949 4237 laracniri]
1982 4144 2086 4237 quasi
2115 4144 2214 4214 dicat:

211 4260 304 4328 ferre
326 4254 511 4344 impetum.
588 4250 640 4319 At
655 4249 707 4338 co]
733 4245 863 4316 scilicet
877 4244 1015 4316 Clodio.
1243 4247 1402 4317 minime.

205 4368 212 4381 '
316 4353 347 4448 5.
377 4350 439 4424 54.
498 4352 680 4442 Goqitorct]
724 4347 826 4444 quasi
866 4349 985 4416 dicat:
1033 4349 1192 4421 minime.
1346 4344 1377 4439 5.
1401 4347 1462 4418 60.
1507 4348 1756 4439 coniiciuntur]
1800 4347 1931 4418 scilicet
1966 4349 2214 4419 custodiuntur.

210 4457 433 4548 Praeclarus]
459 4452 700 4546 Hypotyposis
715 4452 784 4521 loci
799 4464 834 4520 et
850 4464 1052 4545 apparatus.
1124 4457 1210 4543 Iao-¹
1243 4446 1523 4542 lncnropttust]
1563 4450 1665 4545 quasi
1695 4450 1802 4519 dicat:
1848 4448 1910 4519 llla
1943 4451 2106 4544 quaestio
2138 4447 2213 4521 nihil

208 4562 300 4651 bum]
326 4558 457 4627 scilicet
469 4556 699 4647 superiorem.
1244 4550 1351 4624 habet
1365 4553 1577 4622 autoritatis.
1628 4550 1764 4622 lronice
1779 4553 1842 4623 ista
1861 4554 1978 4622 omnia
1996 4532 2176 4624 dicunttir.

316 4661 402 4751 Cap.
425 4656 516 4728 XXI.
549 4656 579 4749 5.
601 4654 661 4727 55.
688 4657 917 4755 dampnate]
950 4655 1080 4726 scilicet
1111 4682 1194 4726 con·
1346 4653 1560 4747 CapXXlll.
1589 4653 1619 4747 5
1634 4654 1694 4725 61.
1722 4660 1860 4742 Quodsi
1876 4661 2137 4752 ttondnmsatia]
2153 4655 2213 4747 Op

210 4766 311 4836 ferte.
388 4764 465 4853 lile]
496 4761 627 4830 scilicet
650 4760 813 4842 Clodius,
848 4758 948 4851 quasi
970 4760 1078 4830 dicat:
1114 4761 1193 4830 Clo·
1244 4759 1348 4852 ponit
1376 4758 1634 4849 suspicionibus
1654 4758 1752 4848 signa
1774 4758 1922 4827 fiduciae
1946 4772 1980 4826 et
1999 4759 2119 4829 bonae
2145 4782 2214 4831 con·

204 4869 290 4938 'dius
306 4863 420 4936 tenuit
432 4861 652 4953 superiorem
667 4862 797 4943 locum,
818 4861 1002 4932 nonMilo.
1064 4865 1193 4955 Uxore]
1244 4862 1409 4931 scientiae
1426 4862 1582 4931 Milonis.
1641 4860 1745 4930 Hand
1768 4861 1872 4929 dubie
1890 4874 1940 4930 est
1952 4860 2020 4929 sibi
2036 4863 2128 4932 bene
2145 4886 2215 4931 con·

211 4971 343 5042 scilicet
364 4965 502 5038 Fulvia.
582 4966 755 5054 Graeculi]
790 4964 914 5045 idest,
947 4965 1113 5054 parasiti,
1141 4963 1194 5034 hi-
1244 4965 1335 5035 scius
1352 4978 1386 5034 et
1403 4966 1592 5047 innocens,
1617 4964 1678 5057 qui
1699 4966 1804 5033 audet
1819 4963 1938 5031 venire
1952 4963 1990 5029 in
2005 4978 2168 5035 senatum
2189 4977 2213 5029 ct

211 5074 374 5157 striones‚
399 5067 592 5139 moriones.
651 5062 910 5163 symphoniaci]
927 5066 1063 5158 Singcr.
1126 5074 1194 5144 Gur
1244 5069 1280 5136 in
1296 5067 1494 5160 publicum3
1522 5068 1610 5136 Milo
1631 5064 1728 5134 venit
1750 5065 1788 5135 in
1806 5078 1985 5136 senatum:
2014 5091 2100 5158 ergo
2119 5066 2213 5138 credi-

210 5173 337 5274 ipitnr]
364 5171 569 5246 confutatio
585 5169 836 5260 suspicionum.
1243 5171 1314 5239 bile
1343 5183 1395 5240 cst
1426 5171 1598 5239 Milonem
1632 5169 1764 5260 optime
1796 5168 1862 5237 sibi
1897 5168 2002 5238 luisse
2034 5171 2212 5242 conscium.

1342 5301 1446 5309 ——-

212 5333 415 5345 ψ

1245 5301 1403 5398 ’innoc
1421 5341 1559 5402 epineton
1576 5341 1660 5391 nant
1676 5339 1770 5390 innan
1788 5341 1923 5389 numeru·
1941 5339 1974 5390 n.
1993 5338 2031 5404 v,
2047 5340 2111 5392 ast.
2127 5341 2181 5393 aas.

247 5408 295 5472 aa)
316 5410 357 5469 a]
375 5406 592 5473 sacratum
617 5408 666 5462 ra.
686 5407 771 5459 oron.
789 5408 838 5458 at.
1134 5458 1139 5465 ,
1202 5461 1207 5476 ,
1279 5410 1328 5467 aa)
1346 5411 1478 5474 steen]
1496 5409 1708 5474 nicaense,
1731 5408 1782 5459 ra.
1800 5408 1987 5461 oronnae.
