4544 5766
207 186 306 262 roro
342 144 359 194 ³
774 176 897 253 ron.
931 175 1045 250 un..
1077 170 1281 250 scalers
1310 171 1649 255 ennoroorca
1820 264 1823 269 ,
2119 180 2214 273 roeo

207 348 397 459 repet&
422 354 511 427 Milo
528 353 600 422 vim
616 351 650 420 vi
668 352 816 442 repulit:
850 374 935 441 ergo
957 349 1033 422 iure
1058 348 1187 418 occidit
1237 348 1349 421 Cassii
1373 352 1558 422 sententia.
1661 318 1723 427 crit
1742 353 1825 425 tono
1842 351 1969 448 suerit]
2006 351 2143 427 scillam
2163 353 2214 427 eni

208 464 386 537 Clodium.
466 457 669 548 Insidiator]
699 446 932 548 ἐπιφώνημα.
978 448 1185 534 ἀποδίωξις.
1238 456 1383 545 prodest
1395 454 1548 536 facinus,
1574 478 1669 524 wem
1692 480 1730 525 er
1750 452 1854 525 mehr
1876 471 2033 549 sutregt,
2053 455 2134 540 vel,
2159 457 2217 552 qut

208 567 377 656 Audacia]
410 552 641 653 ἐπιφώνημα.
720 559 819 629 Nion
839 556 927 647 dico]
958 553 1188 624 Praeteritio-
1239 556 1474 648 expectaverit
1495 557 1628 649 aliquid
1644 558 1734 627 lucri
1751 585 1793 628 ex
1809 585 1849 629 ea
1864 585 1915 632 re.
1970 559 2012 632 ln
2037 584 2218 652 praesum·

207 697 271 740 nes
286 694 347 739 seu
361 662 584 734 reiectiones:
610 660 703 730 Nolo
719 684 760 728 ex
774 658 845 729 suis
859 658 995 727 meritis
1009 657 1112 736 tueri,
1126 656 1187 726 sed
1238 658 1419 749 ptionibus
1444 661 1572 727 debent
1594 661 1705 729 multa
1728 685 1951 734 concurrere.
2000 663 2104 733 Facit
2126 662 2216 732 enim

209 799 252 843 ex
284 770 424 863 privato
457 763 613 854 negotio.
701 766 770 833 Sia
802 762 875 852 boe]
912 757 1189 840 Circumductio,
1240 786 1320 831 eum
1339 761 1555 853 improbum.
1632 767 1931 859 labiepersouie]
1956 765 2139 837 Personae
2162 790 2217 834 vo·

210 899 279 970 qua
304 869 432 962 repetit
452 863 580 936 thesin.
615 862 743 944 ἄλλως.
806 862 1017 954 Principalis
1047 860 1188 954 syllogi-
1240 864 1364 933 cabulo
1379 888 1454 932 non
1470 876 1542 932 tarn
1559 889 1624 957 pro
1641 867 1863 949 conditione,
1888 893 1994 962 quam
2011 881 2216 961 pronatum

208 1001 306 1049 smus
326 987 361 1042 et
376 971 493 1041 maior
507 982 571 1049 est,
596 990 743 1057 nempe,
769 964 842 1032 vim
859 966 896 1033 vi
908 966 1080 1057 repellere
1095 963 1188 1031 lieet.
1239 992 1323 1037 usus
1339 979 1391 1036 est
1406 966 1541 1037 Cicero.
1592 967 1648 1038 Sic
1672 969 1709 1037 in
1730 973 1767 1042 2.
1782 966 1938 1062 Philipp.
1953 970 2217 1042 etAcademicis

207 1079 255 1150 Et
269 1089 320 1147 est
336 1085 476 1164 sumpta
493 1096 512 1140 a
528 1074 605 1139 iure
628 1082 789 1138 naturae.
847 1068 938 1137 Nam
961 1068 1016 1137 ius
1038 1078 1188 1136 naturae
1240 1069 1526 1160 Quaestionibus.
1621 1074 1710 1164 Ecca]
1752 1071 1944 1142 Correctio.
2042 1075 2217 1166 uraueem]

209 1204 334 1251 omnes
353 1180 456 1247 docet
476 1199 511 1244 se
536 1173 650 1263 ipsum
674 1171 873 1239 defendere.
916 1168 1044 1249 ἄλλως.
1101 1165 1189 1237 Insi-
1239 1172 1528 1251 scilicetfacinus.
1604 1178 1727 1267 Atqui,
1762 1178 1908 1268 Mitem]
1934 1175 2140 1246 Declaratio
2162 1200 2217 1244 seu

208 1285 383 1354 diatorem
403 1280 455 1347 fas
479 1274 720 1352 cstocciderc3
756 1271 901 1345 Clodius
916 1272 1102 1342 insidiatus
1118 1283 1187 1339 est:
1240 1274 1412 1365 expositio
1429 1273 1592 1343 minoris:
1618 1275 1710 1368 Quia
1728 1274 1873 1347 Clodius
1888 1302 1961 1347 non
1980 1290 2126 1371 poterat
2141 1302 2216 1370 pro

208 1411 294 1477 ergo
316 1383 405 1452 Milo
432 1380 507 1448 iure
530 1376 695 1446 Clodium
717 1374 855 1445 occidit.
937 1373 1054 1465 uario]
1089 1370 1189 1465 quasi
1238 1379 1330 1446 serre
1355 1400 1435 1446 suas
1449 1377 1651 1467 rogationes
1685 1392 1720 1447 et
1742 1380 1913 1471 pessimas
1937 1373 2030 1473 leges
2053 1381 2139 1450 vivo
2156 1379 2216 1447 Mt

209 1490 320 1559 dicat:
353 1485 383 1555 si
408 1483 463 1553 ius
482 1493 630 1550 naturae
653 1475 721 1546 hoc
747 1502 869 1546 omnes
891 1478 1004 1546 docet.
1062 1473 1190 1545 Distri-
1239 1479 1332 1550 lone.
1436 1483 1594 1572 atraere]
1640 1480 1771 1551 scilicet
1804 1484 2031 1554 autoritatem
2068 1495 2219 1577 patrum.

210 1592 323 1662 butio.
392 1584 566 1675 iudicare]
593 1578 799 1650 Conclusio:
833 1602 917 1669 ergo
932 1590 1025 1648 recte
1044 1577 1137 1646 secit-
1240 1584 1313 1675 tus]
1344 1581 1475 1653 scilicet
1498 1581 1560 1650 alii
1581 1584 1752 1654 consules.
1839 1585 2059 1680 Beneficium]
2093 1582 2218 1656 scilicet

313 1687 344 1781 3.
365 1690 426 1759 31.
467 1691 564 1756 Dare
597 1683 762 1776 iugulum]
806 1676 940 1762 πάθος.
1016 1682 1084 1750 sss
1113 1678 1189 1769 boo]
1242 1686 1336 1776 quod
1353 1684 1489 1752 Milone
1506 1709 1581 1754 non
1599 1686 1712 1756 factus
1732 1699 1822 1756 csset
1843 1688 1976 1759 consul.
2053 1689 2132 1780 nte]
2159 1687 2216 1759 sci·

209 1791 426 1888 Propositio.
502 1788 597 1878 lare]
630 1781 849 1877 κρινόμενον
872 1797 907 1852 et
924 1796 1034 1854 status
1056 1802 1191 1850 causae.
1241 1786 1323 1855 licet
1343 1787 1499 1858 Clodius.
1573 1791 1854 1885 Aroterarenear]
1883 1790 2014 1862 scilicet
2035 1792 2137 1885 quod
2158 1789 2217 1882 ipsi

210 1904 263 1973 Ab
277 1897 369 1987 retro]
394 1890 525 1963 scilicet
539 1901 619 1957 uter
632 1887 755 1957 iecerit
770 1886 927 1956 insidias.
1241 1885 1309 1957 hac
1327 1888 1510 1960 occasione
1525 1889 1570 1958 ad
1584 1890 1840 1983 rempublicam
1856 1907 2108 1984 pervenenmt,
2128 1893 2216 1988 quod

310 1997 397 2086 Cap.
411 1990 485 2064 lllL
511 1987 542 2083 §.
558 1990 618 2060 31.
640 1991 824 2082 Numquid
838 1985 959 2078 igitur]
975 1980 1192 2075 Propositio,
1242 1990 1330 2061 Milo
1348 1991 1507 2061 sublatus
1523 2004 1586 2063 est,

210 2106 248 2174 in
265 2125 335 2196 qua
352 2092 654 2192 estxpracioevoo,
682 2113 830 2180 nempe,
861 2090 957 2183 q110d
981 2086 1054 2154 Vim
1079 2086 1115 2154 Vi
1137 2108 1192 2154 10·
1344 2089 1375 2185 3.
1396 2094 1457 2166 38.
1489 2098 1547 2164 Aa
1569 2095 1660 2188 vero]
1692 2095 1863 2166 Probatio
1887 2095 2043 2171 minores
2064 2122 2133 2190 per
2155 2097 2218 2166 iro

209 2206 302 2301 pulit
317 2201 419 2271 Milo.
475 2196 567 2266 Nam
590 2189 677 2262 haec
700 2216 811 2283 prope
830 2192 867 2261 in
892 2190 1104 2281 disputando
1130 2211 1193 2256 ne·
1242 2194 1353 2266 niam.
1441 2198 1728 2291 Peregrioaator]
1762 2199 1865 2292 quasi
1890 2199 2001 2269 dicat:
2036 2200 2113 2271 Vos
2133 2214 2218 2270 certe

210 2318 365 2400 geretur.
430 2298 511 2390 Hic]
539 2294 785 2366 scilicetMilo.
857 2294 937 2384 tlte]
963 2290 1095 2364 scilieet
1111 2289 1192 2360 Clo·
1242 2297 1445 2382 audivistis,
1471 2299 1730 2392 quirumorde
1748 2301 1873 2371 Clodio
1892 2303 2056 2374 fueritin
2079 2315 2158 2374 tota
2178 2303 2218 2372 ei-

209 2411 301 2482 dius.
972 2412 973 2417 ’
1243 2400 1362 2472 vitate.
1445 2402 1524 2493 ute]
1550 2401 1681 2470 scilicet
1704 2402 1859 2474 Clodius.
1944 2408 2066 2497 Leges]
2094 2404 2220 2475 scilicet

314 2506 344 2599 3.
361 2507 422 2580 32.
449 2500 617 2592 Quonam]
645 2499 794 2568 Orditur
816 2495 1006 2579 aminori,
1037 2497 1075 2565 id
1096 2496 1193 2590 q¹10d
1243 2505 1286 2573 de
1308 2504 1497 2574 educendis
1520 2503 1679 2575 coloniis.
1761 2509 1890 2598 Partes]
1917 2503 2132 2599 bletapbora
2158 2509 2219 2577 cle-

209 2612 375 2689 libentius
392 2608 515 2679 Cicero
530 2607 645 2673 iacere
661 2604 768 2684 solet,
793 2624 903 2695 qnam
919 2599 1017 2693 quod
1032 2598 1193 2668 ordiatur
1244 2631 1341 2698 gans.
1418 2607 1568 2698 natue]
1593 2606 1786 2698 Digressio.
1853 2599 2069 2703 librarium]
2092 2610 2219 2680 sedicet

211 2715 410 2795 ameiore,
450 2720 484 2778 et
513 2707 705 2798 amplificat
725 2703 901 2773 minorem
924 2701 1192 2792 exaggeratione
1243 2709 1414 2778 libellum.
1519 2711 1711 2804 lbrbaqae]
1745 2710 1875 2781 scilicet
1894 2722 1975 2804 post
1998 2712 2218 2783 intersectum

211 2813 471 2912 appellati0nis·
503 2808 634 2889 otras.
686 2804 940 2887 C⁰ssfirm³fi⁰s
972 2816 1007 2872 tl
1030 2799 1114 2872 hinc
1137 2827 1194 2872 ar·
1244 2812 1421 2882 Clodium.
1540 2814 1739 2908 Tamquam]
1774 2812 1877 2908 quasi
1901 2813 2011 2883 dicat:
2050 2815 2164 2887 Putas
2191 2830 2218 2886 te

211 2932 378 3016 gumenta
397 2912 599 2994 exorditur,
634 2922 668 2978 et
685 2909 842 3001 primum
859 2919 1107 2997 argumentum
1131 2929 1193 2973 vo-
1244 2939 1320 2983 rem
1341 2913 1561 3007 praeclaram
1584 2913 1716 2985 iecisse.
1768 2914 1901 2985 Troiae
1917 2929 1994 2984 erat
2008 2916 2220 3001 Palladium,

211 3038 311 3098 catur
328 3017 532 3113 probabile,
559 3027 594 3082 et
609 3023 702 3081 certe
721 3037 762 3080 ex
778 3012 961 3080 voluntate
979 3021 1013 3076 et
1027 3008 1193 3077 facultate
1245 3043 1316 3110 quo
1338 3017 1484 3108 abrepto
1504 3016 1647 3085 demum
1663 3017 1871 3088 vincebatur
1888 3017 2022 3088 civitas.
2098 3023 2220 3093 Sueto·

209 3136 399 3199 sumuntur
428 3129 636 3207 argumenta
668 3114 706 3183 in
735 3111 849 3182 causis
886 3110 1194 3181 coniecturalibus·
1243 3120 1337 3213 lisso]
1374 3118 1476 3213 quasi
1506 3118 1624 3188 dicat:
1671 3131 1712 3188 ut
1742 3120 1894 3190 extincto
1926 3118 2054 3190 Clodio
2083 3133 2126 3191 tu
2155 3123 2221 3194 iam

210 3222 454 3300 Iurisconsulti
478 3220 578 3310 signa
609 3229 644 3285 et
670 3214 976 3308 praesumptiones
1001 3214 1193 3306 appellant.
1244 3244 1421 3313 regnares.
1521 3223 1706 3313 Adspexit]
1749 3224 1882 3294 scilicet
1912 3222 2036 3294 Sextus
2070 3221 2223 3299 Clodius.

210 3332 302 3404 itam
319 3329 417 3416 signa
433 3345 536 3392 verte
554 3342 677 3389 causae
692 3317 924 3389 Vffl'ltffecltss
940 3327 1194 3410 SunthOPUss·
1244 3321 1368 3406 πάθος
1395 3347 1458 3394 seu
1488 3324 1762 3416 prosopopoeia.
1844 3326 2064 3418 Minabatur]
2096 3327 2223 3399 scilicet

212 3437 295 3505 dam
313 3427 548 3520 ingeniorum.
586 3422 774 3491 Ducuntur
788 3415 875 3489 haec
891 3432 1098 3510 argumenta
1112 3441 1194 3510 par·
1245 3426 1389 3521 quando
1414 3425 1607 3498 combussit
1629 3428 1780 3497 cadaver
1802 3427 1929 3497 Clodii.
2014 3431 2221 3524 [mmm

212 3538 278 3607 tim
303 3559 346 3603 ex
367 3531 568 3608 uoluntate,
599 3525 730 3617 partim
755 3548 797 3592 ex
818 3523 995 3593 facultate.
1053 3519 1100 3591 Et
1122 3519 1195 3612 pri-
1245 3541 1316 3612 est,
1340 3526 1557 3599 incendium.
1607 3529 1700 3600 Nam
1722 3555 1801 3601 cum
1819 3529 1944 3600 Clodio
1958 3531 2066 3601 fimus
2083 3533 2222 3605 ducere·

212 3663 312 3710 mum
341 3659 383 3705 ex
409 3633 591 3702 voluntate
622 3640 674 3698 est
702 3627 864 3696 ductum:
906 3625 973 3694 Cui
996 3622 1093 3694 bono
1115 3623 1195 3705 fuit,
1246 3643 1324 3715 tur,
1348 3631 1445 3700 curia
1461 3630 1635 3721 flagravit,
1716 3634 1851 3726 curiae]
1877 3632 2008 3704 scilicet
2023 3632 2201 3710 incensae,

213 3737 310 3813 hunc
329 3733 519 3806 verisimile
536 3743 588 3800 est
603 3730 715 3820 magis
730 3728 882 3799 voluisse
900 3729 1016 3796 facere
1031 3726 1194 3805 insidiae
1348 3728 1438 3826 Cap.=
1449 3729 1538 3802 Xlll.
1565 3727 1596 3823 3.
1611 3733 1672 3808 33.
1699 3729 1810 3819 Quid?
1834 3736 1886 3830 tu]
1909 3736 2142 3831 Persequitur
2159 3734 2224 3813 orci-

213 3841 340 3915 Clodio
355 3836 467 3927 magis
480 3836 577 3904 bono
592 3832 677 3913 fuit,
705 3855 810 3924 quam
826 3829 971 3898 Mil⁰ni²
998 3853 1082 3921 “30
1103 3827 1195 3896 Vtri·
1245 3834 1317 3916 θος
1330 3860 1395 3928 pcr
1412 3835 1586 3905 ironicam
1601 3836 1867 3908 subiectionem.
1933 3843 2225 3937 inimicissimum]

212 3946 326 4020 simile
339 3955 390 4012 est
404 3937 522 4030 potius
541 3933 704 4004 Clodium
721 3932 873 4002 voluisse
889 3930 1110 4001 interfectum
1127 3930 1196 4001 Mi·
1246 3937 1378 4008 scilicet
1410 3936 1587 4007 Clodium.
1670 3942 1817 4010 Punitas
1846 3941 1896 4034 es]
1933 3966 2001 4033 pro
2041 3944 2225 4034 punivisti,

213 4052 343 4120 lenem.
395 4045 654 4132 Argumentum
673 4060 832 4107 excausa
848 4033 958 4103 finali.
1008 4033 1100 4106 Nam
1116 4032 1195 4102 Clo·
1247 4036 1315 4109 hoc
1339 4053 1409 4123 est,
1441 4039 1631 4111 mulctasti.
1680 4040 1790 4112 Vetus
1809 4045 1937 4115 modus
1958 4043 2111 4118 dicendi.
2164 4048 2226 4128 ss.

214 4154 293 4225 dius
307 4173 381 4219 non
404 4144 523 4237 potuit
541 4139 797 4232 rempublicam
824 4136 1021 4227 gubernare
1042 4161 1108 4227 pro
1132 4159 1196 4205 sua
1246 4141 1379 4241 biusffl)
1404 4141 1490 4212 dicit
1510 4140 1718 4212 Ciceronem
1741 4162 1842 4215 usum
1866 4170 1939 4217 csse
1961 4147 2074 4217 verbo
2103 4158 2225 4239 punior

211 4255 359 4325 libidine
384 4250 465 4318 vivo
486 4245 633 4317 Milone.
691 4241 737 4312 Et
762 4240 885 4309 Cicero
909 4237 954 4306 ad
977 4236 1196 4307 Herennium
1248 4243 1361 4313 activa
1402 4244 1656 4336 significatione
1672 4245 1731 4342 ³³).
1832 4249 2055 4344 bnapiaiboe]
2100 4253 2227 4327 scilicet

213 4354 399 4450 probabile
416 4360 664 4442 argumentum
684 4356 806 4426 vocat,
840 4342 937 4434 quod
961 4340 1022 4414 alii
1047 4364 1066 4408 a
1091 4363 1196 4410 causa
1248 4371 1339 4441 quae
1354 4347 1644 4440 praeferebantur
1658 4349 1697 4417 in
1712 4351 1856 4435 funere,
1883 4353 1980 4450 quod
1995 4352 2079 4423 fecit
2091 4352 2226 4428 Clodio.

213 4459 312 4529 finali
326 4466 467 4525 vocant.
517 4449 566 4520 Et
580 4473 683 4520 cansa
700 4445 816 4516 finalis
834 4444 992 4513 continet
1007 4442 1197 4514 utilitatem
1247 4449 1311 4520 Est
1333 4448 1484 4522 insertus
1501 4451 1599 4520 locus
1618 4447 1709 4519 nihil
1733 4453 1916 4544 pertinens
1935 4456 1980 4524 ad
2002 4474 2225 4547 argumenta·

215 4556 254 4649 in
276 4585 330 4640 sc,
356 4570 509 4639 natura,
535 4553 708 4622 moribus.
781 4551 879 4619 Satis
901 4548 967 4639 est]
993 4544 1198 4615 Ratiociua·
1248 4552 1395 4624 tionem.
1495 4556 1773 4626 Semiustulatum
1788 4554 1862 4651 ⁰⁸)]
1903 4581 1969 4649 pro
2009 4560 2226 4635 semiustum.

215 4667 265 4735 tio
283 4689 304 4731 a
320 4684 381 4752 spe
398 4659 679 4727 commodorum.
737 4648 887 4748 Satist&
902 4650 1038 4743 asma]
1064 4648 1198 4732 Minor,
1248 4656 1341 4727 Nam
1356 4655 1405 4725 ita
1421 4655 1572 4724 cadaver
1587 4657 1787 4727 ambustum
1805 4674 1927 4750 postea
1948 4663 2163 4736 devoratum
2183 4678 2227 4737 est

216 4789 325 4862 aqua
344 4760 482 4832 orditur
495 4762 646 4829 libenter
664 4756 808 4838 Cicero,
835 4765 872 4822 et
886 4776 964 4822 eam
980 4747 1126 4844 pulchre
1140 4775 1199 4820 ve·
1249 4759 1441 4830 acanibus.
1518 4761 1654 4851 Fecists]
1681 4760 1775 4852 Quia
1791 4761 1858 4831 fuit
1881 4776 2021 4835 coaetus
2045 4767 2171 4858 fugere
2190 4792 2225 4840 er

216 4871 313 4942 stivit
328 4863 460 4947 uerbis:
485 4860 644 4953 hprobi
659 4859 892 4950 impelluntur
907 4867 1047 4925 tantum
1066 4852 1198 4925 utilite·
1249 4913 1453 4928 ...........

216 4975 261 5046 tis
276 4969 457 5063 opinione.
514 4964 573 5056 Ei]
588 4959 863 5034 seilicctClodio.
921 4960 1053 5053 ltaque]
1068 4956 1199 5039 Maior,
1281 4990 1331 5049 34)
1351 4989 1418 5044 m
1437 4990 1550 5055 Qum
1567 4991 1655 5046 mm,
1674 4996 1746 5045 mg
1765 4993 1815 5063 ,χ’
1832 4995 1861 5063 3,
1877 4994 1904 5050 ⁶,

217 5075 358 5147 Cassius
371 5071 419 5140 ita
438 5067 562 5140 solitus
579 5078 630 5136 est
649 5065 784 5143 dicere,
808 5058 998 5130 verisimile
1022 5085 1094 5131 esse
1117 5085 1198 5130 eum
1282 5091 1746 5158 ⁸5)1r21‚;.,-.13„fflmt10„„3
1767 5097 1835 5148 Μ
1849 5102 1935 5148 „m
1955 5098 1983 5150 p„
2001 5101 2051 5153 m
2067 5104 2144 5159 ‚m
2164 5110 2225 5159 mg

216 5201 387 5273 peccasse,
413 5173 471 5244 cui
485 5181 669 5265 peceatum
684 5167 780 5234 bono
799 5161 914 5232 luerit.
984 5165 1087 5256 lllrsd]
1104 5161 1199 5233 llaec
1317 5170 1336 5209 ²
1352 5161 1576 5222 tftfflfflfllt·
1595 5164 1718 5213 ΨΜ
1735 5169 1844 5258 ΨΜ
1859 5173 2019 5231 sequentem
2036 5178 2133 5227 ”W
2155 5183 2225 5244 „St

1222 5266 1227 5336 ἲ
1317 5231 1523 5286 nstustutatum
1539 5243 1609 5283 --s
1627 5233 1746 5284 mnibus.
1794 5237 1885 5298 postte
1903 5241 1976 5289 sunt.

221 5331 423 5351 ·“·““““““
739 5412 746 5426 ο
1224 5367 1228 5422 3
1283 5327 1331 5394 36)
1350 5332 1605 5396 Semiustutatuss]
1624 5334 1818 5389 sacratiss.
1837 5339 1865 5389 et
1881 5340 1934 5411 at,;
1964 5341 2016 5396 Et.
2033 5344 2124 5407 orsu.
2139 5365 2225 5409 m.

251 5408 411 5472 tanatos]
431 5399 748 5461 caesareensem,
770 5394 821 5447 Ett-
841 5393 927 5450 orell.
945 5394 1014 5476 ⁸“.'¹'·
1074 5476 1081 5485 .
1145 5464 1152 5477 .
1320 5400 1470 5455 statatum.
1908 5452 1911 5459 ,
