4544 5766
194 164 292 241 1119
764 142 889 219 ΡΗΠ..
919 141 1034 217 um..
1068 136 1270 214 SCRtPTA
1299 138 1635 217 PHILOLOGICA.
2109 144 2211 223 1120

295 331 327 426 5.
341 329 402 404 46.
427 334 486 400 Au
505 324 576 417 ooo]
600 319 772 392 Probata
790 317 904 411 signo.
1224 318 1317 403 Quod
1331 319 1369 386 lu
1383 317 1495 409 apris]
1522 315 1699 409 Quartum
1722 327 1972 407 argumentum
1991 314 2171 408 percurrit
2191 343 2211 386 a

206 470 207 475 ¹
296 435 328 530 5.
349 432 411 508 47.
448 436 509 502 An
528 425 597 520 lie]
629 422 739 494 Redit
768 415 1083 514 adprobationem
1108 413 1174 484 mi·
1224 418 1343 510 signis.
1420 422 1553 514 ferret]
1580 417 1683 512 quasi
1700 417 1812 489 dicat:
1844 418 1885 488 st
1895 416 2067 491 Lucceius
2085 419 2211 512 depre-

195 541 307 616 nmss,
1223 517 1403 592 hendisset
1416 544 1539 593 servos
1554 521 1622 591 tale
1638 520 1807 615 quiddam
1821 520 2021 606 molientes,
2037 545 2101 593 eos
2117 535 2209 592 certe

298 641 385 732 Cap.
405 634 480 707 XX.
524 628 556 724 5.
578 629 641 704 47.
688 628 789 700 Mttt
824 619 951 721 igitur]
1000 620 1175 705 obiectio,
1225 623 1431 717 punivisset.
1508 628 1736 697 postmitteret
1744 619 1819 722 ⁸³)]
1845 619 2040 697 verachtet.

196 745 299 844 quasi
326 743 436 813 dicat:
476 735 524 806 At
552 735 648 805 lama
674 729 818 823 publica
837 739 987 800 testatur
1009 750 1090 795 eum
1112 718 1176 793 ha·
1329 721 1360 818 5.
1377 720 1440 798 55.
1464 726 1649 819 Percipitc]
1675 727 1712 796 id
1728 739 1798 811 est,
1825 727 1944 797 audite
1962 727 2037 798 eius
2052 723 2210 796 testimo-

195 850 311 922 buisse
328 838 608 915 consuetudinen
623 859 704 905 cum
719 831 855 904 Clodia.
893 828 1099 922 Respondet
1112 849 1177 918 per
1226 829 1338 902 nium.
1429 831 1563 923 iterim]
1596 828 1725 901 Testis.
1810 829 1940 923 Vocem]
1970 828 2211 921 Amplificatio

196 948 479 1029 concessionem,
509 955 545 1011 et
566 950 727 1020 excusat,
761 935 858 1029 quod
880 932 995 1004 liceat.
1067 933 1177 1001 Redo-
1227 931 1432 1004 testimonii.
1501 934 1698 1026 Veritatem]
1712 932 1776 1001 der
1789 927 1921 1002 handel
1935 933 2008 1002 kan
2023 925 2101 1004 sich
2115 929 2213 1002 nicht

196 1051 266 1129 leti
322 1051 452 1124 Sensus
483 1057 554 1128 est,
592 1040 729 1112 merckt
754 1061 840 1107 man
867 1031 984 1106 nichts
1012 1055 1084 1102 von
1107 1032 1178 1126 ⁸der
1226 1035 1345 1105 lderer
1361 1059 1408 1104 an
1429 1046 1489 1125 tag
1511 1034 1636 1125 geben.
1708 1037 1752 1106 tn
1767 1036 1923 1128 crimine]
1943 1034 2136 1106 Conclusio
2153 1060 2213 1107 seu

194 1158 271 1232 Nac
323 1145 512 1224 arschafft?
1229 1137 1388 1230 epilogus
1412 1137 1572 1228 congerit
1593 1135 1715 1206 omnia
1736 1150 1964 1228 argumenta,
1998 1136 2130 1232 quihus
2152 1140 2212 1208 ad·

301 1252 333 1349 5.
350 1252 412 1328 48.
446 1255 508 1323 Eat
529 1248 587 1320 ille
609 1238 759 1341 quidem]
785 1239 993 1334 Digreditur
1014 1235 1177 1309 Clodiam
1228 1240 1376 1311 versarii
1396 1239 1450 1310 uti
1471 1251 1650 1332 poterant.
1732 1241 1876 1333 Domus]
1906 1240 2039 1311 scilicet
2058 1237 2213 1313 Lucceii.

196 1363 447 1438 insecuturus,
470 1364 511 1422 ut
523 1351 646 1418 redeat
659 1345 705 1414 ad
719 1345 944 1440 propositum
962 1341 1143 1413 dilemma.
1228 1341 1488 1436 Argumentum
1505 1344 1550 1412 ab
1567 1339 1768 1432 integritate
1780 1340 1937 1432 familiae
1950 1341 2108 1415 Lucceii.

302 1459 334 1552 5.
351 1456 412 1532 49.
436 1447 595 1550 Procax]
622 1472 712 1544 quae
727 1450 821 1522 ultro
840 1445 986 1518 accersit
1001 1457 1036 1514 et
1051 1441 1180 1513 invitat
1331 1444 1418 1538 Cap.
1433 1441 1555 1517 xxtlt
1583 1440 1615 1537 5.
1629 1441 1691 1515 56.
1716 1447 1909 1539 Reliquum]
1934 1443 2118 1518 Infitiatio.
2150 1445 2215 1516 Ar·

198 1568 307 1639 viros.
1230 1561 1397 1639 gumenta
1411 1561 1495 1620 sunt
1510 1559 1651 1640 sumpta
1673 1570 1715 1616 ex
1738 1546 1851 1618 causis
1875 1559 1910 1616 et
1931 1547 2216 1622 circumstantiis.

300 1664 387 1756 Cap.
406 1655 498 1732 XXI.
531 1653 564 1750 §.
586 1649 647 1728 51.
691 1646 964 1748 sedquoniam]
998 1644 1180 1718 Transitio
1234 1653 1351 1743 cutm]
1378 1650 1575 1723 Transitio.
1651 1652 1705 1722 Ne
1723 1651 1860 1743 numm]
1885 1650 2069 1724 Percurrit
2093 1676 2216 1724 omnes

198 1773 356 1844 reserens
378 1762 554 1858 poeticam
574 1753 740 1851 phrasin:
779 1754 926 1826 Absolvi
947 1754 1085 1835 locum,
1117 1747 1181 1843 qui
1232 1754 1533 1839 circumstantias,
1558 1751 1658 1848 quis,
1684 1750 1790 1846 quid,
1808 1752 1892 1836 ubi,
1917 1754 2046 1849 quibus
2066 1755 2217 1840 auxiliis,

199 1887 277 1946 erat
298 1866 525 1962 asperrimus.
591 1857 846 1931 coniecturalis
875 1867 985 1927 status
1009 1863 1182 1922 mactatur
1232 1880 1314 1942 cur,
1348 1858 1550 1952 quomodo,
1583 1854 1740 1950 quando.
1827 1857 1966 1951 Petioit]
1997 1858 2136 1930 scilicet
2156 1884 2215 1929 vo-

199 2002 265 2074 per
283 1971 525 2050 coniecturas,
550 1961 784 2057 perrationes
801 1972 837 2029 et
850 1958 961 2050 signa.
1008 1953 1181 2024 Rationes
1231 1959 1343 2029 luitne
1366 1959 1474 2051 igitur
1496 1983 1575 2029 eam
1597 1956 1769 2029 occidere.
1843 1961 2024 2054 Haereret]
2046 1961 2113 2033 das
2134 1985 2215 2032 man

200 2093 319 2153 autem
334 2084 435 2155 sunt,
460 2062 719 2163 quae'movent
740 2061 895 2157 aliquem
918 2084 979 2152 spe
1003 2054 1184 2127 commodi
1232 2057 1297 2132 ihn
1310 2056 1560 2132 ihrenthalben
1575 2055 1675 2130 nicht
1690 2059 1821 2130 lestern
1833 2061 1980 2134 kondte.
2050 2060 2216 2156 otteettt]

201 2194 264 2255 aut
293 2169 524 2247 incommodi
615 2168 710 2260 Duo]
742 2164 943 2235 Secundum
973 2159 1107 2232 crimen
1163 2180 1183 2228 e
1233 2164 1365 2237 scilicet
1396 2165 1549 2249 crimen,
1600 2163 1711 2258 quod
1731 2175 1820 2234 esset
1858 2161 2028 2254 moeclms
2060 2166 2216 2239 Clodiae.

197 2306 291 2357 auro
312 2287 454 2369 sumpto
478 2283 616 2343 mutuo.
698 2269 840 2363 renent]
862 2265 1025 2335 Tertium
1048 2261 1183 2334 crimen
1232 2269 1349 2360 linge]
1365 2267 1497 2338 scilicet
1510 2268 1611 2363 'quod
1627 2265 1781 2336 voluerit
1795 2264 2013 2358 eipraebere
2028 2293 2216 2341 venenum.

201 2391 246 2458 de
273 2403 411 2452 veneno
438 2375 585 2448 Clodiae
614 2372 746 2444 dando.
830 2368 978 2460 Aurum]
1013 2363 1184 2457 Proposi-
1232 2372 1394 2463 Soelerir]
1411 2370 1506 2464 Quia
1522 2370 1598 2441 sine
1613 2392 1718 2440 causa
1732 2369 1875 2438 volebat
1890 2394 1969 2440 eam
1982 2371 2192 2445 interficere.

202 2491 272 2561 tio:
315 2479 455 2555 Caelius
477 2502 552 2549 non
575 2474 710 2568 accepit
730 2497 857 2544 aurum
880 2472 1038 2542 dandum
1061 2468 1184 2552 servis,
1336 2469 1368 2563 5.
1382 2469 1444 2546 57.
1467 2477 1539 2560 Quo
1552 2467 1721 2570 amab]
1736 2470 1899 2544 Asociis.
1976 2477 2214 2568 committeret]

201 2605 243 2664 ut
272 2585 512 2658 interficerent
530 2579 697 2650 Dionem.
773 2578 858 2669 Dio]
886 2574 1017 2645 scilicet
1037 2573 1183 2663 legatus.
1234 2574 1366 2647 seilicet
1381 2576 1464 2671 quia
1479 2600 1555 2644 non
1568 2575 1719 2645 oderant
1734 2574 1942 2659 dominam,
1967 2589 2008 2646 ut
2028 2577 2093 2646 alii
2113 2579 2214 2651 servi.

202 2700 246 2768 lu
264 2689 387 2781 aaut]
412 2682 651 2778 Amplificatio
673 2678 843 2751 criminis·
923 2677 1081 2767 Plenum]
1105 2673 1185 2743 Pri·
1237 2681 1423 2772 communi]
1444 2677 1500 2748 die
1520 2678 1566 2747 da
1580 2673 1664 2747 hart
1677 2672 1841 2769 gehalten
1854 2678 2018 2750 wurden.
2107 2682 2217 2772 root]

202 2819 301 2866 mum
317 2801 566 2882 argumentum
580 2796 632 2857 est
647 2781 833 2854 translatio
849 2777 1005 2848 criminis
1019 2777 1058 2845 in
1071 2777 1194 2869 ipsam·
1236 2779 1412 2851 datinnen
1434 2804 1521 2851 man
1544 2775 1661 2851 nichts
1675 2775 1828 2851 ehrlichs
1841 2775 1999 2861 handen,
2074 2779 2216 2878 serm]

205 2895 390 2976 Clodiam,
415 2892 445 2963 si
471 2891 603 2962 sciebat
618 2886 761 2958 Clodia:
788 2883 963 2976 igiturest
978 2904 1040 2950 rea
1056 2879 1185 2950 caedis.
1234 2884 1273 2954 id
1297 2896 1367 2969 est,
1392 2884 1487 2954 servi
1508 2882 1604 2953 enim
1624 2906 1700 2952 non
1719 2897 1869 2975 possunt
1888 2884 1940 2952 illi
1960 2883 2130 2955 dominae
2154 2886 2215 2954 ali-

306 2995 337 3088 5.
360 2990 423 3070 52.
463 2991 649 3083 menae]
684 3012 723 3058 er
750 2983 814 3056 hat
841 2981 916 3057 sich
944 2978 1104 3074 schiildig
1128 3005 1186 3073 ge·
1236 2985 1323 3083 quid
1335 2989 1467 3072 lacere,
1492 2987 1550 3056 cui
1566 2999 1649 3058 sunt
1660 2986 1864 3058 familiares.

203 3096 336 3173 macht.
416 3101 512 3168 Titne
529 3093 666 3184 marum]
686 3087 942 3181 Amplificatio:
975 3086 1035 3155 Tu
1055 3110 1091 3155 es
1111 3107 1186 3168 rea,
1338 3088 1425 3182 Cap.
1445 3087 1569 3161 XXIV.
1611 3087 1642 3181 5.
1663 3085 1725 3160 58.
1772 3093 1875 3162 Ratio
1897 3083 2113 3188 fingituri]
2133 3087 2217 3162 Wie

205 3200 407 3283 sidedisti,
440 3223 520 3267 cum
545 3195 651 3267 scires
670 3194 716 3263 ad
735 3188 829 3262 hanc
843 3215 918 3259 rem
938 3188 1023 3281 peti.
1097 3192 1187 3260 Pro·
1237 3192 1326 3264 weis
1344 3217 1430 3261 man
1445 3217 1480 3263 es
1495 3194 1598 3276 aber,
1625 3194 1687 3263 das
1704 3215 1742 3260 er
1756 3192 1820 3262 das
1835 3192 1912 3283 gifft
1927 3188 1988 3260 hat
2005 3188 2207 3284 augericht?

204 3306 313 3396 mere]
346 3301 495 3372 Faciens
520 3312 557 3369 et
581 3296 803 3368 consentiens
831 3294 953 3362 eadem
975 3314 1091 3383 poena
1113 3290 1188 3382 ple·
1339 3291 1371 3387 5
1385 3291 1447 3367 59.
1472 3297 1653 3387 Prokmt]
1667 3294 1900 3376 Exclamatio,
1925 3295 2048 3386 inqua
2068 3294 2218 3365 vicissim

206 3419 362 3480 nentur.
472 3401 705 3493 Ormrmntta]
736 3397 873 3468 Alludit
893 3396 940 3465 ad
960 3393 1112 3463 clinodia
1127 3391 1187 3488 ⁴²).
1239 3396 1362 3468 obiicit
1385 3399 1521 3468 crimen
1542 3398 1671 3467 veneni
1692 3397 1835 3467 mulieri
1853 3397 1999 3468 Clodiae
2009 3402 2044 3480 ,‘‚
2057 3398 2219 3467 videlicet

207 3511 311 3603 Huic]
337 3505 488 3577 Dativus
501 3504 635 3597 regitur
651 3526 672 3570 a
687 3500 834 3571 nomine
848 3496 1014 3569 adiutrix.
1239 3503 1336 3595 quod
1351 3501 1520 3572 maritum
1536 3525 1681 3579 veneno,
1693 3500 1884 3571 sustulerit.
1916 3499 2046 3580 ἄλλως.
2097 3499 2220 3570 Excla-

310 3608 341 3702 5.
355 3606 416 3681 53.
444 3607 624 3699 Ornatam]
650 3603 763 3690 Ludi,
789 3628 879 3699 quos
893 3597 1105 3671 exhibebant
1125 3622 1189 3689 po·
1239 3603 1396 3675 mationa
1411 3605 1604 3677 insectatur
1623 3603 1879 3695 impudentiam
1899 3585 2080 3674 Clodiae'
2136 3608 2221 3678 Gon·

235 3714 314 3797 ulo,
346 3735 478 3802 magno
500 3710 721 3780 constabant.
798 3704 1012 3796 Familiaris]
1039 3697 1189 3794 gebeim·
1240 3708 1375 3802 alvum]
1408 3705 1525 3779 achtet
1547 3732 1583 3779 es
1603 3702 1661 3776 ihr
1682 3702 1791 3777 nicht.
1852 3705 2051 3777 Connivere
2075 3717 2222 3778 estnon

207 3741 409 3890 gerundum
424 3824 672 3904 argumentum
686 3821 867 3901 sumptum
882 3820 934 3878 est
948 3832 991 3877 ex
1006 3829 1108 3877 causa
1123 3803 1191 3874 im-
1241 3811 1434 3902 respicere,
1459 3812 1517 3882 vel
1537 3810 1646 3881 oculis
1669 3808 1943 3881 caecutientibus
1966 3807 2103 3903 aliquid
2125 3812 2224 3903 quasi

207 3919 368 4016 pulsiva,
392 3917 423 3989 si
438 3940 513 3985 non
529 3926 606 3985 erat
617 3912 822 3995 familiaris,
845 3935 920 3979 non
936 3911 1045 3981 dedit.
1240 3913 1446 4006 praeterire.
1546 3918 1591 3985 ln
1613 3909 1721 4010 dum]
1754 3912 1830 3983 auff
1849 3913 1957 4003 borg,
1990 3911 2095 4005 quasi
2115 3912 2223 3981 dicat:

311 4021 399 4114 Cap.
422 4015 528 4090 xxtl.
563 4015 594 4109 5.
616 4010 678 4087 55.
720 4018 825 4087 Tanti
846 4014 997 4105 sceleris]
1027 4008 1191 4080 Tertium
1242 4014 1422 4090 Warumb
1447 4017 1573 4107 borget
1600 4011 1658 4113 ihr
1687 4012 1782 4099 ihm,
1823 4017 1898 4085 und
1925 4015 2062 4085 straffet
2087 4010 2154 4084 ihn
2177 4016 2224 4086 als

210 4137 459 4222 argumentum
481 4123 525 4192 de
539 4121 646 4190 caede
659 4117 808 4202 Dionis,
840 4118 937 4212 quod
952 4113 1093 4186 Caelius
1115 4136 1191 4182 non
1242 4117 1371 4188 balde?
1447 4123 1617 4214 Quumque
1627 4121 1686 4201 Ula
1700 4113 1773 4215 vir]
1799 4116 2002 4212 Amplificat
2015 4141 2036 4185 a
2051 4117 2223 4209 dignitate

210 4228 389 4305 curaverit
412 4224 563 4295 interfici
583 4222 749 4294 Dionem.
835 4219 1027 4312 ingenioso]
1060 4217 1193 4308 Aper·
1243 4220 1475 4307 maritimus,
1501 4234 1535 4291 et
1552 4222 1806 4291 exclamatione
1831 4220 1973 4315 oblique
1993 4219 2033 4289 in
2056 4220 2225 4312 suspicio·

212 4358 299 4407 sona
314 4330 436 4403 Caelii.
514 4327 731 4419 conprecare]
753 4324 860 4416 Signa
876 4347 897 4391 a
912 4319 1193 4391 circumstantiis·
1244 4351 1326 4395 nem
1354 4325 1498 4396 adducit
1523 4325 1707 4409 Clodiam,
1747 4323 1851 4418 quasi
1877 4347 2016 4392 veneno
2043 4321 2225 4392 interfece-

314 4431 345 4524 5.
361 4429 423 4504 54.
454 4425 719 4526 Patirmini⁴⁸)]
754 4429 791 4497 id
815 4439 885 4509 est,
918 4420 1195 4518 pronuntiabilis
1244 4430 1293 4499 rit
1305 4430 1485 4500 maritum.
1558 4423 1729 4524 Procello]
1747 4427 1870 4495 Cicero
1884 4425 2028 4517 respicit
2044 4449 2107 4510 eo,
2132 4427 2225 4520 quod

215 4538 310 4609 iuxta
332 4531 437 4605 huius
460 4514 719 4604 iusiura‘ndum.
831 4529 1025 4621 Negliqare]
1059 4527 1129 4595 solt
1155 4548 1194 4593 er
1246 4531 1451 4623 significarit
1460 4530 1623 4602 Metellus
1631 4530 1692 4626 ⁴⁷),
1717 4531 1815 4597 illam
1831 4541 1944 4598 totam
1960 4528 2156 4599 factionem
2168 4528 2226 4597 ali·

211 4636 311 4713 nicht
327 4636 505 4729 gemercltt
518 4630 656 4718 haben,
681 4634 744 4703 das
766 4631 823 4702 (lle
844 4629 994 4701 knechle
1014 4628 1093 4702 elne
1111 4629 1196 4697 bllse
1247 4635 1390 4731 quando
1408 4658 1480 4704 esse
1497 4634 1703 4702 molituram
1720 4656 1886 4723 magnum
1904 4632 2052 4726 aliquod
2066 4632 2213 4702 malum.

214 4743 294 4816 that
307 4735 514 4812 siirhatten?
592 4741 635 4810 ln
657 4730 866 4832 tuapte“)]
892 4733 948 4804 Ex
964 4728 1197 4814 causa'linali,
1350 4733 1381 4828 5,
1397 4736 1458 4807 60,
1498 4740 1557 4807 Ex
1577 4731 1660 4833 hac]
1693 4736 1838 4808 Clodius
1868 4735 2001 4819 effecit,
2040 4747 2082 4806 ut
2104 4733 2224 4804 Cicero

216 4847 356 4920 Caelius
373 4865 447 4911 non
465 4839 602 4908 curavit
617 4840 766 4908 interfici
779 4838 952 4907 Dionem:
985 4836 1094 4929 igitur
1107 4834 1196 4903 salso
1248 4839 1553 4923 eiiceretururbe,
1586 4851 1623 4909 et
1644 4863 1722 4908 eam
1742 4863 1819 4908 rem
1842 4837 1978 4908 adiuvit
2001 4837 2092 4908 alter
2109 4837 2226 4908 Metel-

217 4951 451 5022 criminantur
465 4941 652 5035 pecuniam
668 4944 714 5011 ad
729 4966 808 5011 eam
822 4967 899 5012 reru
914 4952 1092 5034 sumptam
1114 4961 1198 5010 esse.
1251 5016 1454 5032 ........
1575 4936 1626 5086 Ο.

1283 5111 1333 5174 45)
1352 5113 1565 5173 Potlmliimi]
1582 5110 1626 5162 sle
1638 5111 1690 5164 Et.
1702 5110 1795 5177 15655
1812 5109 1862 5163 Ed.
1877 5107 1964 5163 orell.
1976 5109 2227 5176 mammerti.

1285 5215 1335 5274 46)
1357 5215 1451 5275 cocto]
1469 5215 1511 5264 stc
1527 5213 1577 5270 Ed.
1598 5213 1700 5279 oralt.;
1723 5211 1773 5265 Ed
1790 5212 1864 5264 1666.
1882 5223 1979 5264 errore
1995 5214 2125 5278 typogm
2142 5216 2209 5267 tcto.

252 5291 302 5350 ⁴⁸)
321 5286 493 5346 ¹’“‘⁶‘”⁸¹'²‘]
511 5281 552 5332 '¹⁰
569 5281 619 5334 Μ·
635 5280 709 5332 ¹⁵⁶⁸·
727 5284 756 5331 ‘l
773 5281 826 5342 ⁸¹³
847 5282 888 5332 Μ
907 5282 994 5335 θ’θῃ·
1010 5281 1176 5348 '’mmm“
1286 5314 1335 5374 tt)
1353 5317 1385 5378 o.
1400 5315 1537 5368 casotum
1550 5315 1679 5366 ueteuu·
1693 5311 1791 5376 cuer,
1807 5321 1833 5366 ι.
1847 5325 1874 5362 a
1887 5325 1911 5363 c.
1923 5312 1983 5363 sor.
1995 5317 2120 5381 praetor,
2136 5315 2224 5370 esst.

254 5395 304 5451 rt)
321 5387 449 5452 tocptte]
467 5385 509 5437 ato
525 5381 577 5436 Ed.
590 5383 665 5436 1666.
684 5383 713 5436 et
730 5383 783 5448 αις
809 5382 859 5434 ut.
877 5382 964 5436 orell.
981 5382 1129 5447 tomum
1306 5384 1433 5463 *comm
1453 5395 1480 5436 a.
1492 5385 1553 5437 sat.
1572 5386 1606 5442 oo
1624 5395 1711 5437 uxore
1728 5380 1825 5436 clottr
1841 5393 1947 5434 veneno
1965 5382 2103 5436 sublatos.

252 5188 301 5248 ἃ)
320 5183 446 5237 ὒῐίιιοᾱίι
462 5181 505 5232 est
523 5175 750 5258 §munimur
764 5175 934 5228 Kleluodieu.
