4544 5766
50 189 97 267 65

51 365 305 439 animadvertit
314 387 425 435 unam
441 381 573 439 certam
588 392 662 441 esse
675 368 722 466 ⁸⁸)
738 367 915 462 regulam,
940 368 1032 440 scili·

49 485 103 542 cet
113 470 288 542 iudicium
303 469 454 540 rationis
465 470 525 566 ⁸⁴).
576 470 628 542 Ac
648 486 743 542 recte
764 473 857 542 vidit
877 472 923 541 ad
939 468 1032 543 hanc

50 576 208 667 regulam
236 584 393 642 caeteras
423 575 522 673 vires,
542 575 670 644 debere
701 599 916 666 congruere,
950 577 1030 644 ideo

50 677 186 751 addidit
205 673 476 746 similitudinem
501 679 543 746 de
565 673 774 749 harmoniis.
837 676 889 746 Ut
908 677 1029 746 infima

50 796 81 851 et
93 778 304 876 gravissima
321 801 393 846 vox
406 773 529 872 ὑπάτη
544 794 596 851 θεῖ
612 793 725 864 certa,
752 792 786 849 et
807 781 897 871 regit
920 793 1031 849 caete-

49 911 124 970 ras,
156 884 209 954 sic
232 880 384 951 rationis
409 882 578 951 iudicium
604 896 739 953 certum
763 895 835 968 est,
868 883 1032 951 videlicet

49 992 101 1060 lex
113 1000 280 1058 naturae.
331 982 470 1054 Deinde
491 983 584 1078 μέση
606 986 779 1076 significat
798 986 1031 1078 appetitiones

50 1092 184 1173 cordis,
223 1110 315 1180 quae
340 1112 420 1156 cum
442 1086 583 1157 ratione
609 1101 802 1181 reguntur,
841 1084 1030 1158 harmonia

49 1198 176 1265 virium
193 1186 353 1259 hominis
369 1202 518 1261 constat.
570 1189 663 1286 νήτη
696 1204 748 1260 θεῖ
770 1202 915 1274 octava,
940 1215 1030 1284 quae

49 1293 252 1389 longissime
281 1292 380 1362 abest
407 1316 427 1360 a
457 1295 617 1376 ratione,
649 1305 690 1363 ut
714 1293 947 1386 appetitiones
970 1319 1032 1362 vo·

49 1404 224 1495 luptatum
251 1394 289 1462 in
306 1395 384 1463 cibo
400 1408 436 1464 et
451 1408 559 1487 potu,
584 1420 745 1490 quaeque
762 1395 880 1467 minus
897 1397 1032 1466 obtem-

50 1515 174 1598 perant
196 1497 344 1569 rationi.
395 1498 464 1567 Sed
487 1494 553 1567 hae
582 1524 724 1592 quoque
746 1499 884 1569 ratione
906 1523 1032 1591 regen-

51 1611 111 1678 dae
125 1628 167 1673 ac
184 1602 381 1669 frenandae
393 1613 487 1671 sunt.
525 1601 628 1669 Hanc
643 1597 871 1672 harmoniam
888 1614 924 1672 et
936 1598 1032 1671 bunc

52 1729 262 1780 eonsensum
277 1702 381 1772 Plato
396 1704 513 1798 inquit
525 1705 679 1795 primam
695 1705 884 1789 iustitiam,
911 1719 946 1773 et
960 1704 1033 1796 pri-

53 1837 142 1884 mam
166 1807 341 1875 virtutem
365 1830 450 1877 esse.
525 1806 581 1875 Ab
613 1803 681 1876 hac
712 1808 810 1877 velut
838 1808 1032 1877 domestica

55 1913 263 1984 transfertur
278 1910 479 2000 exemplum
493 1910 539 1978 ad
551 1910 754 1980 societatem
767 1905 917 1980 humani
929 1933 1033 2000 geue-

55 2019 116 2098 ris,
146 2027 183 2083 et
206 2014 257 2080 ad
279 2013 431 2080 eundern
454 2013 604 2082 modum
626 2024 775 2083 vocatur
794 2013 927 2083 iustitia
950 2013 1033 2081 obe-

55 2117 178 2190 dientia
192 2139 279 2205 erga
295 2114 407 2206 leges,
432 2114 615 2198 videlicet,
641 2116 724 2209 quia
742 2116 900 2185 debitum
916 2114 1033 2183 reddi-

55 2236 106 2293 tur
121 2218 436 2313 gcdfflrnatoribus.
485 2216 534 2286 Et
557 2243 638 2288 cum
658 2219 793 2312 alioqui
817 2242 892 2286 non
912 2241 1034 2287 recen-

55 2336 165 2396 seatur
186 2320 383 2413 appellatio
407 2320 629 2390 obedientiae
653 2321 747 2390 inter
777 2320 1033 2413 appellationes

56 2428 235 2507 virtutum,
253 2418 312 2492 hic
327 2422 595 2493 meminerimus
610 2447 687 2492 eam
704 2425 750 2493 ad
765 2423 934 2494 iustitiam
951 2447 1034 2514 pro-

56 2529 124 2621 prie
150 2526 358 2620 pertinere,
390 2527 591 2618 etquidem
613 2526 852 2595 obedientiam
879 2525 1033 2617 primam

57 2655 119 2702 asse
133 2631 330 2713 virtutem,
356 2627 506 2711 scilicet,
532 2629 614 2723 quia
632 2629 709 2697 Deo
723 2629 841 2698 reddit
863 2628 1035 2708 debitum,

58 2735 104 2803 rel
122 2732 218 2803 sicut
231 2732 337 2802 Plato
361 2732 541 2824 loquitur,
568 2729 711 2826 quia⁸⁶)
736 2730 923 2799 inferiores
942 2728 1035 2798 vires

57 2847 255 2926 congruunt
276 2858 357 2904 cum
380 2833 542 2919 ratione,
577 2846 612 2902 et
635 2835 884 2925 obtemperant
904 2832 936 2900 ei
957 2844 1035 2901 tan-

56 2963 155 3033 quam
172 2935 437 3029 gubernatrici,
463 2962 527 3008 seu
548 2935 632 3030 quia
655 2936 790 3027 legibus
815 2947 1036 3028 praestamus

56 3043 222 3113 debitum.

220 3207 320 3297 Quid
342 3218 401 3282 eat
420 3214 572 3284 iustitia
591 3204 865 3305 particularis?

144 3342 208 3412 Ad
222 3338 318 3411 hanc
328 3356 421 3411 recte
430 3343 598 3411 convenit
608 3341 767 3412 delinitio
777 3336 1036 3432 Simonidis“):

54 3442 185 3516 lustitia
202 3457 257 3516 est
268 3445 393 3529 virtus,
409 3469 500 3539 quae
514 3471 618 3515 suum
635 3446 761 3538 cuique
777 3442 914 3514 tribuit.
945 3442 1037 3513 Nam

55 3548 183 3619 institia
209 3547 387 3639 gubernat
409 3547 585 3631 actiones,
612 3572 704 3642 quae
725 3547 830 3617 nobis
850 3557 934 3617 sunt
955 3566 1037 3634 erga

57 3651 136 3722 alios
167 3650 441 3742 suscipiendae,
480 3662 516 3719 et
544 3651 720 3743 gubernat
749 3673 826 3731 eas,
863 3659 1039 3741 quatenus

58 3776 128 3844 erga
143 3753 242 3822 alios
258 3752 509 3845 suscipiuntur.
561 3754 675 3824 Huius
693 3764 777 3822 sunt
789 3753 879 3821 duae
894 3749 1039 3840 species,

58 3854 281 3926 distributiva
305 3868 341 3924 et
361 3857 613 3925 commutativa
626 3855 694 3951 ⁸⁷),
720 3878 785 3924 nec
805 3865 888 3924 sunt
907 3852 1039 3944 plures.

56 3954 182 4055 lacque
205 3954 295 4027 haec
316 3957 463 4055 partitio
484 3960 663 4048 aptissime
686 3982 728 4027 cx
743 3969 872 4027 natura
886 3967 1040 4045 sumpta,

56 4074 196 4157 quaeut
212 4072 308 4130 recte
322 4060 559 4150 intelligatur,
585 4074 659 4130 tota
681 4056 870 4130 bominum
892 4057 1040 4128 societas

55 4164 227 4236 intuenda
253 4175 317 4234 est.
392 4162 485 4234 Nam
507 4162 546 4231 in
566 4164 732 4235 universa
756 4163 850 4230 vitae
874 4160 1040 4231 societate

54 4279 192 4339 tantum
223 4266 298 4334 duo
328 4277 412 4335 sunt
439 4290 568 4356 genera
602 4264 967 4337 communicationum
981 4261 1040 4357 ⁸⁸).

50 4369 118 4441 Aut
133 4369 239 4440 enim
255 4391 312 4436 res
334 4369 658 4452 communicamus,
683 4393 746 4439 seu
769 4378 1042 4445 commutamus,

47 4471 342 4544 mordinamus
354 4494 539 4563 personas,
564 4485 606 4542 ut
617 4470 779 4563 imperia,
802 4470 1043 4560 magistratus,

10 4564 12 4587 ⁵
47 4576 184 4666 gratim
213 4572 256 4640 in
276 4572 498 4658 civitatibus,
525 4574 565 4642 in
592 4575 746 4644 exercitu
779 4585 815 4642 et
840 4572 880 4640 in
898 4569 1043 4640 familiis

76 4797 131 4859 a)
148 4800 262 4849 oerum
279 4798 360 4858 esse]
379 4799 420 4850 sio
435 4800 488 4851 aa.
508 4800 602 4864 15⁴6.;
619 4800 670 4850 ud„
689 4800 767 4856 roto.
785 4813 849 4851 esse
866 4800 981 4851 certem.

75 4885 132 4946 ⁸⁴)
148 4884 291 4953 rationis]
309 4885 350 4935 sic
367 4884 418 4936 Ed.
438 4887 530 4952 1646.;
549 4888 600 4938 Ed.
620 4887 696 4941 154⁰.
713 4888 859 4938 rationum.

76 4970 131 5029 85)
150 4971 236 5035 quie]
254 4971 296 5020 sic
313 4969 362 5023 Ed.
383 4970 476 5036 Μῖς
493 4973 543 5022 Ed.
564 4974 640 5023 1646.
660 4984 720 5037 qua.

77 5054 132 5117 Β)
149 5056 328 5121 Simonides,
347 5055 436 5119 Ceus,
454 5059 525 5109 conl.
544 5070 599 5109 van
617 5060 725 5109 Goenm
750 5057 784 5108 de
803 5056 957 5120 Simonide,
977 5054 1044 5116 ceo,

115 5130 207 5189 pom
224 5127 255 5176 ct
271 5125 443 5189 philosopho.
478 5124 579 5192 Uitraj.
599 5128 673 5180 1768.
708 5129 734 5176 4.

82 5211 134 5272 Β)
151 5212 188 5262 ln
205 5210 258 5262 td.
278 5211 353 5263 1538.
371 5213 407 5261 ab
423 5211 466 5260 his
483 5215 574 5262 verbis
589 5213 682 5275 incipit
700 5212 844 5274 responsio
862 5208 1043 5276 quaestionis:

118 5282 201 5344 θεοῖ
217 5283 290 5332 εκεῖ
306 5282 415 5344 speclea
433 5280 574 5334 loetitiae
588 5283 792 5348 particularis.

84 5362 445 5485 fflfflfflffltlonum]
470 5365 510 5416 sic
533 5368 583 5418 Ed
609 5366 699 5425 iiiuc
723 5365 773 5417 Ed.
792 5365 869 5417 1646.
893 5365 1044 5415 conmuta-

59 5515 245 5585 lrcssrn.
269 5518 377 5585 Ocra.
399 5521 484 5585 Vor..
506 5524 598 5608 xvi.

598 192 627 268 l.
675 191 1030 276 PHILOSOPHIAE
1055 192 1269 267 MORALIS
1295 193 1526 268 EPITOME.

2019 203 2072 281 dd

1083 368 1356 440 constituantur.
1407 368 1474 439 Hic
1498 393 1605 439 nemo
1628 392 1703 438 non
1728 370 1826 441 videt
1848 367 1904 442 his
1925 373 2063 445 duobus

1082 471 1252 542 membris
1268 472 1460 562 gubernari
1476 483 1510 540 ct
1525 471 1701 543 contineri
1714 485 1828 544 totam
1846 476 1939 544 vitae
1954 476 2065 545 socie-

1083 588 1203 645 tatem.
1235 574 1307 644 Res
1323 587 1440 644 autem
1457 576 1759 646 communicamus
1771 602 1836 669 per
1851 591 2064 663 contractus,

1083 690 1118 746 et
1135 702 1215 746 cum
1232 672 1319 746 hacc
1335 679 1629 761 communicatio,
1662 704 1751 774 quae
1767 681 1807 748 fit
1820 681 1935 751 victus
1947 704 2065 766 causa,

1082 780 1120 847 in
1136 779 1314 848 infinitum
1331 776 1497 868 vagetur,
1523 805 1662 851 necesse
1686 793 1738 850 est
1760 781 1799 851 in
1820 808 1860 853 ea
1885 808 2064 853 summam

1074 882 1332 976 aequalitatem
1352 883 1453 965 effici,
1479 879 1548 953 hoc
1563 897 1625 968 est,
1642 885 1804 977 aequalia
1821 911 1888 978 pro
1905 886 2063 979 aequali-

1081 986 1147 1055 bus
1164 984 1288 1057 reddi..
1329 985 1413 1056 Non
1436 986 1530 1055 enim
1551 1001 1671 1077 posset
1692 1011 1765 1057 esse
1780 1002 1951 1080 perpetua
1968 1012 2064 1057 com-

1081 1087 1297 1172 municatio,
1317 1088 1386 1158 nisi
1401 1102 1516 1158 essent
1531 1103 1675 1161 mutuae
1693 1090 1804 1173 vices,
1831 1092 1927 1184 quia,
1953 1091 1983 1159 si
2001 1091 2064 1184 qui

1083 1192 1210 1260 darent
1231 1191 1306 1261 sine
1329 1192 1636 1283 compensatione,
1677 1191 1703 1259 ii
1725 1195 1870 1262 tandem
1892 1187 2065 1276 exhausti,

1081 1296 1175 1363 lame
1193 1307 1308 1364 essent
1320 1294 1482 1385 perituri.
1535 1295 1629 1364 Hinc
1650 1286 1733 1364 sunt
1754 1295 1835 1364 illae
1861 1292 2064 1365 honestissi-

1082 1421 1162 1465 mae
1187 1397 1398 1465 sententiae:
1433 1389 1498 1477 δός
1520 1423 1557 1469 τι
1577 1393 1641 1469 καὶ
1663 1389 1755 1487 λάβε
1777 1423 1829 1483 τι,
1863 1410 1897 1467 θῖ
1923 1401 1970 1491 τῇ
1995 1391 2066 1488 μὲν

1082 1494 1220 1591 δίδωμι
1231 1494 1338 1595 χειρὶ,
1353 1503 1400 1592 τῇ
1416 1493 1457 1571 δὲ
1473 1494 1670 1593 λαμβάνω.
1702 1499 1749 1568 Εῖ
1765 1495 1857 1569 banc
1871 1500 2065 1592 aequalita-

1083 1615 1155 1671 tem
1169 1602 1280 1692 leges,
1307 1601 1446 1695 quotics
1459 1602 1502 1670 de
1516 1600 1754 1672 contractibus
1768 1603 1984 1696 loquuntur,
2012 1601 2065 1670 di-

1082 1704 1311 1795 ligcntissime
1336 1716 1523 1797 quaerunt.
1574 1703 1657 1773 ldeo
1674 1704 1880 1774 Aristotcles
1906 1703 2067 1773 definivit

1084 1807 1375 1876 commutativam
1408 1807 1579 1875 iustitiam
1612 1832 1705 1889 osse,
1746 1832 1836 1901 quae
1869 1818 2066 1876 commutat

1084 1909 1245 2002 aequalia
1267 1909 1501 2001 proportione
1522 1905 1773 1992 Arithmctica,
1806 1910 1842 1978 id
1865 1921 1937 1992 θεῖ,
1973 1932 2064 2001 quae

1084 2011 1289 2103 simpliciter
1300 2013 1549 2104 aequalitatem
1563 2013 1667 2082 efficit
1679 2011 1957 2081 differentiarum
1972 2011 2065 2079 inter

1085 2114 1255 2184 terminos
1269 2114 1307 2182 in
1323 2113 1513 2184 infinitum.
1545 2114 1609 2185 Est
1626 2116 1720 2184 enirn
1735 2110 1967 2183 Arithmetica
1983 2138 2067 2205 pro-

1084 2216 1203 2309 portio
1215 2214 1282 2311 ⁸⁰),
1315 2216 1445 2310 inqua
1468 2217 1647 2309 dispositis
1675 2218 1787 2287 tribus
1820 2228 1882 2286 aut
1905 2216 2067 2308 pluribus

1084 2320 1242 2390 numeris
1258 2343 1381 2390 omncs
1396 2320 1529 2389 distant
1543 2321 1750 2414 aequalibus
1769 2318 1977 2389 differentiis
1991 2317 2066 2388 sine

1085 2434 1245 2514 respectu
1266 2422 1555 2514 proportionum,
1578 2436 1618 2492 ut
1636 2426 1711 2495 1.2.
1721 2424 1756 2493 3.
1765 2421 1800 2494 4.
1850 2421 1970 2490 Hicin
1987 2445 2067 2512 per-

1086 2539 1232 2617 petuum
1258 2524 1365 2592 distat
1380 2550 1550 2595 numerus
1571 2525 1755 2617 proximus
1770 2549 1789 2593 a
1807 2524 1971 2615 proximo
1989 2521 2068 2591 uni-

1086 2639 1169 2697 tate.
1221 2625 1435 2696 Huiusmodi
1456 2628 1615 2717 exempla
1640 2637 1827 2696 sumantur
1841 2626 1909 2693 alia
1927 2627 1962 2696 3.
1980 2625 2015 2695 6.
2031 2623 2067 2692 9.

1088 2733 1147 2803 la.
1171 2724 1229 2800 15.
1280 2728 1347 2796 Hic
1367 2753 1507 2820 semper
1529 2728 1712 2820 proximus
1735 2753 1755 2798 a
1777 2728 1942 2818 proximo
1962 2727 2070 2795 distat

1085 2833 1258 2903 ternario.
1316 2831 1418 2900 Hanc
1432 2834 1585 2901 sormam
1604 2833 1851 2900 accommodat
1863 2826 2070 2898 Aristoteles

1087 2936 1133 3005 ad
1150 2934 1461 3018 commutativam,
1488 2947 1609 3029 estque
1632 2934 1734 3003 facile
1757 2932 1935 3002 rationem
1958 2929 2071 3021 appli-

1088 3038 1238 3109 cationis
1259 3037 1390 3108 videre.
1440 3038 1538 3108 Sicut
1569 3036 1664 3106 enim
1690 3032 1749 3105 hic
1780 3059 1903 3104 omnes
1926 3031 2072 3102 termini

1088 3141 1221 3211 distant
1244 3140 1450 3232 simpliciter
1475 3140 1681 3234 aequalibus
1701 3137 1879 3219 numeris,
1906 3135 1954 3205 sic
1969 3136 2074 3204 debet

1088 3244 1295 3336 simpliciter
1317 3268 1388 3314 esse
1411 3243 1606 3336 aequalitas
1629 3241 1799 3335 emptoris
1815 3252 1849 3310 et
1863 3236 2073 3320 venditoris,

1089 3359 1208 3415 tantus
1222 3345 1268 3416 sit
1280 3370 1449 3414 numerus
1463 3346 1645 3436 emptoris,
1665 3357 1819 3438 quantus
1837 3353 1889 3412 est
1903 3363 2073 3411 numerus

1089 3447 1296 3518 venditoris.
1348 3447 1439 3518 Nam
1465 3471 1506 3515 ex
1520 3448 1597 3516 aliis
1619 3447 1705 3516 locis
1719 3444 1920 3516 Aristotelis
1943 3455 1977 3512 et
1992 3443 2073 3510 Pla-

1090 3551 1184 3620 tonis
1197 3562 1358 3641 apparet,
1385 3545 1453 3617 boc
1467 3552 1576 3619 modo
1593 3549 1843 3641 aequalitatem
1857 3542 2075 3615 differentia·

1090 3680 1171 3724 rum
1186 3653 1280 3721 inter
1294 3651 1426 3721 multos
1449 3651 1659 3742 significari,
1685 3663 1726 3721 ut
1746 3651 1783 3718 in
1806 3648 1932 3742 quinto
1948 3644 2074 3717 Politi-

1091 3754 1263 3850 corunrw)
1273 3750 1441 3847 prohibet
1454 3753 1663 3824 Aristoteles
1678 3754 1717 3821 in
1725 3751 1881 3844 legendis
1889 3750 2077 3840 magistra-

1091 3858 1185 3930 tibus
1204 3856 1341 3928 servari
1354 3857 1626 3948 proportionem
1642 3852 1935 3936 Arithmeticam,
1961 3852 2076 3931 idest,

1091 3959 1258 4055 prohibet
1273 3958 1468 4054 aequaliter
1483 3983 1606 4030 omncs
1629 3959 1711 4050 eligi
1741 3960 1786 4028 ad
1816 3956 2076 4051 qualescunque

1091 4061 1248 4134 honores
1268 4063 1343 4133 sine
1369 4061 1591 4145 discrimine,
1628 4073 1663 4130 et
1688 4061 1763 4131 sino
1792 4061 1950 4138 delectu,
1987 4053 2079 4124 sicut

1093 4168 1310 4257 imaginatur
1345 4165 1471 4254 tulgus
1509 4164 1759 4256 aequalitatem
1793 4154 2078 4236 Arithmeticam,

1093 4297 1173 4340 eum
1203 4269 1348 4338 dicitur:
1377 4292 1501 4337 omnes
1528 4264 1749 4336 Christianos
1777 4265 1814 4328 in
1842 4260 1987 4352 Synodo
2017 4260 2079 4326 ad-

1094 4374 1286 4442 mittendos
1304 4396 1377 4441 csse
1395 4369 1696 4440 adiudicandum.
1735 4363 1792 4435 Sic
1809 4363 1904 4433 enim
1921 4361 2080 4451 cogitant

1094 4477 1170 4546 sine
1194 4473 1396 4545 discrimine
1426 4475 1549 4542 doctos
1584 4483 1619 4538 et
1647 4468 1809 4544 indoctos
1839 4464 2079 4535 admittendos

1095 4604 1168 4650 esse
1184 4580 1229 4647 ad
1244 4577 1430 4646 dicendam
1444 4572 1668 4644 sententiam.
1706 4569 1808 4641 Hanc
1826 4566 2079 4661 aequalitatem

1094 4684 1134 4751 in
1145 4680 1302 4772 legendis
1317 4677 1580 4769 magistratibus
1595 4675 1802 4766 improbant
1813 4671 1930 4750 Plato,
1946 4664 2079 4736 lsocra-

1094 4799 1147 4856 tes
1169 4797 1204 4853 et
1226 4781 1445 4855 Aristoteles.
1499 4770 1647 4849 'Verum
1668 4778 1708 4846 in
1731 4772 1971 4844 contractibus
1993 4764 2081 4837 baec

1096 4886 1291 4981 aequalitas
1328 4882 1526 4954 necessaria
1561 4894 1632 4965 est,
1676 4877 1884 4970 simpliciter
1916 4871 2081 4964 aequales

1095 4992 1167 5061 sint
1180 4986 1321 5058 numeri
1338 4987 1509 5078 emptoris
1526 4998 1560 5055 et
1574 4981 1783 5062 venditoris,
1809 4978 1900 5049 sicut
1917 4973 2082 5068 aequales

1095 5106 1178 5163 sunt
1191 5090 1412 5160 differentiae
1428 5089 1465 5157 in
1481 5087 1717 5182 proportione
1732 5076 1979 5153 Aritlrmetiea.

1129 5339 1176 5406 es)
1197 5316 1352 5404 pinnato]
1372 5340 1413 5388 nc
1433 5339 1482 5388 aa.
1503 5337 1597 5400 racc.;
1615 5334 1664 5384 na.
1686 5331 1759 5382 iaco.
1780 5302 1938 5392 proposita.

1130 5428 1178 5493 eo)
1198 5429 1285 5481 arist.
1304 5423 1581 5565 eoric.1ia.5v.cep.
1603 5423 1625 5473 ι.
1645 5420 1672 5480 s.
1690 5417 1717 5471 r.
1735 5417 1760 5468 a.
