4566 5760
204 192 277 272 tat

204 368 426 450 honitatem,
453 388 534 435 cum
551 388 634 433 eum
648 384 733 430 vere
749 359 973 452 agnoscimus
988 372 1024 431 e‘t
1038 360 1194 432 celebra-

205 497 297 544 mus.
354 469 453 543 Idem
479 467 621 548 dicunt,
654 464 717 559 qui
739 463 950 556 simpliciter
974 465 1025 535 sic
1046 488 1195 557 respen-

205 578 310 646 dent:
341 572 469 643 Finem
493 594 566 640 esse
593 591 716 636 veram
740 566 960 658 agnitionem
983 579 1019 636 et
1041 569 1195 638 celebra·

206 679 342 749 tionem
367 674 445 744 Dei.
514 673 609 743 Nam
637 667 677 739 hi
704 669 805 739 tnodi
837 669 1029 764 loquendi,
1071 673 1194 740 dextre

207 777 425 869 intelligendi
455 789 548 847 snut.
615 772 672 842 Sic
701 776 745 843 de
771 775 841 842 fine
863 774 965 842 docet
989 772 1101 845 Filius
1126 772 1194 842 Dei

206 878 352 980 (Matth.
365 877 402 963 5,
421 878 514 974 16.):
540 876 675 945 Luceat
689 875 749 945 lux
761 890 898 959 vestra,
924 888 965 945 ut
980 876 1195 965 glorificetur

206 989 316 1056 Pater
332 982 504 1053 coelestis.
543 979 589 1048 Et
607 974 813 1049 l.Corinth.
831 980 889 1061 10,
906 976 1002 1074 (51.)
1020 979 1192 1070 scriptum

208 1101 278 1159 cst:
306 1085 439 1158 Omnia
457 1086 502 1152 ad
517 1083 666 1174 gloriam
676 1081 744 1150 Dei
758 1081 873 1151 facite.
912 1078 1000 1149 Item
1017 1080 1054 1148 in
1063 1081 1195 1152 Psalm.

209 1188 404 1286 (115,1.):
438 1188 522 1258 Non
544 1184 648 1254 nobis
671 1183 844 1266 Domine,
878 1207 953 1251 non
973 1184 1097 1267 nobis,
1133 1186 1195 1254 sed

208 1293 425 1365 nominituo
443 1293 486 1359 da
504 1287 666 1379 gloriam.
716 1286 763 1355 Et
785 1284 1196 1378 primum¹praeceptnm

210 1401 313 1466 docet
333 1392 427 1464 hunc
449 1417 521 1461 esse
546 1393 652 1459 finem
676 1385 851 1470 hominis,
876 1413 957 1457 cum
972 1389 1076 1458 initio
1094 1413 1197 1481 prae-

211 1501 297 1592 cipit
310 1501 353 1567 dc
370 1495 549 1586 agnitione
567 1506 601 1561 ct
616 1491 816 1561 obedientia
832 1490 910 1560 Deo
929 1492 1058 1562 debita.

310 1599 471 1671 Sumitur
487 1609 605 1667 autem
627 1591 685 1664 hic
699 1595 775 1687 ipse
789 1593 870 1664 bnis
894 1619 935 1663 ex
953 1593 1101 1665 consilio
1115 1591 1196 1676 Dei,

211 1730 283 1800 quo
295 1702 341 1800 ¹¹)
359 1701 519 1771 condidit
536 1694 720 1767 hominem
736 1694 881 1790 (Genes.
899 1699 934 1781 1,
949 1697 1046 1793 26.):
1073 1697 1196 1764 Facia-

209 1832 290 1877 mus
303 1804 488 1876 hominem
505 1804 550 1870 ad
567 1801 760 1891 imaginem
784 1811 820 1868 et
841 1799 1110 1870 similitudinem
1132 1823 1197 1867 no-

212 1923 336 1980 stram.
374 1904 457 1976 Ideo
468 1904 566 1973 Deus
583 1902 742 1971 condidit
758 1914 957 1972 creaturam
971 1903 1197 1985 rationalem,

210 2027 252 2082 ut
277 2012 387 2103 ipsius
415 2007 611 2079 similitudo
634 2005 672 2074 in
695 2029 735 2073 ea
759 2006 894 2089 luccat,
924 2017 966 2074 ut
986 2019 1197 2096 agnoscatur

211 2116 328 2197 Deus,
363 2125 398 2181 et
425 2111 496 2180 sint
525 2109 658 2178 similes
688 2109 848 2178 virtutes.
908 2107 997 2177 Cum
1027 2111 1072 2176 ad
1102 2104 1197 2177 hunc

211 2218 319 2288 baem
344 2214 486 2284 condita
518 2212 564 2282 sit
587 2222 714 2279 natura
736 2206 945 2294 hominnm,
970 2235 1111 2280 necesse
1134 2223 1197 2292 cst,

212 2318 377 2390 homines
395 2326 562 2408 appetere
578 2337 700 2381 veram
717 2311 785 2380 Dei
811 2313 1028 2403 agnitionem
1054 2326 1089 2382 ct
1112 2314 1198 2380 dile-

214 2425 388 2504 ctionem,
429 2432 464 2488 ct
487 2416 708 2510 acquiescere
739 2418 778 2483 in
809 2441 872 2499 eo,
913 2415 1198 2486 communicante

213 2525 317 2596 nobis
332 2548 432 2593 snam
448 2520 657 2589 bonitatem.
695 2518 791 2587 Haec
805 2529 888 2588 sunt
903 2519 1088 2611 perspicua
1103 2531 1198 2588 recte

215 2625 401 2710 institutis,
428 2638 463 2693 ct
476 2633 677 2712 congruunt
696 2622 867 2712 cum'lege
882 2620 962 2692 Dei.

208 2768 212 2777 ·
233 2766 237 2773 ·
289 2727 522 2820 Evangelium
536 2724 677 2795 deducit
696 2748 763 2793 nos
778 2725 824 2792 ad
838 2726 990 2793 eundern
1002 2725 1123 2807 linem,
1137 2724 1199 2794 sed

212 2833 376 2922 adiungit
389 2834 572 2899 ductorem
588 2827 720 2909 filium,
748 2848 838 2920 quae
855 2826 1016 2894 doctrina
1033 2829 1140 2917 su'pra
1153 2825 1198 2920 ¹²)

215 2946 442 3025 conspectum
464 2930 615 2998 rationis
636 2925 815 2997 humanae
837 2929 953 3018 posita
975 2940 1044 3009 est,
1072 2941 1107 2996 et
1130 2924 1199 2997 hoc

215 3039 326 3106 modo
355 3036 397 3103 de
427 3035 496 3101 hue
526 3030 761 3100 concionatur
786 3030 918 3099 dictum
947 3031 1036 3099 illud
1059 3027 1199 3122 (loann.

218 3141 279 3223 17,
295 3137 365 3226 8.);
405 3134 501 3203 Haec
521 3146 573 3203 est
594 3136 667 3201 vita
689 3145 853 3216 aeterna,
887 3145 928 3202 nt
951 3147 1144 3223 agnoscant
1165 3146 1199 3202 te

215 3243 333 3313 Deum
355 3262 499 3320 verum,
531 3249 566 3305 ct
588 3260 695 3329 quem
716 3234 845 3305 misisti
866 3232 980 3305 Iesum
1004 3259 1077 3306 csse
1099 3231 1200 3305 Chri-

205 3357 325 3416 stum.

319 3444 415 3515 Haec
435 3445 478 3511 de
492 3443 579 3524 fine,
606 3441 651 3508 de
669 3464 740 3534 quo
758 3438 917 3508 doctrina
926 3437 1102 3509 Ecclesiae
1117 3464 1200 3507 con-

216 3551 394 3631 cionatur,
418 3546 574 3637 primurn
589 3537 648 3610 hic
664 3542 812 3611 dicenda
826 3554 921 3624 sunt,
940 3555 980 3611 ut
996 3541 1199 3612 discrimina

218 3652 462 3723 doctrinarum
487 3646 768 3717 considerentur.
826 3645 930 3716 Nunc
953 3641 1199 3737 philosophica

207 3755 416 3824 recitemus.

318 3855 413 3924 Vera
437 3849 665 3921 lustrationis
687 3847 724 3917 in
743 3844 890 3918 homine
913 3848 1016 3919 insita
1039 3860 1201 3930 naturae,

219 3958 381 4050 congruit
405 3980 485 4024 cum
505 3954 579 4043 lege
593 3951 679 4035 Dei,
709 3953 770 4022 sed
792 3976 888 4022 nunc
908 3951 946 4020 in
965 3948 1032 4020 hac
1053 3949 1201 4039 caligine

219 4061 404 4133 obscurior
421 4055 549 4127 estllei
564 4055 711 4139 notitia,
737 4067 772 4122 et
785 4055 906 4124 multis
921 4052 1201 4123 dubitationibus

467 187 771 263 scelerarit
795 182 910 261 lima
934 182 1003 260 AB
1027 182 1240 264 Ermum
1261 185 1334 263 nr-
1356 180 1613 268 murtena
1641 186 1953 265 mactatam
2146 190 2234 271 '‘de

1246 375 1391 434 econtra
1415 363 1572 435 inrecte
1593 367 1714 451 lactis,
1746 376 1883 437 montes
1905 362 2121 458 tranquillae
2139 378 2235 450 sunt

1246 466 1331 562 quia
1346 466 1525 551 iudicant,
1551 469 1636 538 talia
1651 474 1745 541 iacta
1762 470 1846 553 Deo
1856 467 1965 538 iudici
1985 480 2021 537 ct
2040 468 2234 559 spectatori

1246 570 1405 664 probari.
1456 569 1520 639 Est
1541 570 1648 661 igitur
1670 588 1704 642 ct
1724 574 1920 643 secundum
1935 565 2234 661 veram-philoso-

1245 670 1369 766 phiam
1398 674 1479 743 imis
1502 674 1714 766 praecipuus
1737 672 1912 755 hominis,
1945 672 2065 765 aliqua
2097 672 2233 762 agnitio

1246 776 1334 862 Dei,
1360 774 1536 847 sechus.
1588 777 1658 846 Sed
1674 774 1881 870 philosophi
1895 774 1944 846 sic
1958 776 2169 870 loquuntur,
2194 789 2234 847 nt

1248 879 1331 950 dixi.
1380 877 1493 949 Aiunt
1505 877 1673 950 ⁴virtutem
1690 882 1797 949 tinem
1818 905 1911 962 esse,
1938 889 1974 946 et
1998 901 2079 946 cum
2100 902 2171 948 nos
2185 876 2234 950 sic

1247 981 1449 1077 loquimur,
1480 981 1718 1072 intelligamus
1740 983 1778 1050 in
1800 983 1876 1075 ipsa
1901 979 2158 1071 appellatione,
2200 994 2234 1052 et

1247 1082 1341 1154 hanc
1362 1108 1537 1154 summam
1559 1084 1748 1169 viruttem,
1771 1099 1813 1154 ut
1827 1084 1923 1152 Deus
1939 1095 2174 1172 agnoscatur,
2200 1097 2235 1154 et

1249 1213 1373 1258 omncs
1388 1183 1558 1258 honestae
1575 1188 1730 1258 actiones
1746 1190 1791 1257 ad
1806 1186 1923 1255 Deum
1941 1187 2156 1259 reserantur·

1352 1289 1442 1360 Cum
1468 1303 1586 1359 autem
1609 1290 1683 1359 iam
1704 1293 1792 1360 duas
1814 1288 2010 1358 contrarias
2033 1288 2235 1380 opiniones,

1250 1393 1399 1461 alteram
1412 1392 1631 1477 Aristotelis,
1657 1394 1805 1463 alteram
1825 1391 1971 1484 Epicuri
1992 1390 2178 1461 recitaturi
2191 1390 2236 1460 si-

1249 1494 1405 1590 mus¹⁸),
1429 1495 1620 1590 loquemur
1639 1497 1770 1566 usitato
1790 1518 1903 1564 more.
1955 1492 2125 1586 Quaestio
2147 1486 2235 1563 haec

1249 1599 1309 1668 sit:
1337 1597 1395 1667 An
1411 1600 1524 1668 virtus
1539 1598 1585 1668 sit
1598 1598 1678 1668 finis
1693 1594 1863 1682 hominis,
1883 1620 1929 1665 an
1942 1618 2029 1664 vero
2047 1595 2235 1688 voluptas?

1249 1700 1455 1772 Aristoteles
1469 1700 1604 1794 inquit:
1639 1700 1826 1770 Actionem
1840 1699 1981 1769 virtutis
1995 1699 2102 1767 finem
2118 1692 2236 1768 homi·

1248 1804 1305 1872 nis
1323 1828 1407 1874 esse.
1458 1802 1532 1874 Nos
1548 1828 1629 1874 cum
1645 1803 1814 1887 dicimus,
1840 1802 2008 1871 virtutem
2024 1802 2132 1871 finem
2149 1826 2236 1885 esse,

1248 1930 1325 1975 non
1339 1904 1578 1997 intelligamus
1594 1905 1747 1976 otiosum
1764 1902 1940 1988 habitum,
1958 1905 2019 1973 sed
2034 1903 2236 1974 Aristotelis

1249 2009 1460 2080 sententiam
1482 2009 1718 2092 retineamus,
1752 2008 1889 2077 etiamsi
1911 2006 2095 2077 brevitatis
2117 2030 2236 2094 causa,

1249 2125 1389 2181 tantum
1406 2111 1572 2183 virhrtem
1587 2113 1834 2205 nominamus,
1860 2123 1901 2179 ut
1921 2123 1956 2179 et
1973 2109 2098 2179 Cicero
2119 2109 2236 2204 loqui-

1250 2227 1320 2285 tur.
1388 2212 1657 2284 Removeantur
1674 2239 1759 2305 ergo
1784 2208 2025 2311 λογομαχίαι,
2066 2224 2102 2280 et
2129 2213 2235 2304 plane

1250 2331 1465 2399 statuamus,
1488 2318 1614 2386 falsam
1639 2342 1713 2386 esse
1727 2315 1948 2387 ’sententiam
1972 2313 2139 2405 Epicuri,
2172 2314 2236 2409 qui

1251 2419 1454 2502 contendit,
1478 2421 1820 2511 voluptatemfinem
1838 2442 1921 2487 esse.
1955 2415 2099 2486 Rectius
2115 2430 2236 2489 autem

1250 2524 1289 2591 in
1302 2518 1529 2616 philosophia
1547 2521 1633 2590 dicit
1661 2520 1840 2591 Virtutem
1856 2543 1929 2590 esse
1943 2521 2048 2587 finem
2065 2515 2236 2605 hominis,

1250 2626 1383 2708 idest,
1410 2637 1504 2693 recte
1525 2624 1725 2694 faciendum
1751 2649 1845 2706 esse,
1874 2622 2012 2691 etiamsi
2034 2623 2179 2694 dolores
2203 2636 2238 2692 et

1251 2728 1463 2799 detrimenta
1480 2740 1686 2821 sequantur.
1712 2727 1910 2796 Confirmat
1922 2723 2130 2795 Aristoteles
2142 2721 2237 2795 hanc

1252 2829 1464 2902 sententiam
1486 2830 1615 2900 illustri
1639 2827 1963 2912 demonstratione,
1987 2840 2071 2895 nata
2086 2828 2126 2897 in
2139 2825 2238 2923 Phy-

1252 2934 1332 3004 sicis
1346 2927 1414 3000 hoc
1428 2932 1556 3001 modo:

1303 3034 1546 3105 Certissimum
1562 3047 1634 3116 cst,
1660 3029 1698 3098 in
1714 3031 1872 3125 qualibet
1886 3043 2015 3100 natura
2029 3032 2139 3101 finem
2162 3056 2238 3105 esse

1353 3136 1637 3230 propriissimum
1655 3134 1728 3205 eius
1745 3147 1894 3205 natiuae
1908 3134 2101 3206 actionem.
2149 3133 2237 3207 Ideo

1355 3238 1451 3308 enim
1474 3252 1526 3308 est
1547 3238 1716 3331 propria,
1755 3237 1840 3333 quia
1862 3240 1907 3307 ad
1934 3232 2027 3306 hanc
2057 3237 2237 3309 actionem

1354 3343 1481 3411 natura
1499 3342 1687 3435 praecipue
1701 3340 1843 3407 condita
1858 3353 1920 3410 est.

1302 3440 1404 3513 Actio
1419 3443 1561 3514 virtutis
1577 3455 1629 3514 est
1643 3440 1886 3533 propriissima
1907 3437 2058 3512 homini.

1300 3544 1411 3640 Igitur
1426 3545 1518 3616 actio
1535 3545 1674 3615 virtutis
1688 3557 1740 3614 est
1754 3544 1845 3614 finis.

1352 3648 1448 3719 Haec
1473 3648 1727 3719 demonstratio
1764 3670 1845 3715 vera
1871 3656 1940 3728 cst,
1976 3643 2040 3715 etsi
2066 3642 2238 3737 Epicurei

1253 3751 1364 3820 multa
1389 3751 1589 3843 plausibilia
1615 3761 1823 3840 argumenta
1848 3760 2054 3837 opponam,
2080 3770 2239 3845 quorum

1254 3854 1438 3945 explicatio
1452 3855 1603 3923 multum
1618 3851 1706 3921 lucis
1720 3851 1833 3921 adlert
1848 3846 1932 3918 huic
1949 3850 2198 3941 disputationi.

1351 3953 1443 4025 lllud
1458 3970 1574 4025 autem
1588 3954 1741 4046 praefari
1755 3974 1893 4022 necesse
1909 3965 1971 4034 est,
1984 3953 2120 4021 fontem
2129 3948 2239 4027 huius

1254 4057 1515 4127 controversiae
1549 4083 1621 4128 csse
1660 4057 1843 4127 dissidium
1873 4054 1991 4145 legum
2016 4067 2170 4126 naturae
2200 4056 2239 4126 in

219 4166 396 4236 turbatur.
447 4158 530 4228 ldeo
545 4153 769 4251 philosophi,
795 4158 861 4226 etsi
878 4157 1058 4226 interdum
1078 4156 1202 4224 iubent
1253 4174 1392 4244 mente,
1420 4173 1454 4229 ct
1471 4161 1728 4253 appetitionum
1745 4159 1783 4226 in
1799 4157 1924 4240 corde,
1947 4159 2042 4250 quod
2064 4158 2240 4229 nndeor·

219 4268 345 4338 relerri
367 4262 523 4333 actiones
547 4263 593 4329 ad
607 4261 743 4343 Deum,
768 4272 888 4329 tamen
909 4261 1120 4352 plerumque
1136 4281 1201 4327 no-
1254 4252 1330 4332 turn
1344 4262 1407 4347 sit,
1434 4266 1538 4332 docet
1550 4262 1717 4333 Ecclesia.
1767 4259 1813 4330 Et
1835 4261 1881 4329 ad
1902 4260 2126 4353 perspicuam
2143 4260 2239 4334 diiu-

218 4370 359 4441 minant
389 4378 527 4434 tantum
559 4362 746 4446 virtutem,
789 4376 824 4431 et
851 4363 992 4446 dicunt,
1032 4361 1200 4430 virtutem
1254 4364 1468 4435 dicationem
1481 4362 1585 4436 huius
1602 4363 1885 4446 controversiae,
1911 4362 2008 4431 utilis
2024 4370 2076 4432 est
2091 4364 2238 4437 collatio

211 4476 328 4544 'linem
353 4492 438 4538 esse.
505 4466 616 4536 Stoici
639 4467 704 4536 etsi
725 4465 793 4534 alia
817 4467 928 4535 multa
953 4465 1105 4534 absurda
1130 4475 1202 4531 tra·
1254 4468 1458 4552 doctrinae,
1483 4494 1573 4563 quae
1589 4467 1626 4534 in
1640 4467 1793 4537 Ecclesia
1809 4465 1962 4541 traditan
1978 4467 2022 4534 de
2038 4465 2152 4540 causis
2170 4467 2241 4537 rni-

208 4579 329 4658 ·duut,
369 4583 489 4640 tamen
517 4564 586 4637 hoc
607 4580 701 4638 recte
724 4569 905 4639 dixerunt:
946 4567 1078 4638 Omnia
1104 4564 1202 4636 nasci
1253 4571 1427 4643 seriarum
1441 4567 1701 4654 humanarum,
1727 4584 1762 4640 et
1776 4567 1913 4639 dissidii
1926 4567 2057 4659 legum,
2078 4581 2115 4637 et
2128 4571 2240 4671 apg'e·

209 4676 410 4750 'hominurn
427 4696 553 4755 eausa,
577 4667 740 4743 homines
755 4696 842 4740 vero
858 4671 928 4740 Dei
945 4695 1061 4740 causa.
1253 4672 1421 4744 titionum
1439 4673 1476 4741 in
1491 4668 1652 4757 homine,
1675 4696 1765 4767 quae
1781 4683 1834 4741 est
1850 4671 1986 4739 malum
2001 4669 2171 4761 originis,
2198 4685 2241 4743 nt

322 4779 490 4846 Testatur
515 4787 549 4843 et
571 4775 804 4858 conscientia,
842 4774 959 4844 Deum
985 4775 1093 4842 finem
1117 4794 1201 4841 esse.
1254 4789 1423 4855 vocatur.
1464 4774 1583 4852 Homo
1598 4776 1759 4846 conditus
1776 4784 1839 4856 est,
1862 4785 1904 4844 ut
1918 4773 1988 4865 legi
2003 4773 2241 4873 obtemperet,

217 4883 304 4954 ideo
320 4882 416 4950 cuim
430 4878 469 4948 in
480 4879 647 4948 scelerate
661 4878 761 4947 factis
777 4877 901 4947 dolent
915 4873 1090 4958 homines,
1117 4874 1200 4970 quia
1255 4892 1290 4947 et
1305 4875 1392 4948 haec
1408 4878 1608 4947 ohedientia
1622 4881 1751 4947 ardens
1765 4889 1800 4944 et
1811 4876 1922 4945 dulcis
1937 4876 1976 4945 in
1991 4872 2240 4948 cordihucho-

218 4984 376 5058 namrali
400 4983 477 5051 luce
502 4993 672 5065 cernunt,
696 4993 731 5050 et
752 4994 917 5052 metuunt
941 4980 1032 5049 iram
1054 4975 1142 5061 Dei,
1167 4989 1202 5046 et
1254 4981 1392 5053 minum
1412 4978 1552 5066 luisset,
1578 4980 1608 5057 si
1630 4992 1758 5049 natura
1784 5002 1860 5047 non
1882 4978 2004 5049 suisset
2027 4981 2239 5071 deprauata.

1253 5081 1387 5153 lustum
1404 5096 1456 5153 est
1473 5085 1580 5168 enim,
1594 5096 1634 5153 ut
1648 5081 1752 5151 honis
1765 5081 1855 5150 hene
1871 5081 1927 5151 sit.
1962 5080 2031 5150 Sed
2042 5068 2240 5177 postquam

254 5206 302 5265 tt)
320 5213 372 5264 quo
391 5198 463 5257 (sect.
483 5199 628 5261 1111111111]
646 5197 686 5248 ⁸¹0
704 5198 753 5248 111·
770 5200 862 5263 155113
881 5196 1060 5262 11111551,
1082 5195 1155 5247 1557·
1174 5199 1202 5246 et
1253 5200 1382 5256 natura
1398 5181 1586 5258 hominum
1602 5188 1794 5278 depravata
1812 5196 1884 5266 est,
1908 5184 2041 5254 multae
2070 5185 2109 5252 in
2130 5185 2240 5257 uobis

216 5124 424 5143 ..μ-μ

288 5261 364 5323 sace.
383 5270 472 5319 ninus
490 5273 570 5330 sate:
596 5270 640 5331 qut
660 5266 734 5333 (scit.
753 5266 850 5334 Deris).

238 5356 300 5418 11)
315 5354 416 5417 supra]
441 5354 482 5404 sto
507 5350 575 5403 Edd.
599 5350 692 5419 tm,
720 5344 966 5419 1⁸57.'et'tw⁰.;
997 5354 1047 5407 Ed.
1071 5348 1148 5404 1550.
1174 5353 1202 5402 et
1251 5342 1457 5383 “““’““”“”“““

286 5436 379 5487 cripta.
1288 5420 1335 5487 ss)
1352 5423 1453 5487 arnus]
1466 5422 1507 5472 ac
1519 5376 1587 5470 'naa
1606 5384 1678 5469 iam.
1695 5421 1723 5470 u
1740 5418 2240 5485 raas.,nao1ssr.etaass.11=n.
