4544 5766
119 208 200 287 flii
350 206 427 282 Vll.
478 200 862 281 COMMENTARIUS
893 200 943 277 lli
975 196 1225 277 CICERONIS
1255 205 1575 282 PARTlTlONES
1608 206 1893 290 ORATORIAS.
2044 214 2120 293 85⁰

119 382 258 455 riarum
274 382 464 453 lectionum
482 381 617 451 scribit:
643 379 726 452 Nou
739 377 854 449 solum
871 399 938 466 pro
960 370 1099 465 pensio·
1137 378 1338 449 ¹tractatum
1360 392 1428 451 est:
1466 404 1559 473 quae
1579 381 1739 454 omnium
1761 386 1959 459 communis
1981 401 2034 460 est
2091 405 2128 462 et

120 486 246 566 uibusr
277 488 339 556 sc'd
359 498 396 556 et
415 486 445 555 si
469 485 679 555 deteriorem
702 479 958 551 habitationem
979 473 1101 544 iecerit
1150 502 1224 548 non
1250 483 1364 552 solnm
1388 482 1432 550 ad
1457 482 1618 568 clericos,
1652 488 1714 556 sed
1735 487 1841 559 etiar'n
1864 491 1911 561 ad
1934 442 2051 563 laicos,
2092 507 2128 563 et

121 589 226 681 mlpa
241 612 305 659 sna
319 588 533 683 inquilinus,
557 610 628 679 quo
652 584 798 655 nomine
818 606 861 653 ex
881 580 997 649 locato
1019 601 1100 647 curn
1151 583 1197 650 ed
1221 609 1343 656 omnes
1365 581 1584 656 Christianos
1605 588 1823 686 pertinetw).
1885 594 1956 664 Sed
1981 544 2126 690 quabdo

123 716 168 763 eo
182 690 254 761 erit
270 692 384 774 actio,
408 691 544 758 invecta
569 699 605 758 et
627 689 725 757 illata
749 683 892 779 pignori
914 692 1020 753 erunt
1039 679 1101 748 ob·
1150 688 1278 778 synodi
1291 688 1448 758 iudicant
1463 689 1506 757 de
1522 691 1667 760 caeteris
1682 693 1850 782 negotiis,
1876 720 1968 789 quae
1993 699 2039 766 cd
2062 723 2125 790 po·

122 795 233 886 ligata
243 793 304 891 ⁸¹)
368 793 432 863 Est
463 816 547 881 ergo
578 789 748 861 locationi
776 788 1001 867 adiunctum,
1038 805 1101 872 op·
1151 787 1264 859 liliam
1279 790 1455 862 Ecclesiae
1478 791 1674 883 pertinent,
1706 818 1781 863 non
1805 798 1935 868 debent
1954 823 1991 870 se
2012 800 2127 869 admi·

124 897 326 991 pigneratio
349 920 471 965 earum
494 919 627 965 rerum.
693 890 887 984 seuquid,
919 887 951 959 si
975 886 1013 955 in
1032 883 1102 955 illis
1150 916 1245 963 scere
1261 892 1354 966 laici.

124 1001 231 1071 rebus
251 998 299 1070 sit
318 999 463 1091 aliquod
486 995 712 1088 depositum?
762 992 829 1062 Hic
851 1016 893 1061 ex
916 989 1019 1086 quasi
1040 988 1101 1055 ad·
1252 1000 1357 1083 Quasi
1379 991 1512 1094 cause]
1538 994 1605 1065 Hic
1626 997 1725 1069 locus
1745 996 1870 1071 similis
1892 1012 1944 1071 est
1967 1002 2127 1073 fallaciae

125 1102 247 1199 iuncto
276 1101 345 1172 erit
372 1100 499 1171 salsum
529 1109 792 1189 argumentum:
832 1093 905 1164 Res
932 1104 1015 1164 sunt
1038 1114 1101 1181 op·
1151 1101 1345 1169 secundum
1367 1123 1442 1169 non
1462 1123 1623 1183 causam,
1655 1112 1696 1170 ut
1721 1125 1874 1172 causam,
1924 1103 1991 1174 Hic
2011 1105 2127 1199 quoti.

126 1206 334 1298 pigneratae
348 1203 499 1286 locanti,
525 1225 609 1292 ergo
627 1213 663 1270 et
678 1199 889 1291 depositum.
1152 1201 1257 1271 diana
1274 1201 1346 1271 vita
1364 1200 1566 1294 suppeditat
1585 1226 1751 1294 maguam
1775 1205 1914 1298 copiam
1941 1230 2128 1299 argumen-

228 1301 565 1402 stosipupuoutiu]
591 1301 707 1373 Locus
729 1302 821 1372 idem
843 1321 949 1391 supra
974 1305 1101 1364 tracta-
1153 1317 1283 1375 torum,

127 1422 183 1481 21¹⁸
199 1422 254 1479 ²⁸²
272 1408 311 1477 in
326 1409 429 1478 fiiul⁰
449 1410 784 1493 QWiwttirtttt'ttm·
834 1401 901 1471 Hic
914 1399 1100 1468 innumera
1252 1405 1358 1476 Multi
1387 1406 1449 1500 qui
1479 1405 1640 1476 iactitant
1668 1432 1704 1479 se
1725 1433 1797 1479 esse
1819 1409 1994 1482 studiosos
2017 1435 2127 1504 purae

126 1513 286 1603 exempla
317 1511 544 1602 suppeditant
568 1504 779 1600 decoratum
786 1557 798 1592 ,
833 1505 871 1573 id
896 1515 965 1585 est,
997 1501 1102 1589 leges,
1153 1508 1355 1592 doctrinae,
1378 1520 1460 1578 suut
1471 1511 1574 1579 mali:
1599 1510 1694 1602 Ergo
1710 1512 1871 1580 doctrina
1883 1513 2048 1604 fugienda
2065 1527 2127 1586 est.
2154 1546 2162 1587 ·.

125 1614 409 1697 velsententiae,
436 1637 526 1706 quac
541 1612 708 1681 videntur
720 1631 892 1702 pugnare·
939 1603 1006 1673 Ul:
1034 1602 1102 1670 Re·
1253 1611 1310 1682 Sic
1338 1610 1442 1681 multi
1468 1606 1536 1681 hoc
1558 1625 1717 1705 tempore
1742 1626 2055 1706 argumentantur,
2087 1640 2129 1686 ac

124 1717 317 1787 mittuntur
339 1716 372 1786 ei
392 1716 524 1798 multa,
556 1713 639 1808 quia
662 1713 784 1781 dilexit
804 1710 967 1780 multum.
1027 1704 1103 1773 Hoc
1154 1713 1321 1783 iniuriam
1345 1712 1527 1784 doctrinae
1549 1716 1628 1807 piae
1652 1716 1802 1802 faciunt,
1843 1717 2034 1809 allegantes
2054 1742 2129 1788 non

126 1820 223 1891 dicto
246 1819 412 1889 videntur
436 1817 568 1886 remitti
598 1828 740 1908 peccata
767 1824 916 1906 propter
944 1806 1103 1903 dilectio-
1155 1841 1308 1887 causam,

125 1948 228 1993 nm:
255 1923 366 1992 altero
381 1934 527 2013 propter
542 1921 653 1989 iidem¹
662 1911 807 2013 (Mattb.
822 1914 859 1997 9,
871 1913 967 2006 22.):
999 1909 1103 1980 Fides
1265 1917 1389 1989 Cicero
1422 1919 1462 1987 in
1494 1918 1713 1989 defensione·
1729 1918 1876 1992 Milonis
1907 1920 2129 2007 deliberavit,

126 2038 186 2096 tua
202 2025 339 2096 salvam
359 2037 393 2094 te
413 2024 506 2094 iecit.
553 2021 649 2090 Haec
668 2032 751 2092 sunt
772 2018 873 2113 quasi
897 2011 1104 2108 pugnantia·
1155 2033 1234 2090 utra
1256 2044 1360 2091 causa
1393 2020 1530 2089 firmior
1556 2033 1660 2091 esset:
1695 2046 1742 2091 an
1770 2022 1800 2093 si
1829 2021 2022 2110 diceretur,
2054 2024 2128 2094 vim

127 2127 270 2222 Duplex
294 2127 389 2196 enim
413 2138 465 2195 est
485 2124 672 2195 absolutio.
728 2122 849 2191 Altera
872 2116 1103 2188 conscientiae
1155 2123 1191 2191 vi
1206 2124 1396 2215 depulisse3
1431 2147 1477 2193 an
1492 2148 1578 2193 vero
1592 2123 1623 2193 si
1637 2124 1830 2209 diceretur,
1855 2128 1908 2196 fas
1921 2151 1995 2197 esse
2019 2127 2130 2196 occidi

127 2255 252 2303 mrum
272 2229 371 2312 Deo,
412 2223 499 2297 haec
520 2227 666 2319 proprie
686 2227 726 2295 fil
747 2226 832 2293 fide:
870 2221 950 2290 ideo
973 2221 1016 2288 de
1037 2220 1104 2287 fide
1157 2227 1397 2296 turbulentum
1423 2226 1553 2310 civem,
1593 2238 1633 2296 ut
1653 2208 1757 2297 antea
1781 2223 2036 2327 Gracchugfl),
2068 2230 2131 2301 Sa.

125 2334 362 2405 concionatur
379 2327 558 2414 Christus,
583 2331 731 2422 loquens
745 2352 824 2395 cum
840 2323 1001 2393 muliere·
1045 2320 1104 2387 Al·
1155 2328 1375 2424 corninustt)
1409 2340 1444 2397 et
1472 2329 1533 2397 alii
1560 2327 1691 2400 similes
1719 2331 1895 2400 interfecti
1916 2344 2030 2403 erant.
2085 2330 2133 2402 Et

127 2450 203 2507 tera
218 2449 273 2505 est
294 2434 467 2504 absolutio
488 2432 647 2526 publica,
679 2454 769 2525 quae
789 2427 940 2521 requirit
961 2437 1102 2494 externa
1155 2430 1290 2502 Brutus·
1303 2429 1417 2521 magis
1439 2431 1605 2521 probavit
1625 2456 1765 2502 causam
1783 2433 2037 2524 posteriorem,
2061 2434 2132 2505 exi-

129 2538 333 2611 testimonia
356 2544 524 2628 operum,
559 2549 599 2605 ut
622 2530 807 2603 conversio
833 2530 880 2601 sit
909 2526 1106 2597 manifesta.
1157 2533 1380 2626 sfimavitqpe
1407 2531 1569 2603 Clodium
1589 2535 1746 2623 potuisse
1767 2533 1844 2605 iure
1865 2536 2032 2619 interfici,
2073 2562 2132 2607 ρο.

128 2640 214 2713 ldeo
244 2640 466 2712 dilectionem
497 2651 532 2707 et
562 2661 669 2730 opera
704 2642 960 2705 commemorat
986 2624 1106 2721 phari·
1158 2639 1238 2706 dem
1251 2636 1361 2706 modu
1376 2647 1417 2706 ut
1431 2629 1650 2720 Gracchum,
1681 2661 1744 2707 seu
1760 2650 1951 2730 tyrannum
1966 2639 2134 2733 aliquem.

131 2770 213 2817 saco
221 2744 282 2839 ⁶⁸).
333 2743 428 2811 Haec
443 2754 494 2811 cst
507 2742 655 2832 simplex
670 2752 705 2809 et
719 2738 824 2830 plana
840 2732 1036 2828 explicatio.
1158 2739 1279 2810 Cicero
1294 2738 1384 2807 vidit
1404 2733 1497 2807 hanc
1519 2761 1660 2808 causam
1681 2764 1756 2811 non
1780 2740 1866 2811 satis
1886 2742 2026 2810 firmam
2048 2764 2134 2825 ως,

231 2846 353 2917 Aliud:
391 2843 432 2914 ln
461 2845 639 2936 emptione
668 2841 877 2911 transfertur
907 2832 1107 2907 dominium
1158 2856 1194 2912 et
1207 2841 1333 2912 maluit
1348 2842 1401 2911 uti
1412 2839 1652 2932 probabiliore
1668 2855 1896 2933 argumento,
1921 2845 2019 2938 quod
2032 2843 2136 2913 liceat

133 2950 201 3031 ¹⁸13
238 2949 436 3019 (iminium
467 2961 586 3018 autem
618 2958 670 3016 0⁵1
693 2944 795 3036 plena
818 2943 966 3011 facultas
990 2936 1108 3027 disPO·
1157 2944 1308 3014 interfici
1335 2945 1512 3013 latronem
1535 2940 1854 3017 vim‘inierentem.
1917 2946 1987 3016 Sed
2015 2959 2135 3020 tamen

133 3052 243 3123 flendi
258 3055 303 3123 dt
316 3076 356 3122 10
371 3062 508 3143 effipia,
532 3063 568 3119 01
580 3072 660 3118 ⁶³¹ss
674 3044 873 3124 alienandi;
906 3055 943 3111 ὃῑ
963 3043 1002 3109 in
1023 3063 1107 3107 ⁶011·
1159 3062 1345 3142 postquam
1369 3072 1451 3117 usus
1479 3059 1531 3117 est
1559 3061 1786 3137 argumento,
1823 3047 1943 3118 adiicit
1984 3062 2020 3118 et
2039 3049 2135 3117 illam

134 3169 268 3239 tractu,
291 3155 330 3225 in
346 3179 418 3248 quo
434 3166 485 3224 est
498 3165 642 3245 pactum
657 3153 701 3220 de
716 3144 1010 3238 revendeudoffl),
1037 3165 1127 3210 em-·
1160 3152 1262 3245 quasi
1286 3173 1443 3219 causam:
1470 3150 1703 3244 quamobrem
1723 3151 1754 3221 si
1775 3164 1960 3222 cruentum
1981 3152 2136 3243 gladium

133 3274 216 3353 ptor
231 3283 307 3327 uon
320 3269 437 3350 potest
452 3256 605 3325 alienare
618 3278 694 3322 rem
708 3264 881 3343 emptam:
915 3273 998 3338 crgo
1014 3245 1110 3313 vide·
1162 3266 1283 3323 tenens
1306 3252 1475 3323 clamaret
1496 3252 1599 3322 Titus
1619 3252 1757 3323 Annius
1768 3251 1834 3348 ⁶⁸):
1866 3253 2034 3324 Publium
2056 3253 2138 3324 Clo-

135 3376 192 3433 iur
207 3386 277 3431 net
298 3384 381 3431 veta
404 3360 536 3450 θῐῐψῐὶθ
558 3381 647 3439 ⁰⁸⁸⁰·
684 3380 749 3424 ¹¹⁶⁶
775 3353 974 3422 dominium
997 3364 1109 3419 trans·
1162 3359 1259 3426 dium
1274 3355 1451 3439 ulteriori,
1478 3354 1551 3425 eius
1565 3356 1721 3438 furores,
1747 3381 1836 3450 quos
1849 3357 1956 3429 nullis
1970 3356 2042 3425 iam
2053 3355 2137 3448 legi-

136 3466 232 3537 ierri.
383 3465 385 3469 ’
1161 3461 1247 3545 bus,
1273 3457 1378 3526 nullis
1392 3457 1529 3527 iudiciis
1548 3458 1688 3527 frenare
1704 3470 1929 3548 poteramus,
1953 3455 2021 3529 hoc
2041 3461 2135 3529 ferro

234 3566 332 3636 Haec
347 3563 497 3633 obiectio
512 3562 613 3655 quasi
628 3582 789 3651 pugnans
811 3568 862 3625 est
882 3580 963 3653 cnm
983 3565 1109 3621 natura
1162 3575 1197 3631 et
1212 3556 1278 3629 hac
1292 3562 1415 3629 dextra
1433 3584 1451 3627 a
1470 3559 1661 3628 cervicibus
1678 3559 1812 3650 repuli,
1838 3573 1903 3632 epe,

137 3669 299 3741 dominii.
350 3667 443 3737 Nam
460 3690 499 3734 re
519 3689 603 3733 vera
627 3687 701 3732 non
722 3672 875 3753 pugnat,
900 3657 981 3751 quia
998 3654 1111 3725 domi-

137 3775 239 3844 nium
266 3783 320 3842 est
345 3768 492 3840 facrrltas
516 3769 559 3837 de
580 3763 790 3856 repropria
812 3759 1024 3854 disponendi
1044 3755 1112 3825 nisi

138 3889 312 3971 quantum
334 3872 500 3943 dominus
522 3870 715 3962 impeditur
736 3866 889 3958 legibus,
925 3874 987 3933 aut
1010 3860 1113 3931 licitis

1265 3699 1370 3782 Quasi
1384 3691 1547 3795 effictus]
1573 3695 1717 3770 Vicinus
1733 3696 1831 3767 locus
1855 3708 1924 3780 est,
1960 3709 1996 3765 et
2018 3720 2059 3768 ex
2081 3721 2138 3767 su-

1163 3798 1298 3894 periori
1321 3799 1424 3867 facile
1449 3798 1599 3890 intelligi
1625 3811 1752 3891 potest.
1822 3798 1873 3870 Ut
1906 3799 2001 3869 enim
2031 3821 2139 3891 supra

1166 3926 1289 3973 causae
1308 3925 1374 3995 per
1394 3902 1553 3972 accidens
1574 3902 1717 3994 allegari
1739 3913 1905 3993 possunt,
1940 3913 2023 3972 sunt
2043 3900 2137 3969 enim

136 3993 259 4071 ΡΜ·
1166 4004 1268 4100 quasi
1285 4028 1425 4075 causae:
1457 4005 1506 4073 ita
1521 4001 1578 4074 hic
1592 4030 1635 4074 ex
1649 4005 1846 4088 effectibus,
1879 4004 1941 4097 qui
1961 4026 2025 4095 per
2051 4002 2139 4071 acci·

237 4076 352 4174 Quasi
379 4073 573 4169 pugnantia
595 4078 694 4143 sunt:
737 4071 922 4163 Quaedam
946 4066 1114 4138 constitu·
1150 4114 1153 4121 ,

141 4185 253 4255 tiones
270 4180 462 4252 admittunt
474 4178 529 4246 ius
544 4174 760 4265 suffragandi
777 4173 894 4255 laicis,
919 4172 957 4239 in
977 4168 1115 4240 iudiciis

141 4290 376 4382 synodorum
418 4281 508 4351 aliae
539 4277 808 4348 constitutiones
837 4275 1035 4343 concedunt
1061 4271 1114 4340 ius

141 4387 357 4479 suffragandi
375 4384 486 4454 laicis.

238 4492 311 4562 Sed
328 4485 415 4559 haec
434 4487 483 4563 ila
499 4479 757 4553 conciliantur:
790 4477 889 4548 Laici
909 4474 1041 4548 hubent
1063 4477 1115 4547 ius
1197 4495 1380 4562 56))151ιιιιι
1398 4520 1432 4531 -
1450 4491 1593 4555 pertinet]
1617 4490 1657 4540 sic
1679 4489 1708 4539 tu
1730 4491 1781 4540 too
1803 4488 1951 4540 corruent.
1975 4488 2024 4540 tlte
2051 4499 2139 4540 oroou

143 4594 357 4687 suffragandi
369 4591 407 4659 in
427 4585 674 4658 controversiis
690 4586 915 4672 dogmatum,
940 4606 1002 4650 seu
1023 4579 1116 4662 fidei,
1236 4565 1374 4619 teretur,
1392 4560 1617 4643 uiolentiorem
1636 4558 1903 4609 suttouoscverur
1926 4557 2048 4609 exbibet:
2072 4558 2138 4607 uut-

1234 4647 1298 4684 nam
1315 4632 1441 4695 legtstrs,
1471 4632 1650 4691 imperotores
1672 4630 1864 4677 antecessores
1881 4628 1994 4676 vestros
2015 4626 2138 4689 synode.

144 4701 230 4770 sicut
254 4699 348 4767 clare
373 4694 456 4763 dicit
479 4703 590 4760 textus
617 4685 844 4776 nonagesima
871 4696 966 4753 sexta
994 4683 1116 4752 distin-
1233 4705 1305 4753 tuus
1322 4700 1501 4749 cernentibus
1518 4697 1694 4759 interfuisse,
1722 4697 1777 4747 uest
1799 4696 1918 4746 forstero
1943 4695 1972 4753 tp
1993 4696 2089 4758 quitos
2107 4695 2140 4745 ue

144 4801 332 4898 ώοῃθωγ
372 4796 527 4865 Ubinam
556 4791 685 4882 legistis
715 4789 946 4879 memores
974 4785 1117 4865 synodis
1235 4772 1288 4821 fide
1306 4772 1453 4821 tractatum
1476 4772 1536 4831 est,
1566 4778 1635 4830 ques
1656 4765 1824 4815 universalis
1846 4766 1906 4826 est,
1935 4774 2004 4827 puae
2025 4754 2141 4815 omniun

992 4865 1001 4877 ·
1236 4837 1384 4889 communis
1401 4840 1461 4901 est,
1480 4847 1547 4899 quse
1563 4846 1618 4884 non
1636 4835 1724 4884 solun
1741 4834 1775 4883 sd
1792 4833 1924 4891 olerloos,
1945 4838 2040 4881 veru!
2059 4831 2141 4882 etun

145 4905 361 4985 interfuisse,
386 4899 454 4969 nisi
471 4898 561 4966 forie
586 4896 623 4962 in
646 4888 873 4987 quibusdum,
904 4888 964 4958 ubi
988 4890 1029 4956 tie
1050 4888 1117 4955 fille
1236 4908 1271 4958 cd
1289 4907 1374 4957 laicos
1392 4907 1472 4955 etad
1489 4917 1582 4956 omues
1602 4905 1709 4954 omntno
1726 4903 1845 4967 pertinet
1862 4894 2055 4954 cmtsuooost

1203 5007 1251 5073 57)
1270 5009 1347 5060 eost.
1365 5019 1450 5070 supra
1467 5022 1492 5070 p.
1505 5006 1564 5059 887.
1587 5010 1652 5057 uota
1663 5006 1705 5058 23.

176 5116 226 5193 R)
243 5118 295 5169 liis
313 5117 405 5169 verbis
424 5117 472 5167 ille
490 5117 534 5165 lex
552 5115 652 5163 finitur.
1203 5113 1251 5178 58)
1269 5115 1300 5164 Ιι.
1319 5113 1468 5174 Appuleius
1486 5110 1650 5160 Srtornlnus
1668 5107 1894 5169 tribunusplebis
1918 5118 1975 5154 cum
1995 5106 2024 5157 0.
2044 5107 2140 5156 Servi-

176 5207 226 5265 6³)
242 5206 306 5255 buc,
324 5205 365 5265 ιο,
383 5202 417 5254 27
431 5215 488 5264 sqq,
1240 5182 1277 5231 lio
1298 5181 1411 5232 Glaucta
1433 5183 1560 5242 praetore
1576 5180 1662 5229 Murio
1686 5184 1713 5227 et
1737 5179 1834 5227 Flacco
1857 5175 2012 5224 'consutitms
2037 5185 2063 5224 u.
2078 5188 2104 5222 n.
2117 5188 2140 5225 c.

176 5288 227 5354 u)
244 5290 324 5341 cm
343 5298 428 5351 supr·
444 5301 471 5350 p·
486 5286 535 5335 ¹30
547 5297 605 5346 ΜΝ.
626 5282 678 5333 250
693 5295 751 5345 ’qq'
898 5260 905 5271 '
1238 5251 1298 5300 655.
1318 5249 1424 5311 publlce
1442 5252 1486 5298 cst
1501 5248 1678 5303 tnurteotos.
1695 5247 1749 5295 vid.
1763 5246 1817 5296 Cic.
1830 5246 1904 5293 Brut.
1912 5243 1956 5299 oe,
1967 5243 2027 5293 m.
2047 5245 2141 5301 (liunt.

175 5378 228 5435 u)
244 5375 359 5427 mog,
370 5372 495 5424 Gratiani
511 5371 542 5420 p·
557 5369 578 5419 Ι.
596 5368 666 5417 Μ
677 5367 774 5421 xm
792 5381 818 5420 θ.
830 5369 855 5417 4.
882 5366 977 5425 (com.
997 5361 1048 5411 Μ.
1066 5371 1113 5411 ω.
1243 5319 1339 5370 orettti
1358 5322 1384 5367 et
1401 5318 1503 5367 notterl
1521 5306 1794 5381 Onomast'rullteo.
1814 5312 1842 5364 P.
1858 5311 1891 5361 11.
1909 5326 1933 5373 p.
1946 5312 2009 5376 59).

215 5456 280 5495 ooo.
300 5443 341 5494 sd.
360 5444 472 5491 ttictter
490 5441 521 5490 Ρ.
532 5440 554 5489 l.
572 5452 598 5498 p.
610 5438 696 5492 589.)
1207 5421 1256 5483 59)
1273 5421 1349 5473 ritus
1365 5420 1470 5471 Aunios
1486 5419 1561 5470 Milo.

151 5531 331 5593 ursas-su.
354 5528 459 5589 Oeen.
483 5524 565 5587 Vol..
588 5519 677 5581 XVI.
1592 5484 1642 5557 54

1165 4110 1251 4178 dens
1272 4119 1486 4201 sequuntur,
1523 4109 1566 4177 de
1590 4133 1693 4178 causa
1713 4106 1918 4175 ratiocinari
1941 4128 2139 4196 possumus,

1163 4224 1221 4282 ut:
1248 4208 1288 4279 ln
1304 4209 1437 4302 politiis
1452 4211 1563 4280 multa
1580 4211 1742 4280 accidunt
1755 4220 1891 4290 errata,
1918 4207 2026 4277 multa
2049 4207 2138 4276 liunt
