4544 5766
120 204 218 309 nas
690 196 814 274 raro.
835 166 961 271 1111.
996 191 1196 269 sonora
1228 190 1565 270 rmoococrcc
1619 250 1623 257 .
1839 261 1843 267 .
2035 188 2129 269 rect

122 410 166 456 ne
196 384 403 454 clcmentiae
430 381 573 451 laudem
607 375 761 445 amittas.
874 374 1027 458 Quid‘tu
1058 370 1100 439 cte
1152 368 1285 438 scilicet
1313 367 1486 441 Deiotaro
1516 372 1723 444 faventium.
1828 361 2013 464 Beneficia]
2058 365 2129 433 Cir-

120 483 217 586 repe]
259 486 367 556 Ratio
399 477 622 555 inversionis.
746 470 922 571 iudicare]
969 469 1103 542 scilicet
1150 472 1363 541 cumstantia
1383 474 1657 559 beneficiorum,
1691 473 1849 570 quaein
1879 496 1998 563 regem
2026 467 2130 536 licio-

124 589 370 684 pronuntiarc.
1152 587 1270 644 mrum
1297 575 1451 667 populus
1474 576 1659 649 Romanus
1679 579 1895 648 contulisset.
2001 563 2130 664 Oratio]

226 688 257 782 ἓ.
283 688 319 763 5.
345 682 505 785 Mooeor]
530 685 662 776 Captat
685 678 793 749 etiam
815 675 1102 745 benevolentiam
1152 677 1284 747 scilicet
1304 679 1452 749 facultas
1475 679 1628 751 dicendi.

125 794 256 868 aloco.
357 787 462 889 Loci]
502 787 633 860 scilicet
659 782 742 878 quia
776 777 913 846 inloto
941 779 1103 849 solebant
1255 775 1287 869 §.
1311 780 1347 852 7.
1380 777 1487 880 Quae]
1522 781 1654 853 scilicet
1683 781 1742 849 illa
1775 781 1909 850 omnia,
2013 781 2130 865 Ama.

125 896 182 989 agi
199 919 336 965 causae.
411 886 564 988 Quaado]
591 885 722 959 scilicet
738 891 872 978 quanta
890 904 994 953 causa
1011 905 1103 951 nun·
1153 875 1276 978 ctiora]
1319 883 1451 955 scilicet
1486 885 1738 955 contractiora.
1849 875 1963 978 Actio]
2003 878 2131 949 scilicet

126 1023 234 1096 qnam
250 996 441 1092 ullam¹⁹²)
458 991 607 1062 venitin
626 982 917 1066 controversiam,
946 986 1029 1078 quia
1049 995 1102 1052 est
1154 984 1318 1054 tractatio
1349 1010 1486 1059 causae.
1587 979 1813 1083 Debilitatem]
1853 987 1990 1065 idest,
2024 978 2131 1071 repri-

126 1127 228 1172 causa
245 1099 354 1190 regio.
430 1087 657 1190 Domesticos]
684 1088 815 1160 scilicet
828 1087 976 1156 domum
993 1100 1104 1156 tuam.
1155 1085 1276 1157 mitur.
1393 1094 1501 1161 litum
1530 1086 1597 1189 est]
1637 1088 1845 1160 Conclusio:
1884 1085 1981 1177 Ergo
2015 1081 2133 1151 audies

127 1197 328 1299 aratorum]
353 1198 486 1272 scilicet
502 1209 750 1289 patronorum.
801 1185 852 1258 lta
871 1189 965 1257 cuim
982 1201 1104 1257 orator
1156 1189 1323 1262 studiose.
1428 1189 1553 1292 Titum]
1587 1196 1725 1274 idest,
1757 1190 1911 1283 pertinet
1941 1190 2068 1269 adte,
2100 1208 2134 1252 es

126 1306 231 1390 dicit,
258 1318 297 1372 ut
319 1327 392 1372 non
416 1313 555 1371 tantum
577 1295 706 1378 iudici,
740 1294 801 1362 sed
825 1289 933 1361 ctiam
956 1290 1105 1360 circum·
1156 1291 1221 1359 wil
1253 1292 1311 1362 dir
1340 1293 1509 1383 gebiireu.
1610 1291 1728 1393 Nunc]
1761 1293 1892 1364 scilicet
1922 1314 2003 1361 curn
2032 1312 2133 1377 agam

127 1406 224 1478 lusae
248 1404 467 1475 multitudini
487 1401 572 1471 velit
595 1396 762 1492 probari,
800 1395 897 1488 quod
922 1395 985 1465 ubi
1015 1393 1105 1462 obti-
1156 1396 1289 1463 nonin
1312 1395 1405 1479 loro,
1428 1398 1548 1468 sedin
1571 1411 1630 1467 tua
1656 1399 1777 1466 domo.
1881 1399 1937 1465 Ad
1955 1406 1989 1463 tc
2011 1397 2116 1481 iprum

127 1512 265 1592 nucrit,
298 1509 343 1577 dc
372 1532 475 1577 emisa
504 1530 567 1576 sua
589 1504 679 1572 bene
704 1509 834 1591 sperat.
884 1496 978 1568 Nam
1001 1495 1107 1566 iudex
1157 1496 1194 1564 id
1217 1510 1287 1581 cst,
1321 1499 1365 1567 de
1395 1511 1429 1568 te
1457 1502 1696 1570 coniecturam
1729 1501 1856 1569 facere.
1980 1495 2121 1582 liesca-rc

128 1638 203 1683 uon
231 1625 364 1681 temere
394 1621 517 1679 contra
546 1607 734 1698 probatam
764 1599 871 1690 vulgo
895 1600 1105 1670 sententiam
1159 1599 1280 1683 idest,
1312 1613 1390 1670 ate
1407 1603 1606 1694 exemplum
1624 1601 1737 1695 coepi,
1764 1599 1993 1695 quasidicat:
2021 1594 2133 1662 Facile

129 1715 350 1809 pronuntiat.
451 1715 500 1782 At
520 1713 649 1803 quiesco
662 1700 726 1801 18)]
755 1703 791 1771 id
814 1714 883 1785 est,
908 1727 952 1774 ex
974 1714 1008 1770 tc
1030 1701 1106 1772 solo
1158 1726 1223 1794 per
1243 1716 1278 1773 te
1298 1714 1400 1794 potes
1430 1707 1636 1790 aestimare,
1670 1702 1756 1774 milri
1781 1727 1876 1772 uunc
1894 1724 1971 1769 non
1996 1711 2132 1766 tanturn

129 1821 280 1911 pendeo.
361 1808 490 1910 utinm]
516 1811 648 1881 scilicet
662 1807 878 1896 litigatorem
894 1817 929 1874 ct
943 1804 1108 1874 iudicem.
1160 1829 1233 1875 essc
1261 1805 1391 1889 animi,
1425 1809 1553 1899 agendi
1585 1809 1623 1876 in
1654 1822 1714 1878 tua
1745 1808 1874 1888 domo,
1905 1814 2082 1897 quantum
2109 1798 2134 1867 si

131 1924 223 2009 onae
251 1914 356 2015 milti]
399 1913 601 1985 Correctio:
634 1911 703 1982 Sed
725 1921 845 1977 tamen
870 1931 935 1998 ego
966 1932 1107 1978 causam
1160 1931 1300 1996 agerem
1333 1908 1371 1975 in
1404 1910 1496 1981 foro.
1571 1911 1772 2005 Antequam
1813 1917 2009 1978 sectaretur
2035 1901 2133 1981 bella,

129 2023 247 2093 minus
270 2023 359 2090 benc
382 2042 524 2111 possum
543 2015 671 2086 dicere.
722 2008 948 2100 Disceptator
963 2010 1108 2102 proprie
1159 2010 1296 2080 solebat
1324 2023 1516 2102 patronum
1547 2037 1651 2104 agere
1680 2014 1717 2082 in
1741 2014 1834 2082 foro.
1957 1997 2132 2100 Aequitas]

131 2126 305 2217 significat
335 2121 529 2203 arbitrum,
566 2119 628 2189 sed
661 2128 781 2185 tamen
821 2112 928 2181 etiam
957 2113 1109 2183 sumitur
1160 2112 1288 2194 idest,
1312 2112 1533 2206 benignitas,
1559 2116 1720 2187 remissio
1745 2115 1843 2184 iuris.
1894 2111 1949 2180 De
1970 2106 2040 2179 hac
2064 2107 2133 2198 pul-

131 2252 198 2320 pro
232 2226 358 2295 iudice.
407 2221 516 2293 ludex
544 2234 596 2292 cst
624 2214 837 2290 ordinarius.
888 2213 1031 2285 Arbiter
1059 2228 1111 2285 cst
1160 2210 1243 2283 chre
1270 2215 1430 2308 loquitur
1459 2219 1582 2287 Cicero
1619 2220 1657 2288 in
1683 2217 1846 2288 oratione
1880 2239 1944 2304 pro
1975 2211 2132 2281 Murena.

133 2325 453 2408 extraordinarius,
488 2326 616 2401 electus
647 2347 666 2390 a
696 2317 875 2411 partibus,
910 2318 969 2386 ein
990 2313 1110 2389 Schie·
1161 2313 1349 2415 Audendi]
1382 2320 1514 2391 scilicet
1537 2345 1607 2392 me.
1708 2307 2019 2410 Perturbcdioncm]
2051 2311 2133 2382 scili-

134 2436 291 2504 desman.
369 2422 596 2522 manissime]
624 2424 662 2494 id
678 2433 741 2504 est,
761 2420 908 2489 maximi
924 2421 1110 2490 momenti.
1161 2432 1302 2512 cetqua
1318 2416 1376 2489 hic
1392 2446 1498 2514 agens
1514 2423 1774 2505 varieafficior.
1857 2425 1927 2492 Sed
1945 2407 2132 2510 asclepam]

134 2529 285 2632 Motum]
311 2532 441 2602 scilicet
463 2530 644 2610 allectum,
670 2522 771 2619 quasi
791 2523 900 2592 dicat:
927 2523 1010 2595 Non
1035 2536 1110 2592 tam
1162 2521 1341 2613 Repetitio
1364 2527 1513 2598 cxordii.

134 2661 301 2719 moveor,
328 2661 406 2705 curn
429 2633 525 2711 solus
548 2643 663 2701 tecum
685 2650 772 2717 ago,
797 2649 905 2719 quam
921 2626 952 2696 si
968 2650 1110 2718 agerem
1263 2623 1360 2694 Haec
1381 2629 1497 2699 oratio
1526 2652 1593 2720 pro
1624 2652 1705 2719 rege
1730 2625 1902 2695 Deiotaro
1933 2616 2135 2689 nonhabet

134 2741 295 2837 pluribus
333 2736 544 2807 videntibus.
644 2723 825 2824 Impetum]
864 2728 996 2798 scilicet
1026 2728 1112 2799 vim.
1163 2739 1236 2795 tarn
1268 2727 1367 2796 varia
1398 2732 1564 2816 consilia,
1604 2730 1905 2826 quemadmodum
1938 2722 2135 2813 Ligariana,

135 2839 298 2941 Leviora]
324 2840 455 2912 scilicet
475 2834 626 2906 minoris
645 2830 826 2924 ponderis.
1163 2829 1243 2898 ideo
1268 2843 1321 2900 cst
1335 2832 1448 2906 facilis
1470 2849 1504 2905 ct
1524 2835 1643 2926 plana.
1692 2829 1897 2924 Propositio
1922 2826 2061 2896 exordii
2081 2820 2136 2892 ba·

140 3030 143 3035 ,
239 2941 270 3036 §.
301 2943 335 3013 6.
377 2947 419 3015 st
448 2945 487 3011 in
514 2933 610 3034 foro]
649 2934 781 3005 scilicet
808 2930 871 3000 ubi
901 2932 957 3022 agi
986 2955 1112 3001 causac
1163 2933 1223 3001 bet
1249 2933 1429 3026 querelam
1462 2935 1682 3029 indignitatis
1712 2948 1746 3004 et
1776 2933 1926 3002 aliarum
1958 2927 2136 2998 dilliculta·

136 3058 404 3120 consucverant.
452 3032 686 3135 Disceptoutc]
712 3035 842 3105 scilicet
865 3033 997 3116 iudice,
1022 3033 1113 3103 iudi·
1163 3046 1262 3120 tum,
1295 3039 1533 3129 quasidic212
1567 3039 1690 3109 Multis
1721 3032 1987 3106 difficultatibus
2017 3031 2055 3099 in
2076 3025 2137 3100 hae

137 3152 230 3221 cium
249 3160 443 3230 exercente,
454 3143 646 3225 iudicante,
657 3142 862 3208 disserente.
907 3135 1113 3228 Disceptare
1165 3160 1269 3207 causa
1300 3144 1502 3231 perturbor.
1577 3141 1698 3213 Prima
1730 3137 1917 3210 difficultas
1943 3147 2014 3205 est:
2053 3133 2136 3202 Dico

138 3267 189 3323 cst
212 3253 289 3323 iurc
311 3249 535 3319 contendere.
585 3242 638 3315 lta
657 3240 751 3310 ratio
772 3239 912 3308 ratione
927 3240 1114 3308 confirma·
1164 3263 1231 3331 pro
1256 3264 1339 3333 rege
1360 3243 1399 3313 in
1422 3245 1554 3315 iudicio
1577 3243 1738 3337 capitali,
1765 3242 1862 3337 quod
1884 3251 1936 3309 est
1957 3262 2093 3307 novum
2107 3245 2138 3302 et

139 3371 208 3427 tur.
310 3357 393 3439 θυῖε
404 3342 511 3445 etaim]
536 3348 631 3421 Nam
643 3355 833 3437 postquam
851 3366 924 3412 esse
938 3343 976 3412 in
992 3341 1114 3412 castris
1165 3342 1378 3417 inauditum.
1445 3347 1589 3420 Novum
1620 3347 1714 3417 enim
1747 3357 1799 3415 est
1824 3341 1982 3411 accusari
2011 3362 2138 3429 regem,

137 3457 255 3552 potuit
279 3480 344 3548 per
372 3464 544 3534 aetatem,
574 3445 750 3521 Romanis
781 3445 819 3512 in
841 3445 944 3531 Asia,
976 3444 1115 3537 Cappa·
1166 3469 1246 3514 cum
1277 3447 1323 3517 sit
1348 3445 1591 3547 αὐτοκράτωρ
1605 3448 1664 3546 ¹⁸).
1714 3447 1825 3538 Regia
1862 3443 1960 3514 enirn
1989 3454 2138 3536 potestas

138 3561 262 3643 docio,
301 3559 439 3640 Ponto,
478 3553 621 3639 Cilicia,
659 3547 761 3642 Syria
789 3547 882 3617 bella
913 3549 1115 3640 gerentibus
1166 3559 1218 3618 cst
1240 3544 1484 3648 ἀνυπευθύνη
1499 3552 1564 3650 ¹⁷),
1590 3549 1659 3623 huc
1681 3564 1748 3634 est,
1776 3571 1866 3644 quae
1883 3547 2017 3618 mdlius
2037 3542 2139 3617 subii-

139 3685 277 3755 semper
299 3659 412 3729 alluit.
514 3650 573 3753 Ei]
599 3648 924 3727 scilicetDciotaro.
1027 3654 1116 3723 Gou-
1167 3649 1425 3741 cituriudicio,
1469 3655 1630 3727 Secunda
1653 3668 1704 3724 cst
1724 3653 1927 3722 dillicultas:
1952 3650 2137 3740 Indignum

137 3759 318 3861 sumptam]
352 3762 483 3843 idest,
514 3759 727 3838 conlectam,
760 3753 861 3847 quasi
888 3752 997 3823 dicat:
1031 3751 1116 3824 Non
1167 3764 1237 3837 est,
1277 3757 1375 3849 quod
1403 3782 1465 3826 rex
1492 3771 1673 3829 accusetur
1704 3781 1723 3825 a
1752 3767 1883 3846 nepotc
1914 3765 1950 3821 et
1981 3779 2002 3823 a
2028 3774 2138 3824 servo.

139 3880 218 3954 erait
231 3867 330 3938 senio
349 3863 539 3932 conlectus.
642 3859 745 3930 uaria
754 3850 818 3953 14)]
844 3856 981 3934 scilicet,
990 3856 1028 3926 in
1044 3880 1114 3950 qua
1166 3853 1308 3927 Tertia:
1352 3857 1465 3930 Causa
1499 3861 1628 3931 dicitur
1660 3860 1754 3952 apud
1793 3860 1909 3948 ipsum
1942 3857 2139 3928 Caesarem,

140 3986 176 4043 et
198 3970 308 4040 multa
335 3980 370 4037 ct
389 3961 588 4034 honorifica
614 3963 754 4030 decreta
786 3960 828 4027 de
850 3983 892 4027 co
915 3960 1008 4029 sacta
1032 3971 1115 4028 sunt
1167 3961 1230 4058 qui
1250 3960 1297 4031 sit
1317 3959 1435 4045 iudex,
1460 3974 1495 4031 et
1518 3963 1580 4058 qui
1599 3964 1645 4034 sit
1669 3975 1780 4045 actor,
1805 3956 1873 4029 hoc
1890 3971 1953 4044 est,
1976 3961 2022 4028 ad
2038 3979 2137 4052 quem

139 4101 157 4145 θ
180 4087 317 4144 senatu·
368 4067 475 4139 Curia
497 4065 596 4136 l⁰clls
620 4074 690 4144 est,
723 4058 763 4127 in
792 4084 864 4154 quo
893 4085 997 4151 agere
1026 4062 1116 4133 solet
1166 4091 1222 4136 res
1240 4062 1393 4132 maxime
1409 4065 1605 4156 pertineat,
1637 4077 1672 4133 ct
1691 4065 1889 4134 timendum
1913 4075 1985 4147 est,
2010 4086 2059 4130 ne
2078 4052 2139 4129 sibi

138 4187 293 4250 senalus·
404 4163 543 4266 F0Wm]
580 4164 712 4239 Scilicet
744 4160 782 4229 3¹¹
814 4188 885 4257 ‘11¹⁰
913 4189 1017 4256 saepe
1047 4189 1114 4255 p1'0
1166 4170 1213 4241 sit
1241 4168 1380 4236 foturus
1409 4169 1576 4262 aequior,
1617 4192 1725 4262 quarm
1756 4167 1974 4237 adversario.
2036 4159 2140 4232 addit

139 4279 269 4350 Virtute
291 4276 455 4345 laudatus
479 4283 543 4341 ⁰⁸1·
645 4259 792 4363 coelom]
826 4264 958 4336 scilicet
981 4267 1019 4337 in
1042 4292 1114 4361 quo
1167 4284 1284 4342 autem
1307 4271 1581 4341 correctionem:
1613 4270 1690 4339 lloc
1716 4282 1807 4340 esset
1833 4269 1978 4365 quidem
2007 4266 2047 4335 in
2070 4261 2140 4335 aliis

139 4378 247 4451 babet
271 4388 473 4472 praesentes
502 4371 611 4443 Deos.
686 4367 982 4459 Religiosissimus
1020 4368 1114 4438 enim
1166 4373 1326 4460 difficile,
1353 4375 1448 4468 apud
1473 4387 1507 4443 te
1532 4386 1650 4443 autem
1667 4369 1758 4442 nibil
1781 4387 1832 4443 est
1846 4369 2019 4465 periculi,
2060 4363 2137 4464 quia

141 4508 203 4554 Μ
224 4496 277 4554 ‘Sl
297 4481 507 4562 Βθῑῡῑὸΐῦδ,
533 4490 569 4546 ei
589 4472 750 4543 D0⁰P¹1¹¹¹
774 4472 1115 4544 ohseftlffllfisslsslus·
1166 4474 1257 4549 nibil
1278 4477 1441 4573 iniquum
1464 4490 1615 4560 statues,
1639 4502 1715 4546 non
1738 4479 1791 4549 ris
1814 4474 1952 4546 traduci
1972 4487 2138 4569 tauquam

139 4587 234 4660 Nam
252 4582 343 4652 mim
366 4580 569 4653 scribuntur
590 4578 634 4646 de
663 4574 737 4646 ‘51¹⁵
769 4574 954 4666 ΓθῙῖἕῖθῦθ·
1016 4570 1116 4646 Nihil
1166 4580 1276 4653 homo
1298 4580 1385 4652 levis
1410 4593 1444 4651 ct
1465 4579 1633 4662 iniustus,
1667 4604 1741 4649 non
1772 4579 1976 4652 succumbes
1996 4577 2074 4647 istis
2095 4575 2138 4641 al

139 4709 301 4785 uuquam
324 4685 458 4776 ⁶⁰⁰Pils
491 4681 560 4752 nisi
591 4678 691 4772 Prius
720 4677 889 4748 0011sultis
912 4676 1116 4770 auguribus.
1166 4684 1324 4755 lectibus.
1401 4684 1554 4778 Quarta:
1599 4681 1722 4753 Movet
1747 4709 1805 4753 me
1844 4679 2036 4751 insolentia
2065 4674 2138 4748 loci.

140 4784 353 4866 0b⁸0¹V³Vll
382 4786 500 4854 avium
532 4783 696 4876 gastim&
745 4778 866 4850 illudit
895 4776 978 4851 huic
1008 4779 1117 4850 Delo·
1166 4787 1235 4860 Ista
1259 4786 1397 4857 addidit
1419 4799 1578 4866 tanturn,
1608 4799 1649 4855 ut
1677 4786 1792 4857 oratio
1822 4786 1884 4854 fiat
1910 4783 2076 4868 uberior,
2105 4793 2139 4851 ut

139 4913 218 4969 taro
236 4893 309 4965 Cic·
325 4890 361 4958 ln
376 4893 413 4963 2·
428 4887 490 4959 lib·
506 4889 550 4956 de
563 4883 781 4957 divinatione
790 4882 849 4979 ¹⁶).
948 4878 1115 4982 Deorum]
1167 4891 1317 4985 speciem
1350 4914 1489 4983 pugnae
1524 4882 1704 4973 exhibeat,
1737 4888 1826 4960 sicut
1854 4884 2036 4957 Antonius
2064 4882 2139 4957 dicit

143 5033 348 5056 ----
1168 4996 1263 5088 apud
1286 4993 1512 5076 Ciceronem,
1538 4992 1678 5062 tametsi
1692 4986 1780 5061 baec
1802 4990 2049 5084 aliquomodo
2066 5010 2139 5058 cou-

173 5095 240 5165 ¹²¹)
258 5093 356 5154 uum]
373 5089 423 5143 m
439 5086 515 5140 Μ’
533 5085 599 5138 ⁰¹¹⁸·
1168 5099 1465 5179 cilicntfavorcm,
1478 5118 1644 5186 inagnum
1654 5119 1727 5165 cssc
1737 5095 1827 5186 regis
1838 5092 2138 5163 existimationem.

174 5187 221 5243 111)
237 5183 275 5236 At
292 5178 420 5246 quince]
439 5172 480 5225 sle
496 5170 546 5226 tto
566 5170 658 5233 1666.;
675 5169 725 5221 Ed.
742 5166 830 5221 orell.
846 5167 1007 5232 acquiesco.

174 5268 346 5330 1110111111]
371 5264 411 5315 sic
433 5261 482 5311 ltd.
510 5255 601 5320 tanen
627 5256 699 5320 opud
721 5255 880 5307 Ciceronem
904 5255 929 5303 tr.
953 5254 972 5303 1.
997 5254 1115 5320 tegitur:

208 5338 331 5390 curtam.
1203 5317 1250 5377 16)
1270 5308 1460 5380 αὐτοκράτωρ]
1480 5313 1526 5362 co.
1547 5312 1621 5361 1168.
1639 5323 1736 5362 errore
1753 5317 1863 5375 typogr.
1882 5298 2071 5372 «immilem.

177 5425 225 5487 16)
242 5421 299 5477 cte.
316 5419 350 5472 dc
367 5414 458 5469 otvto.
474 5413 516 5480 11,
533 5410 569 5465 17
575 5444 583 5478 ,
601 5409 643 5463 711.
1203 5403 1250 5463 17)
1269 5395 1463 5462 deonanti-ra]
1481 5400 1532 5449 Ed.
1552 5398 1627 5450 1666
1643 5399 1788 5461 coemptos
1804 5385 1990 5458 «innectier.
