4544 5766
10 200 45 271 *1³
74 221 228 355 ,tanos

1 640 24 689 1
59 686 67 701 .

15 730 20 761 1

48 38 85 105 lle

130 110 155 149 ᾧ

691 225 813 298 PlllL.
845 226 957 298 Mul..
990 218 1191 297 SCRIPTA
1222 215 1556 293 PHILOLOGlCA.

2042 208 2147 280 1096

29 374 223 489 ‚isigillius
247 398 469 468 orationihus
493 398 601 466 ctiam
624 398 797 495 Fabius⁰)
819 400 897 468 loca
921 395 1112 496 illustria⁷)
1163 390 1316 460 liaritate
1347 393 1555 464 coniunctus
1584 405 1670 463 erat.
1734 388 1923 458 Transfert
1952 407 2038 474 ergo
2069 406 2144 450 rem

1 567 2 578 ,
27 580 44 603 .
130 499 225 619 qitat.
276 499 358 593 Egit
383 501 520 570 Romae
551 501 681 573 multas
706 516 740 573 et
760 527 909 594 magnas
933 525 1054 572 causas
1069 498 1113 598 ⁸).

495 666 751 743 Exordium.

232 801 428 873 Exordium
444 798 532 888 hoc,
559 805 607 873 ita
621 818 661 874 ut
684 818 719 874 et
735 805 805 875 alia
828 809 971 877 exordia
988 810 1114 894 solent,

130 917 248 996 potest
280 909 542 998 propemodum
580 908 686 976 avelli
720 933 740 977 a
774 909 912 1004 reliqua
940 912 1114 983 oratione.

132 1007 223 1076 Sunt
245 1022 363 1079 autem
385 1009 614 1080 exordiorum
638 1010 727 1095 loci,
758 1013 1029 1098 benevolentia,
1063 1027 1115 1083 at-

133 1110 245 1179 tentio
268 1124 303 1181 et
327 1111 503 1182 docilitas:
540 1136 694 1205 quorum
725 1140 798 1183 uno
832 1117 1036 1207 pluribusve
1062 1117 1115 1186 uti

132 1212 269 1296 licebit,
305 1226 346 1282 ut
376 1218 602 1285 commodum
632 1216 717 1297 erit,
758 1232 867 1311 utque
903 1244 1005 1288 causa
1037 1219 1114 1310 ipsa

134 1315 316 1408 requirere
339 1316 489 1386 videtur.
541 1316 624 1387 Non
655 1318 748 1387 enim
789 1321 953 1405 omnibus
982 1322 1114 1416 ubique

132 1417 280 1501 utimur,
301 1418 443 1487 sediliis
459 1432 610 1504 tantum,
627 1446 717 1514 quae
733 1426 921 1492 commoda
937 1424 1114 1495 videntur.

53 1582 57 1591 .
133 1515 174 1609 ln
194 1517 260 1599 hac
281 1545 380 1603 vero,
392 1545 494 1603 causa
520 1535 572 1592 est
587 1525 799 1627 .attent{unis
812 1525 912 1603 locus
926 1539 1095 1609 tractatus
1106 1554 1128 1619 a,

133 1612 298 1691 extenuat
313 1622 499 1691 enim'retn
513 1614 641 1694 'statim'
652 1626 767 1698 initio.
809 1620 978 1698 ‘Atteirtio
996 1625 1112 1699 a‘utem

132 1747 208 1792 rem
224 1724 279 1792 vel
296 1738 412 1816 auget,
431 1727 487 1795 vel
503 1740 680 1813 extenuat,
697 1742 809 1820 prout
818 1733 1048 1817 commodum
1063 1732 1116 1803 ti-

133 1826 274 1896 debitur
295 1851 432 1899 causae.
482 1827 599 1901 Locus
620 1831 728 1922 igitur
749 1834 1017 1904 benevolentiae
1039 1859 1115 1904 non

134 1930 246 2011 adest,
262 1954 494 2024 quamquam,
510 1932 572 2025 qui
589 1946 742 2004 attentos
752 1938 881 2020 reddit,
895 1938 988 2007 idem
998 1938 1116 2007 reddit

12 2040 23 2063 '
62 2058 65 2065 ¹
129 2031 385 2105 etbenevolos.
407 2030 611 2115 -E‘stautem
628 2031 898 2112 hboexurdium'
912 2039 1016 2111 valde
1031 2042 1116 2110 sim-

134 2122 234 2225 plex;
262 2145 297 2201 et
316 2133 397 2202 illae
421 2136 600 2209 orationes
623 2139 780 2230 optimae
803 2156 897 2227 sunt,
925 2155 1116 2238 quaesunt

134 2233 434 2326 simplicissimae,
473 2240 587 2332 qualis
616 2239 774 2334 Appellis
789 2243 821 2340 ο)
864 2259 917 2317 est
954 2247 1052 2315 color
1077 2250 1116 2315 in

15 2418 27 2437 θ
131 2337 275 2421 tabulis.
312 2338 556 2412 Sanam'esse
575 2342 681 2414 ‘decet
705 2346 925 2434 orationem,
958 2346 1035 2418 non
1061 2348 1116 2419 fu-

135 2451 270 2522 catam,
294 2465 369 2509 non
383 2442 588 2534 'peregrinis
613 2451 843 2521 ornamentis
856 2450 1114 2522 luxuriantem:

130 2553 180 2619 ,et-
194 2541 344 2634 quaein
366 2538 462 2615 hunc
486 2549 634 2631 modum
659 2552 856 2646 composita
881 2567 952 2639 est,
977 2554 1037 2624 illa
1056 2555 1121 2625 de·¹

135 2669 234 2751 tuum
258 2658 448 2763 36616611.
818 2656 822 2666 '
1108 2660 1112 2665 ’

369 2857 375 2867 .
452 2817 563 2890 Loci
601 2824 792 2896 exordii.

129 2962 133 2969 '
238 2948 421 3055 Principio
449 2969 616 3027 extenuat
636 2983 798 3044 causam,
824 2974 931 3056 atque
948 2985 1022 3032 are
1040 2962 1116 3054 ipsa

137 3053 288 3124 orditur.
364 3055 455 3140 Res,
481 3059 633 3153 inquit,
670 3073 767 3130 tanta
799 3088 874 3132 non
905 3077 974 3148 est,
1007 3090 1114 3159 quam

59 3169 62 3175 ⁴
97 3148 100 3159 ’
137 3167 345 3244 oportuerat
368 3170 528 3251 tempore
545 3161 661 3230 alieno
677 3176 775 3232 tanta
794 3190 872 3234 cum
889 3168 1116 3239 contentione

138 3278 254 3344 agere.
311 3258 493 3332 Secundus
519 3263 618 3335 locus
651 3278 704 3334 est
731 3269 916 3339 translatio
946 3269 1115 3356 criminis,

138 3382 230 3451 quae
262 3373 330 3443 est,
364 3388 443 3432 cum
465 3367 568 3459 culpa
599 3369 655 3437 vel
677 3370 877 3459 praemium
904 3375 1116 3445 transfertur

137 3461 229 3543 alio,
265 3476 323 3547 ut,
358 3469 455 3559 quod
482 3470 662 3561 privatum
687 3484 757 3555 est,
790 3476 835 3543 ad
858 3462 1124 3568 rempublicani

136 3566 365 3650 transfertur,
398 3571 455 3639 vel
486 3587 622 3644 contra.
687 3574 799 3667 Culpa
830 3602 915 3647 vero
948 3580 986 3647 in
1020 3576 1116 3650 bunc

136 3667 283 3735 modum
303 3694 416 3762 prope
438 3677 622 3746 transferri
642 3677 750 3762 solet,
777 3704 855 3750 cum
880 3705 947 3752 nos
970 3683 1115 3754 alterius

136 3791 242 3837 suasu
264 3782 326 3839 aut
349 3771 503 3865 impulsu
523 3776 560 3845 id
581 3776 702 3848 fecisse
725 3804 923 3854 causamur.
981 3782 1116 3856 Trans-

136 3870 280 3942 lationis
310 3899 396 3944 vero
427 3872 513 3947 haec
544 3892 596 3948 est
611 3878 657 3977 ¹⁰)
685 3884 876 3953 sententia:
919 3884 1115 3972 Atratinus,

136 3971 271 4068 inquit,
302 3978 358 4046 vel
391 3992 505 4050 aetate
536 3995 679 4072 peccat,
714 3985 770 4053 vel
797 4010 918 4057 errore
940 3992 1114 4083 quodam;

134 4088 173 4144 at
205 4078 264 4146 illa
303 4081 494 4168 meretrix,
527 4083 626 4155 cuius
654 4084 714 4156 ille
742 4087 895 4179 impulsu
925 4085 993 4160 hoc
1019 4092 1115 4177 faclt,

18 4216 24 4225 ·
136 4191 188 4247 est
208 4184 508 4274 comprimendas
550 4186 674 4259 Cicero
694 4186 763 4259 boc
785 4191 822 4259 in
848 4190 927 4261 loco
949 4195 1114 4267 adversa-

127 4280 229 4350 ·rium
256 4310 359 4356 suum
381 4288 587 4360 Atratinum
607 4316 683 4362 non
705 4305 833 4364 tractat
859 4295 1026 4386 graviter,
1053 4300 1114 4368 sed

136 4386 284 4456 omnino
307 4390 457 4461 civiliter
479 4406 513 4462 et
534 4396 706 4481 molliter,
740 4423 783 4466 eo
805 4398 902 4491 quod
925 4398 991 4469 sibi
1012 4400 1114 4468 fami·

136 4541 341 4565 ————..

40 4682 48 4697 ,
80 4670 84 4677 .
118 4612 120 4618 ’
170 4635 655 4707 aaran.outntn.1nstttorat.1,
677 4645 712 4706 s,
735 4646 796 4711 ar.;
821 4646 847 4706 t,
871 4647 904 4708 o,
928 4646 988 4709 aaa
1013 4645 1068 4710 tv,
1085 4646 1112 4714 ²,

206 4707 379 4769 trauecta.
398 4709 882 4778 vm,o‚as.;rx,a,ss.;x1,
903 4715 994 4779 1,a1.

166 4793 432 4914 nsstqttrtpqttrte]
447 4795 490 4847 nc
506 4798 590 4847 ratu
610 4798 703 4863 teau,
729 4800 821 4868 rasa,
849 4803 942 4866 uam
966 4800 1016 4851 na.
1038 4800 1112 4855 rose.

164 4953 195 5010 8)
215 4950 362 5002 Accusavit
381 4949 450 4998 erum
472 4950 583 5001 Caelius
600 4953 630 5004 c.
649 4955 811 5017 Antonium,
838 4955 979 5007 cleeronts
998 4955 1025 5005 tn
1044 4968 1111 5005 con·

200 5023 291 5072 entatu
309 5023 459 5082 oottegam.
477 5020 512 5068 de
529 5021 683 5086 uetestste,
702 5025 731 5072 et
747 5024 778 5075 t..
797 5025 985 5088 semproutum
1003 5025 1111 5074 Atrett-

197 5105 261 5142 uun
279 5090 412 5158 (patrem)
431 5090 465 5138 de
481 5089 600 5151 nultra,
617 5091 739 5141 defendit
754 5094 790 5142 61.
809 5094 966 5158 stutetum,
984 5096 1012 5143 et
1028 5095 1112 5142 61116-

143 5166 147 5185 ²
197 5163 243 5211 uto
267 5172 377 5212 mosen
401 5160 459 5222 egit
482 5158 517 5207 sd
541 5160 676 5221 poputum.
718 5161 798 5215 cont.
816 5163 873 5216 cto.
892 5162 1032 5229 116679,
1050 5162 1111 5213 27³.

199 5234 228 5281 et
246 5230 344 5282 oreltll
362 5232 389 5279 et
405 5227 509 5279 Battert
528 5229 669 5281 onomast.
688 5229 805 5284 'l'utltau
823 5230 855 5286 Ρ.
872 5231 906 5288 11.
922 5246 949 5296 p.
965 5229 1110 5284 116-116.

163 5316 195 5377 6)
213 5318 292 5368 conf.
310 5316 393 5381 sttttg
410 5316 555 5379 catalogus
573 5314 708 5365 artttteum
726 5329 751 5377 p.
768 5315 807 5365 61)
822 5330 881 5383 sqq.

163 5405 295 5526 mmm
311 5404 371 5465 ert]
387 5401 427 5455 sto
443 5402 527 5455 116116.
545 5401 635 5468 tatu,
660 5400 753 5473 1666,
779 5401 854 5463 1661.
861 5419 872 5472 3
895 5404 946 5460 Ed.
965 5402 1040 5462 Μ.
1065 5406 1110 5457 est

146 5586 167 5619 ὁ

1166 519 1309 563 omnem
1331 494 1369 562 in
1393 495 1556 564 Clodiam
1577 493 1817 573 meretricem,
1851 488 1914 583 qui
1940 499 1994 555 est
2021 485 2146 555 tertius

1164 597 1283 679 locus,
1318 597 1449 667 scilicet
1481 598 1658 668 excusatio
1683 595 1735 664 rei
1759 590 1929 662 Atratini.
1982 587 2145 658 Primum

1166 700 1318 782 crimen,
1345 700 1502 770 obiectus
1525 713 1576 770 est
1593 713 1713 791 pater;
1735 697 1858 766 Cicero
1876 692 2072 782 respondet
2087 715 2146 781 per

1164 801 1424 874 infitiationem.
1468 804 1668 872 Secundum
1687 800 1821 869 crimen
1836 799 1878 866 de
1895 793 2146 885 municipibus.

1165 903 1360 988 Transitio,
1386 907 1571 977 continens
1586 915 1847 996 argumentum,
1874 921 1946 992 quo
1960 898 2146 988 probatur,

1166 1009 1262 1099 quod
1285 1031 1401 1077 mores
1424 1008 1535 1077 Caelii
1559 1007 1630 1077 sint
1652 1004 1873 1098 probabiles,
1908 1000 1990 1093 quia
2017 997 2145 1068 scilicet

1165 1108 1275 1199 ipsius
1305 1123 1406 1200 pater
1436 1123 1471 1179 ct
1507 1110 1704 1201 municipes
1740 1107 1906 1199 probent.
1982 1101 2144 1169 Tertium

1166 1211 1300 1280 crimen
1315 1214 1358 1281 de
1375 1213 1557 1304 pudicitia.
1583 1213 1790 1304 Respondet
1804 1232 1868 1300 per
1883 1204 2144 1274 infitiationem.

1165 1311 1281 1384 Locus
1307 1317 1505 1386 communis
1534 1317 1577 1384 de
1600 1313 1786 1395 conviciis,
1821 1333 1912 1404 quae
1942 1307 2020 1376 sine
2055 1306 2143 1376 testi-

1165 1417 1288 1486 monio
1313 1417 1490 1489 dicuntur.
1539 1419 1640 1487 Alius
1660 1417 1759 1485 locus
1790 1410 1989 1481 communis
2014 1410 2060 1477 de
2085 1434 2143 1500 pu·

1166 1521 1253 1589 dore
1278 1520 1550 1592 adolescentiae.
1608 1520 1787 1612 Quartum
1815 1514 1951 1585 crimen
1973 1515 2020 1582 de
2047 1510 2143 1597 fami·

1158 1620 1318 1690 liaritate
1343 1622 1547 1693 Catilinae·
1580 1620 1750 1693 Confuta't
1772 1642 1791 1685 a
1815 1606 1946 1708 signo:¹
1969 1614 2060 1686 Non
2083 1614 2143 1684 fuit

1164 1725 1350 1809 familiaris
1372 1725 1564 1811 Catilinae,
1590 1751 1668 1794 cum
1696 1733 1785 1793 esset
1807 1721 2031 1800 adolescens,
2066 1716 2142 1810 quia

1165 1827 1244 1919 fuit
1262 1828 1447 1897 familiaris
1476 1827 1620 1896 inimico
1653 1826 1844 1907 Catilinae,
1885 1820 2019 1892 scilicet
2048 1815 2142 1890 mihi.

1166 1930 1374 2000 Concessio:
1416 1930 1499 2023 Fuit
1526 1928 1711 1999 familiaris
1741 1925 1937 2005 Catilinae,
1972 1923 2036 1992 sed
2068 1947 2141 2023 cum

1166 2031 1325 2102 inorihus
1347 2038 1422 2101 non
1436 2045 1512 2102 erat
1526 2031 1735 2124 periculum.
1785 2025 1955 2098 Defendit
1970 2027 2017 2093 ah
2034 2038 2142 2094 exem-

1165 2134 1252 2226 plis,
1284 2146 1319 2203 et
1341 2135 1484 2204 additur
1512 2154 1623 2205 causa'
1644 2159 1663 2203 a
1687 2131 1861 2202 Catilinae
1882 2127 2082 2211 industria,
2112 2139 2142 2195 et

1166 2237 1413 2307 describuntur
1435 2237 1642 2307 contrariae.
1656 2261 1712 2306 res
1735 2236 1774 2303 in
1794 2232 1959 2304 Catilina.
2018 2230 2139 2300 Postea

1165 2358 1279 2431 pauca
1310 2343 1485 2435 quaedam
1516 2339 1683 2411 dicuntur
1704 2339 1750 2407 ad
1779 2335 2015 2408 excusandam
2039 2331 2140 2403 socie-

1166 2454 1275 2511 tatem
1309 2442 1595 2513 coniurationis.'
1639 2442 1763 2512 Utitur
1799 2437 2027 2519 coniectura,
2063 2435 2138 2529 quia

1167 2545 1343 2615 accusavit
1366 2544 1570 2616 coniuratos
1594 2558 1728 2614 etreos
1752 2541 1917 2612 ambitus.
1969 2536 2140 2630 Quintum

1167 2646 1321 2731 crimen,
1347 2648 1390 2717 de
1412 2673 1492 2718 aere
1517 2648 1634 2717 alieno
1657 2647 1713 2715 vel
1738 2643 1948 2734 sumptibus.
2003 2640 2140 2711 Sextum

1166 2750 1314 2834 crimen,
1327 2750 1371 2820 de
1384 2746 1609 2821 habitatione
1619 2748 1736 2821 vicina
1746 2745 1917 2818 Clodiae.
1946 2743 2139 2837 Septimum

1128 2843 1131 2847 ⁵
1165 2852 1382 2944 praeiudicia
1399 2856 1443 2923 de
1459 2852 1617 2924 testibus.
1668 2844 1850 2922 Transitio
1861 2847 2019 2938 longior,
2035 2848 2141 2915 donec

1165 2956 1399 3049 pervenitad
1437 2955 1721 3046 obiurgationem
1751 2950 1958 3024 deliciarum
1985 2950 2139 3019 refellen-

1167 3060 1261 3129 dam.
1312 3057 1359 3127 Et
1374 3058 1457 3153 quia
1474 3059 1519 3127 ad
1534 3059 1730 3128 multorum
1746 3055 1926 3125 orationes
1940 3053 2139 3143 respondet,

1167 3161 1282 3230 obiter
1296 3161 1398 3229 diluit
1416 3162 1605 3255 quaedam,
1630 3185 1721 3255 quae
1737 3160 1789 3228 illi
1807 3157 2025 3238 obiecerant,
2050 3154 2139 3222 vide·

1165 3262 1247 3332 licet
1263 3262 1463 3335 Herennius
1479 3277 1513 3334 et
1533 3263 1689 3334 Clodius.
1738 3262 1786 3333 Et
1808 3284 1887 3329 cum
1909 3257 2067 3326 breviter
2089 3280 2139 3325 ac·

1168 3366 1302 3436 cusavit
1320 3367 1504 3435 mulierem
1522 3365 1706 3449 Clodiam,
1731 3366 1831 3455 signa
1846 3360 2015 3451 colligens
2036 3360 2138 3430 falsae

1167 3481 1202 3537 et
1224 3469 1306 3538 odio
1330 3472 1498 3539 confictae
1520 3469 1773 3549 accusationis,
1808 3476 1929 3556 postea
1948 3461 2078 3533 transit
2099 3463 2139 3529 ad

1167 3572 1426 3642 excusationem
1442 3571 1647 3642 deliciarum
1665 3570 1779 3640 Caelii
1791 3569 1850 3662 ¹¹).
1900 3565 2071 3660 Sequitur
2084 3565 2138 3632 ob

1165 3674 1270 3743 iectiu
1298 3678 1341 3744 de
1370 3675 1568 3745 severitate.
1617 3673 1824 3766 Respondet
1846 3682 1985 3751 autem,
2017 3667 2140 3739 severi·

1166 3777 1231 3845 tati
1260 3801 1445 3869 opponens
1472 3775 1755 3846 mediocritatem
1785 3784 1820 3842 et
1855 3783 2023 3841 naturam
2060 3771 2139 3838 ado·

1164 3880 1363 3950 lescentiae.
1413 3878 1574 3948 Primum
1604 3878 1726 3948 laudat
1754 3876 1999 3957 severitatem,
2030 3870 2063 3942 si
2090 3870 2139 3941 cui

1165 3995 1292 4051 natura
1308 3981 1466 4072 contigit.
1517 3979 1655 4049 Deinde
1672 4007 1692 4050 a
1710 3979 1912 4050 conditione
1930 3989 2140 4067 temporum,

1165 4085 1447 4153 mediocritatem
1475 4083 1691 4153 laudandam
1723 4106 1796 4152 esse
1827 4079 1923 4151 dicit.
1983 4077 2093 4147 Ratio
2122 4100 2138 4144 a

1164 4200 1308 4256 natura
1325 4189 1508 4269 locorum,
1547 4211 1638 4281 quae
1674 4185 1828 4254 invitant
1855 4183 1900 4251 ad
1931 4182 2139 4272 voluptates.

1164 4291 1324 4360 Secunda
1347 4290 1440 4358 ratio
1464 4289 1508 4356 ab
1530 4288 1712 4380 exemplis:
1739 4284 1845 4356 Multi
1866 4286 1903 4352 in
1916 4279 1986 4352 hac
2003 4283 2138 4371 civitate

1165 4406 1243 4462 acta
1270 4391 1505 4463 adolescentia
1531 4391 1568 4461 in
1594 4390 1855 4482 voluptatibus,
1878 4399 2000 4455 tamen
2021 4397 2137 4478 postea

1164 4508 1385 4567 emerserunt
1405 4498 1450 4564 ad
1473 4496 1622 4584 frugem.
1672 4494 1753 4562 Alia
1769 4487 1988 4584 propositio,
2014 4486 2139 4558 scilicet

1163 4599 1348 4683 infitiatio,
1389 4599 1428 4667 in
1458 4623 1527 4691 qua
1559 4595 1707 4666 omnino
1740 4594 1898 4664 Caelium
1914 4590 1962 4687 ¹¹)
1992 4601 2137 4672 excusat,

1164 4701 1259 4798 et¹³)
1298 4713 1407 4792 negat
1450 4724 1532 4768 eum
1578 4699 1736 4769 deditum
1779 4722 1853 4779 esse
1891 4692 2137 4786 voluptatibus.

1162 4803 1291 4888 Ratio,
1325 4814 1574 4894 argumentum
1595 4801 1748 4873 sumitur
1768 4824 1812 4870 ex
1835 4794 1978 4870 studiis:
2016 4796 2136 4867 Rullus

1162 4909 1301 4978 deditus
1322 4905 1585 4997 voluptatibus,
1617 4915 1735 4995 potest
1757 4927 1830 4973 esse
1852 4899 1993 4971 deditus
2007 4898 2137 4978 studiis,

1162 5015 1316 5082 tolerare
1370 5009 1530 5078 laborem
1587 5006 1728 5076 dicendi
1743 5005 1811 5102 ιι),
1854 5002 2034 5074 scribendi
2078 5014 2135 5071 etc.

1166 5177 1371 5198 ...μ-...ι-

1196 5264 1243 5321 11)
1262 5256 1364 5317 coelii]
1383 5255 1433 5308 Ed.
1453 5253 1527 5305 1666.
1545 5250 1669 5307 06661111.

1195 5330 1244 5390 12)
1261 5326 1401 5385 caelium]
1419 5323 1560 5376 1161668.
1580 5319 1737 5373 ceecttturr.

1195 5399 1243 5458 16)
1262 5399 1304 5457 et]
1323 5392 1464 5446 61666111.
1484 5391 1578 5452 1666..
1598 5391 1691 5447 1666..
1710 5387 1802 5451 1666.;
1819 5385 1870 5437 Ed.
1891 5384 1966 5438 1666.
1985 5397 2027 5436 ιο.

1194 5468 1242 5532 u)
1260 5463 1380 5528 61661161]
1394 5461 1435 5517 alt
1445 5460 1529 5516 nuta.
1544 5456 1730 5527 1666.,1666,
1747 5455 1902 5522 1661566.
1919 5455 1995 5507 tm
2007 5446 2128 5505 direntt.
