4544 5766
68 197 142 272 ιιι
357 204 367 251 ··
437 193 496 270 ιιι
511 201 530 215 ··
543 192 827 271 autumno
856 191 987 267 num
1009 191 1054 267 ιι.
1084 189 1376 267 ιιιιιιοιιιιιι
1406 193 1752 275 amsmrmts·
2016 203 2093 279 ιιι

71 383 179 440 tatem
203 370 376 439 admouet
394 367 603 440 Aristoteles
624 382 756 438 metam
776 368 958 439 actionum
981 393 1055 438 nou
1108 378 1211 457 aptos
1227 389 1314 449 esse,
1331 392 1410 436 cum
1423 363 1539 464 sint*)
1554 371 1762 457 mediocres,
1783 374 1873 445 sicut
1889 374 2088 449 etGalenus

70 497 143 543 csse
157 471 388 541 medietatem
405 468 686 554 arithmeticam,
714 495 806 567 quae
821 487 874 544 est
888 473 1055 541 immuta·
1106 469 1209 538 dicit:
1244 468 1399 541 Affectus
1419 471 1614 544 mediocres
1636 499 1709 546 esse
1729 473 1927 576 ἐνέργειαι,
1960 477 2091 549 immo-

69 575 168 658 bilis,
200 574 385 658 videlicet,
421 575 460 644 in
485 601 555 669 qna
578 576 737 644 medium
760 575 966 668 aequalibus
989 600 1054 643 nu·
1106 572 1247 641 deratos
1272 595 1357 640 vero
1386 596 1459 644 esse
1484 600 1541 645 res
1571 577 1765 663 violentas,
1805 579 1961 651 exitiales
1982 594 2090 653 natu-

69 679 176 748 meris
195 678 306 749 distat
325 679 371 746 ab
398 680 584 762 extremis,
615 691 673 763 ιιι,
699 678 734 748 8.
750 673 786 748 6.
805 677 840 748 7.
891 677 958 746 Ηίι
979 701 1053 746 me·
1106 697 1187 756 rae,
1211 698 1274 743 seu
1288 676 1446 748 morbos.
1495 677 1591 747 Haec
1614 682 1658 748 de
1679 677 1899 753 lontehuius
1914 681 2090 755 Aristote-

67 782 166 851 dium
190 780 462 851 immutabiliter
484 782 591 851 distat
612 782 657 850 ab
679 781 855 852 extremis.
914 778 1002 850 Item
1024 780 1054 850 si
1104 775 1165 844 lici
1180 776 1318 846 consilii
1333 779 1418 848 satis
1433 779 1477 848 sit
1491 783 1683 853 monuisse.
1733 782 1824 854 lllud
1840 798 1958 854 autem
1975 787 2088 857 maxi-

67 899 333 975 eomponantur
348 886 496 953 extremi
510 884 663 968 numeri,
679 896 714 952 et
726 881 960 975 compositum
974 907 1053 952 rur·
1104 903 1161 948 me
1179 903 1301 950 omncs
1316 882 1518 953 meminisse
1534 886 1713 969 debemus,
1739 901 1780 957 nt
1793 889 1831 956 in
1847 901 1921 957 tota
1934 888 2027 973 vita,
2052 903 2087 958 et

65 1013 123 1058 sos
145 987 331 1056 dividatur
352 987 390 1056 in
409 990 481 1057 duo
496 986 683 1082 aequalia.
740 986 931 1070 Medietas,
962 1010 1052 1080 quae
1104 981 1142 1050 in
1158 982 1323 1052 omnibus
1343 984 1560 1070 actionibus,
1586 989 1625 1057 in
1644 983 1737 1057 hanc
1758 990 1872 1080 ipsam
1898 992 2087 1061 mediocri.

66 1102 119 1159 est
138 1089 394 1173 immutabilis,
436 1104 489 1160 est
513 1091 572 1159 ille
594 1090 670 1181 ipse
700 1090 839 1160 medius
867 1088 1052 1158 terminus.
1104 1096 1211 1152 tatem
1244 1085 1459 1158 intueamur.
1524 1089 1626 1160 Hanc
1655 1092 1871 1182 intelligere,
1903 1118 2024 1163 amare
2052 1107 2087 1162 et

63 1192 163 1262 llaec
187 1193 360 1264 medietas
382 1192 510 1283 igitur,
550 1193 634 1288 quia
664 1215 740 1261 non
769 1205 886 1284 potest
907 1191 1052 1274 mutari,
1103 1200 1284 1276 praestare
1316 1189 1507 1274 discamus,
1546 1218 1611 1264 nec
1638 1195 1796 1265 sinamus
1825 1196 1938 1265 animi
1967 1209 2086 1267 motus

61 1295 284 1389 relinquitur
311 1291 379 1365 hoc
409 1297 487 1365 loco
519 1298 563 1366 ab
596 1294 806 1378 Aristotele,
858 1295 941 1390 qnia
977 1318 1052 1363 non

59 1399 161 1469 idem
191 1411 245 1468 est
272 1398 430 1468 medium
461 1400 682 1470 liberalitatis
714 1422 844 1488 egenae
866 1397 994 1467 viduae
1004 1396 1050 1492 ⁶2)

58 1515 97 1571 et
113 1502 322 1571 Salomonis
330 1501 389 1597 ⁶⁸).
439 1501 520 1571 Atia
542 1516 594 1574 est
611 1502 719 1593 igitur
740 1514 834 1570 meta
857 1501 1052 1582 actionum,

55 1605 232 1674 videlicet
246 1605 436 1688 medietas,
463 1631 554 1699 qnae
574 1619 724 1675 vocatur
747 1603 980 1694 geometrica,
1013 1602 1050 1669 id

55 1721 136 1790 est,
177 1707 240 1775 nbi
270 1731 345 1775 non
373 1731 606 1779 numerorum
637 1707 832 1801 aequalitas
860 1719 1050 1796 spectatur,

53 1812 128 1882 sed
140 1810 409 1900 proportionis,
435 1825 493 1895 ut,
519 1813 610 1882 sicut
629 1835 665 1881 se
689 1806 796 1879 habet
808 1809 981 1880 Salomon
1004 1808 1050 1876 ad

55 1913 164 1981 mille
194 1909 401 1995 drachmas,
439 1913 488 1984 ita
520 1940 556 1984 se
584 1912 693 1983 habet
721 1913 828 1981 vidua
865 1935 974 2003 egena
1004 1911 1050 1979 ad

51 2040 177 2087 unam
210 2012 430 2085 drachmam.
490 2018 556 2086 Hic
582 2028 744 2087 servatur
774 2015 1048 2106 proportionum

54 2119 283 2213 aequalitas,
309 2143 384 2187 non
400 2144 653 2203 nmnerorum,
675 2130 734 2201 ut,
760 2118 851 2187 sieut
866 2142 902 2187 ιι
920 2113 1052 2185 babent

52 2222 111 2293 30
126 2223 178 2290 ad
193 2219 261 2306 15,
287 2221 336 2290 sic
353 2247 390 2290 se
405 2218 572 2293 babent8
591 2225 636 2291 ad
655 2219 690 2292 4.
729 2219 863 2314 Estque
882 2245 924 2288 eo
944 2219 1051 2287 etiam

54 2320 128 2394 liae
144 2324 382 2417 proportione
390 2328 576 2410 utendum,
593 2326 676 2419 qnia
691 2319 749 2392 hie
762 2324 801 2392 fit
815 2322 957 2392 collatio
973 2322 1051 2414 plu-

54 2428 158 2497 rium
176 2451 413 2518 personarum
430 2442 464 2497 et
479 2453 620 2512 rerum,
646 2439 682 2496 et
702 2426 870 2520 inquisita
895 2422 1051 2518 acquali-

54 2544 134 2600 tate
160 2530 442 2622 proportionum
466 2532 561 2602 inter
588 2553 759 2623 personas
786 2542 917 2612 atres,
957 2538 1050 2595 meta

54 2659 123 2705 seu
136 2633 301 2704 medium
319 2634 557 2706 constituitur.

258 2818 319 2887 De
342 2818 623 2888 definitione
651 2816 854 2888 virtutis.

163 2956 299 3046 Magna
328 2956 405 3027 laus
426 2969 479 3026 est
501 2954 718 3037 Aristotelis,
758 2956 855 3046 quod
877 2977 971 3022 ιιιιιιι
1000 2953 1049 3021 ita

61 3060 233 3132 describit
264 3059 432 3143 virtutes,
473 3072 514 3128 ut
547 3059 642 3127 dicat
670 3082 744 3127 esse
776 3057 1050 3126 mediocritates.

62 3164 155 3237 Nam
181 3162 432 3232 universaliter
453 3186 578 3230 verum
605 3173 657 3230 est
680 3161 723 3228 de
752 3160 917 3229 omnibns
942 3159 1051 3227 actio·

64 3268 168 3338 nibus
188 3264 448 3346 animantium,
477 3278 643 3356 appetere
669 3287 728 3332 eas
753 3262 1049 3344 mediocritatem,

64 3384 104 3441 ut
121 3370 161 3439 in
184 3391 311 3451 eursu,
343 3380 457 3450 tactu,
492 3369 591 3450 visu,
624 3377 686 3433 aut
707 3366 860 3434 aliorum
882 3388 1049 3436 sensnum

66 3471 262 3543 actionibus
288 3471 525 3539 animadverti
546 3480 682 3560 potest,
722 3481 757 3536 et
780 3468 886 3558 sulgo
909 3466 1049 3536 dicitur.

68 3575 245 3647 Excellens
278 3573 442 3644 sensibile
482 3570 680 3663 corrumpit
719 3593 873 3640 sensum.
949 3567 1049 3651 Item,

69 3680 176 3749 coctio
196 3676 353 3770 requirit
374 3675 552 3744 mediocre
579 3673 851 3746 nutrimentum.
909 3671 1048 3740 Deinde

69 3806 134 3852 non
163 3782 283 3852 solum
314 3780 352 3847 in
386 3780 585 3848 actionibus
606 3775 842 3845 animantium
869 3773 1049 3866 appetitur

70 3883 308 3965 mediocritas,
340 3881 532 3952 sedetiam
557 3881 725 3961 artifices,
760 3878 820 3970 qui
844 3901 952 3968 opera
976 3878 1049 3944 esli-

72 3987 178 4073 riuut,
216 3984 502 4054 mediocritatem
536 3995 732 4079 qrraerunt,
768 3993 808 4049 ut
837 3980 954 4072 pictor
983 4002 1048 4048 nec

71 4090 167 4160 n'mis
182 4088 348 4180 gracilia,
373 4111 438 4156 nec
454 4089 560 4157 nimis
578 4084 723 4178 pinguia
747 4107 897 4174 corpora
922 4081 1047 4175 pingit.

72 4189 134 4265 llet
158 4183 258 4262 nulla
287 4204 497 4259 ornamenta
530 4190 646 4274 addit,
689 4211 754 4254 nec
785 4185 893 4255 nimis
922 4185 1047 4255 multa.

73 4292 137 4367 tat
163 4306 285 4365 autem
317 4288 405 4361 baec
429 4295 472 4361 de
503 4291 638 4362 artibus
658 4291 749 4361 belle
773 4290 925 4378 cogitata
952 4300 1047 4370 ιιιιιι,

9 4653 28 4692 ,ι
76 4601 437 4685 inanimantium,
460 4613 610 4669 naturae
625 4596 793 4668 convenit
807 4595 1045 4677 mediocritas,

77 4716 123 4789 1,
149 4705 188 4774 in
210 4704 393 4786 coctione,
427 4727 550 4786 cursu,
582 4715 696 4784 tactu,
729 4699 818 4769 visu.
885 4698 942 4768 Sic
964 4723 1044 4766 cum

79 4899 224 4995 lemine,
250 4923 287 4981 et
310 4908 569 4991 animantibus,
595 4905 786 4976 conveniat
805 4902 1044 4984 mediocritas,

81 5027 338 5085 mentanenm
361 5024 433 5096 est,
475 5025 510 5081 et
538 5007 605 5082 bos
634 5020 752 5078 motus
781 5019 864 5075 tnnc
892 5019 1043 5075 naturae

106 5262 147 5327 Ι)
159 5264 236 5318 cart
252 5266 341 5314 uero.
359 5261 402 5327 ιι,
420 5259 463 5312 ιι

106 5362 147 5431 ll)
160 5365 314 5418 ulo-oms
333 5360 485 5413 trasrnttas
503 5359 531 5409 tn
549 5358 650 5420 tempto
665 5351 888 5423 spteudtettsslme
899 5353 1042 5405 ιιιιιιιιο

133 5438 254 5488 meur
277 5431 425 5498 aneas,
445 5428 646 5493 ιιι-ιιι

1102 1290 1228 1380 procul
1252 1292 1296 1358 ab
1317 1316 1357 1360 ea
1383 1289 1546 1382 provebi.
1618 1296 1737 1388 Scipio
1764 1299 1918 1368 frenavit
1945 1298 2087 1369 iracun-

1103 1392 1218 1476 diam,
1243 1393 1423 1466 laeessitus
1440 1420 1460 1464 a
1476 1397 1628 1469 tribunis
1644 1401 1768 1491 plebis.
1826 1401 1916 1472 Aiax
1930 1426 2005 1471 non
2017 1402 2086 1471 sre-

1102 1495 1223 1577 navit,
1249 1496 1312 1588 qui
1329 1496 1440 1568 iratus
1455 1515 1608 1570 mortem
1625 1503 1692 1573 sibi
1709 1505 1891 1574 consciuit.

1203 1598 1277 1670 Nec
1299 1599 1435 1671 Marius
1455 1604 1608 1672 frenavit
1629 1606 1872 1690 iracundiam,
1905 1607 1968 1700 qui
1990 1608 2088 1699 eupi-

1103 1699 1211 1768 ditate
1234 1701 1410 1772 vindictac
1430 1706 1563 1775 bellum
1580 1707 1682 1777 civile
1705 1710 1888 1792 excitavit,
1915 1722 1950 1778 et
1963 1714 2087 1780 crude·

1101 1803 1232 1873 lissime
1249 1806 1440 1896 praecipua
1457 1809 1593 1878 lumina
1611 1811 1761 1880 civitatis
1778 1812 1963 1884 interfecit.

1437 1953 1743 2030 Definitio.

1201 2069 1366 2162 Vulgaris
1392 2085 1427 2142 et
1450 2077 1634 2167 perspicua
1661 2079 1819 2148 definitio
1845 2091 1907 2150 est.
1964 2076 2087 2147 Virtus

1103 2183 1155 2242 est
1170 2167 1312 2243 habitus
1327 2175 1539 2264 volrmtatis,
1574 2180 1749 2252 inclinans
1771 2185 1815 2251 ad
1837 2181 2014 2273 agendum
2036 2205 2088 2250 se·

1102 2276 1257 2345 cundum
1291 2290 1423 2347 rectam
1451 2281 1640 2353 rationem.
1699 2283 1791 2353 Vere
1817 2284 1925 2376 igitur
1949 2296 1983 2352 et
2004 2308 2088 2375 pro-

1102 2378 1192 2470 prie,
1217 2378 1368 2447 ntPlato
1387 2381 1516 2475 inquit,
1544 2398 1595 2454 est
1613 2387 1833 2469 obedientia,
1861 2411 1968 2480 quam
1984 2411 2088 2478 prae·

1102 2492 1172 2551 stat
1186 2481 1352 2550 voluntas
1369 2496 1404 2550 et
1420 2498 1577 2555 caeterae
1593 2487 1697 2571 vires,
1717 2502 1813 2558 recto
1830 2489 1975 2572 iudicio,
1990 2485 2090 2582 quod

1102 2581 1198 2650 Deus
1214 2583 1393 2674 impressit
1408 2588 1608 2672 mentibus,
1641 2604 1681 2658 ιιι
1697 2591 1742 2659 sit
1757 2591 1937 2659 actionum
1952 2591 2086 2681 regula.

1102 2684 1202 2752 Hanc
1217 2683 1453 2754 obedientiam
1470 2689 1574 2758 Plato
1592 2705 1697 2760 vocat
1711 2692 1881 2761 iustitiam
1904 2693 2086 2762 universa·

1102 2788 1172 2855 lem
1189 2785 1363 2859 videlicet.
1412 2790 1664 2862 Observabunt
1678 2794 1786 2887 igitur
1800 2793 1948 2864 studiosi
1966 2794 2087 2886 appel-

1102 2889 1251 2960 lationes
1266 2892 1339 2959 fere
1355 2916 1457 2983 pares
1474 2919 1546 2965 esse
1564 2895 1705 2966 virtutis
1721 2910 1755 2966 et
1770 2896 1923 2966 iustitiae
1944 2898 2087 2967 univer-

1102 2992 1195 3062 salis.
1256 2992 1301 3061 Et
1325 3019 1381 3064 res
1402 2998 1539 3067 facilius
1561 3000 1705 3089 agnosci
1727 3012 1864 3090 potest,
1901 3001 1931 3070 si
1955 3001 2087 3091 cogites

1103 3118 1175 3164 csse
1193 3095 1452 3183 obedientiam,
1486 3114 1521 3169 et
1537 3101 1707 3173 intucaris
1724 3103 1886 3171 ordinem
1903 3128 1922 3171 a
1936 3101 2016 3171 Deo
2032 3103 2087 3170 in-

1102 3197 1285 3281 stitutum,
1312 3214 1351 3268 ut
1367 3202 1494 3271 notitia
1509 3218 1604 3272 recta
1621 3206 1844 3296 praeluceat,
1879 3219 1913 3274 et
1928 3220 2086 3276 caeterae

1102 3300 1195 3370 vires
1210 3302 1468 3393 obtemperent.
1520 3306 1571 3375 Ut
1585 3320 1703 3377 autem
1720 3308 1855 3402 alioqui
1876 3309 2013 3378 boumn
2035 3308 2088 3378 di·

1102 3403 1193 3471 citur
1208 3405 1423 3476 conveniens
1438 3420 1606 3477 naturae:
1643 3410 1692 3479 ita
1715 3411 1852 3480 morale
1874 3412 2010 3481 bonum
2037 3423 2089 3483 est

1102 3506 1317 3577 conveniens
1331 3523 1501 3593 naturae,
1527 3511 1624 3579 iuxta
1646 3508 1739 3580 hanc
1761 3512 1927 3581 notitiam
1952 3526 2087 3582 rectam

1101 3609 1376 3699 praelucentem.
1436 3611 1648 3703 Congruunt
1663 3627 1781 3683 autem
1798 3614 1989 3685 vocabula:
2023 3617 2087 3685 bo-

1100 3735 1209 3793 num,
1250 3715 1408 3797 morale,
1446 3711 1656 3800 honestum,
1699 3729 1855 3801 rectum,
1896 3719 2086 3802 laudabile,

1100 3813 1248 3904 dignum
1277 3817 1556 3908 approbatione,
1598 3820 1681 3913 qnia
1705 3821 1870 3911 congruit
1892 3824 1937 3890 ad
1960 3846 2084 3891 verum

1099 3915 1283 4002 iudicium,
1300 3918 1525 3989 Aristotelica
1542 3922 1701 3991 definitio
1717 3947 1862 4014 prorsus
1880 3922 1974 3993 idem
1990 3923 2087 3995 dicit.

1099 4019 1169 4087 Sed
1186 4021 1332 4090 modum
1352 4022 1470 4107 addit,
1496 4023 1647 4110 scilicet,
1672 4028 1769 4118 quod
1784 4039 1878 4094 recta
1900 4026 1993 4095 ratio
2013 4027 2085 4096 esli-

1099 4120 1168 4189 ciat
1188 4122 1483 4199 mediocritatem.
1534 4125 1598 4197 Est
1613 4140 1732 4197 antem
1750 4126 1910 4197 delinitio
1926 4128 2085 4198 causalis.

1098 4223 1249 4296 Habitus
1264 4241 1316 4298 ιιι
1331 4253 1452 4318 genns.
1505 4228 1644 4298 Deinde
1659 4229 1879 4299 differentiae
1894 4245 2086 4305 sumuntur

1099 4352 1119 4395 a
1141 4329 1265 4399 causis.
1328 4328 1599 4426 προαιρετικὸς,
1642 4333 1739 4424 quod
1762 4345 1945 4402 verterunt
1968 4335 2084 4406 electi-

1097 4454 1203 4513 vum,
1230 4431 1354 4516 idest,
1381 4433 1443 4526 qni
1458 4433 1593 4524 regitur
1609 4433 1885 4521 deliberatione,
1913 4451 1949 4506 et
1970 4440 2084 4509 libera

1097 4532 1279 4603 voluntate
1297 4535 1498 4626 suscipitur.
1531 4534 1627 4627 Quid
1644 4536 1740 4604 ιιιίιιι
1759 4553 1939 4632 nuncupet
1954 4539 2083 4639 προαί·

1097 4656 1216 4729 prote,
1238 4640 1381 4727 'postea
1411 4637 1541 4707 dicam.
1605 4636 1656 4706 Ac
1678 4639 1770 4708 libro
1795 4657 1893 4710 sexto
1915 4645 2008 4713 clare
2029 4644 2084 4711 in-

1097 4737 1190 4830 quit:
1226 4734 1437 4833 ιιροαίρεσις
1463 4735 1735 4831 comprehcndit
1757 4737 1871 4842 λόγον
1893 4760 1928 4815 ιι
1949 4747 2081 4842 ὄρεξιν,

1095 4837 1133 4906 id
1155 4851 1226 4923 est,
1257 4840 1435 4909 rationem
1460 4854 1495 4909 et
1515 4842 1737 4914 voluntatem
1763 4846 2081 4940 obtemperantem.

1094 4940 1205 5009 Libro
1221 4943 1328 5011 tertio
1345 4943 1514 5013 discernit
1535 4945 1697 5016 actiones
1711 4948 1749 5016 in
1764 4950 1917 5040 speciem
1935 4951 2081 5023 similes.

1094 5044 1251 5137 Quidam
1278 5057 1405 5114 natura
1432 5059 1515 5117 suut
1540 5049 1722 5132 duriores,
1755 5064 1796 5120 ut
1820 5051 1934 5137 Cato,
1971 5078 2012 5124 ac
2036 5077 2083 5122 ne

1094 5145 1238 5240 quidem
1253 5145 1462 5233 flectuntur,
1488 5150 1551 5220 ubi
1573 5176 1662 5244 opus
1688 5166 1749 5223 est.
1805 5153 1879 5223 Alii
1899 5169 1983 5226 suut
2001 5178 2082 5246 per-

1093 5249 1256 5319 suasione
1270 5250 1399 5335 fortes,
1423 5265 1464 5321 ut
1479 5252 1629 5324 Brutus:
1663 5267 1768 5345 putat
1782 5256 1877 5326 enim
1893 5257 1960 5329 sibi
1978 5281 2083 5349 prae·

1126 5420 1160 5480 *1
1176 5419 1251 5481 stntl
1264 5419 1305 5471 sle
1323 5419 1374 5470 Ed
1389 5419 1465 5471 1546.
1473 5435 1483 5485 3
1505 5419 1557 5470 Ed
1571 5419 1646 5472 Μ
1664 5424 1740 5472 eunt.
