4544 5766
185 205 260 283 359
454 200 655 278 sentent
675 199 755 274 tut
780 198 893 272 unt.
919 195 986 271 Ao
1010 194 1222 271 ETlllGEN
1247 197 1321 270 ET·
1337 197 1602 276 fflLl'llIOEN·
1615 199 1929 276 aubertum
2126 198 2205 274 wo.

187 393 352 477 peccant,
378 380 415 448 id
434 392 502 462 est,
526 401 588 447 sua
604 399 756 467 corpora
783 374 962 464 affligunt,
996 387 1031 443 et
1051 386 1175 443 contu·
1226 373 1436 442 liberalitate
1453 373 1553 442 dicit:
1580 373 1711 446 Fontes
1729 375 1782 445 tui
1799 376 2007 444 deriventur
2022 373 2139 454 foras,
2164 370 2218 443 sic

189 487 297 556 melia
315 484 492 564 afficiunt,
518 505 562 548 ne
578 480 650 549 sint
666 501 799 568 organa
815 477 894 547 Dei.
1227 476 1484 566 parsimoniam
1501 478 1691 569 praecipit,
1724 503 1804 548 cum
1821 478 1937 548 addit:
1970 475 2017 545 Et
2040 488 2079 544 tu
2099 474 2218 543 domi-

293 586 406 656 Causa
420 584 580 652 formalis
596 595 647 651 cst
661 581 737 673 ipsa
753 579 949 649 voluntatis
966 579 1078 661 actio,
1114 602 1177 647 seu
1228 602 1294 647 nus
1309 603 1433 648 eorum
1450 592 1612 663 maneto,
1640 592 1675 648 et
1691 583 1799 671 paulo
1823 593 1905 649 ante
1926 580 2051 674 (Prov.
2066 574 2103 660 5,
2121 575 2217 670 10.):

189 686 353 770 habitus,
387 685 585 779 reprimens
608 684 816 775 cupiditates
840 695 972 750 temere
994 693 1175 771 vagantes.
1227 680 1281 751 Ne
1301 693 1505 751 saturentur
1523 681 1631 750 alieni
1645 684 1870 753 facultatibus
1888 683 1976 765 tuis,
1995 706 2061 751 nec
2077 681 2150 750 sint
2166 679 2219 747 la·-

192 792 306 862 Causa
323 788 530 871 materialis,
552 788 590 855 in
604 811 687 881 qua,
703 799 743 855 ut
757 786 909 854 aliarum
926 785 1111 866 virtutum,
1126 796 1178 853 est
1227 785 1332 852 bores
1354 784 1408 852 tui
1429 785 1467 852 in
1493 786 1602 853 domo
1626 784 1753 856 aliena.
1817 785 1881 856 Est
1902 786 1998 854 enim
2021 784 2218 853 verborum

191 895 376 975 volumtas,
403 893 464 961 sed
480 889 750 981 temperamenti
770 888 965 957 subiectum
993 900 1045 956 est
1065 882 1178 977 hepar
1228 886 1427 977 proprietas
1451 897 1486 954 et
1506 884 1683 978 emphasis
1707 888 1982 970 consideranda,
2022 911 2098 956 non
2120 897 2220 954 vetat

191 1009 227 1066 et
241 993 422 1065 humores.
480 992 615 1061 Causae
636 993 758 1060 finales
780 991 954 1082 plurimae
972 1002 1073 1072 sunt,
1105 989 1178 1080 pri·
1229 989 1411 1079 egentibus
1427 988 1615 1080 opitulari,
1641 992 1702 1060 sed
1722 1005 1818 1059 vetat
1840 991 2011 1082 profundi
2032 989 2218 1060 facultates

191 1123 274 1182 ma,
296 1111 337 1168 ut
353 1098 431 1166 Deo
456 1095 661 1178 obediatur,
684 1096 859 1175 secunda,
885 1107 925 1162 ut
950 1104 1178 1161 conservetur
1230 1091 1267 1159 in
1285 1093 1438 1174 alienos,
1464 1091 1587 1176 idest,
1621 1094 1659 1162 in
1676 1118 1753 1176 eos,
1788 1119 1868 1163 cum
1893 1094 2021 1187 quibos
2044 1092 2145 1185 nulla
2164 1102 2219 1161 est

193 1201 354 1292 eorporis
383 1199 607 1267 incolumitas
633 1199 678 1265 ad
706 1195 975 1264 meditationem
1008 1196 1051 1263 de
1072 1196 1177 1262 rebus
1229 1218 1294 1262 nee
1311 1195 1501 1278 naturalis,
1533 1220 1599 1263 nee
1621 1197 1733 1266 civilis
1754 1197 1937 1286 obligatio.
1991 1195 2039 1264 Et
2053 1190 2219 1264 Christus

192 1304 341 1385 divinis,
367 1301 650 1383 invocationem,
678 1299 805 1382 studia,
830 1296 1177 1368 administrationem

191 1407 420 1497 negotiorum
435 1404 474 1471 in
488 1403 597 1472 armis
611 1402 695 1472 etin
710 1415 810 1492 toga,
836 1403 881 1470 ad
899 1402 1096 1472 castitatem
1113 1411 1178 1469 ete.

453 1572 515 1643 De
549 1569 922 1666 Liberalitate⁷⁷).

293 1708 505 1779 Liberalitas
523 1722 574 1777 est
595 1708 727 1790 virtus,
759 1728 831 1799 qua
850 1716 945 1774 reete
969 1702 1106 1772 utimur
1127 1702 1179 1770 fa-

192 1814 400 1895 cultatibus,
426 1824 552 1904 etqua
567 1807 794 1878 rnediocritas
817 1807 965 1876 efficitur
987 1806 1081 1873 inter
1103 1829 1178 1873 sor-

192 1917 273 1999 des,
315 1929 350 1984 et
377 1914 469 1982 inter
493 1913 730 2004 profusiones.
799 1910 913 1979 Causa
945 1909 1097 1977 efficiens
1127 1919 1180 1975 est

191 2042 293 2086 mens
309 2016 488 2100 iudicans,
515 2040 586 2108 quo
604 2015 728 2083 ordine
743 2011 980 2106 possessiones
996 2034 1016 2078 a
1031 2010 1109 2078 Deo
1125 2009 1178 2077 di-

192 2120 341 2190 stinctae
372 2119 462 2200 sint,
503 2130 538 2185 et
564 2113 769 2186 hominibus
798 2115 1009 2197 attributae,
1055 2112 1104 2179 ita
1139 2123 1180 2181 ut

192 2246 296 2292 suum
327 2219 476 2315 quisque
500 2232 640 2304 teneat,
680 2244 755 2288 non
785 2219 969 2287 defraudet
1000 2215 1106 2297 alios,
1144 2227 1179 2283 et

192 2323 291 2395 iuvet
304 2348 346 2392 ex
360 2349 424 2392 suo
440 2347 522 2391 vere
538 2335 698 2413 egentes,
732 2334 906 2415 quantum
930 2320 1005 2389 sine
1027 2317 1178 2386 notabili

191 2427 407 2496 detrimento
438 2438 566 2517 potest.
630 2425 677 2493 Et
706 2426 871 2494 voluntas
892 2422 1024 2492 iudicio
1048 2420 1178 2490 mentis

192 2530 455 2621 obtemperans.
505 2526 584 2597 Etsi
601 2541 718 2597 autem
735 2527 858 2617 ingens
874 2538 925 2596 est
939 2526 1033 2593 vitae
1052 2520 1178 2592 huma-

190 2656 259 2701 nae
279 2631 438 2702 confusio
456 2629 494 2698 in
511 2631 724 2725 quaerendis
740 2643 774 2699 et
795 2628 1008 2720 dissipandis
1030 2627 1177 2695 faculta-

189 2734 297 2818 tibus,
320 2749 440 2804 tamen
454 2735 632 2802 moderati
648 2747 683 2802 et
696 2733 747 2825 pii
762 2735 921 2823 regulam
936 2742 1081 2813 norunt,
1102 2752 1178 2796 non

79 2886 85 2902 .
190 2838 306 2907 solum
329 2852 478 2908 naturae
500 2832 656 2906 hominis
678 2835 841 2918 insitam,
872 2836 933 2904 sed
949 2834 1055 2903 etiam
1071 2855 1177 2922 saepe

189 2941 379 3032 repetitam
408 2940 445 3007 in
477 2939 637 3006 doctrina
668 2938 830 3020 coelesti,
870 2961 975 3030 quam
1005 2935 1176 3005 Salomon

188 3042 355 3126 tradidit,
388 3041 559 3110 Proverb.
577 3037 613 3123 5,
631 3039 741 3134 (16.):
782 3040 914 3108 Fontes
938 3039 991 3108 tui
1014 3036 1177 3107 deriven-

188 3157 249 3215 tur
267 3147 380 3228 foras,
408 3155 444 3212 et
461 3144 509 3211 du
528 3142 694 3211 dominus
720 3167 844 3210 eorum
870 3154 955 3211 esto.
1015 3141 1081 3209 Hic
1103 3138 1176 3229 pri-

187 3272 289 3317 mum
304 3259 460 3316 moneta
476 3244 555 3313 Deo
573 3244 768 3337 approbari
782 3244 975 3335 legitimam
998 3242 1176 3312 dominio-

138 3428 148 3434 ,
186 3373 268 3420 rum
285 3349 560 3420 distinctionem.
611 3347 712 3417 lubet
727 3347 821 3416 enim
837 3371 1014 3442 quemque
1029 3369 1174 3415 manere

187 3453 375 3524 dominum
392 3454 447 3522 sui
468 3450 597 3534 fontis,
623 3451 660 3520 id
687 3451 839 3535 est,1sui
860 3450 961 3520 fundi
985 3462 1020 3518 et
1038 3450 1093 3519 sui
1112 3472 1175 3538 pa-

186 3555 369 3640 trimonii,
396 3556 523 3625 deinde
540 3568 575 3623 et
586 3580 650 3624 suo
666 3553 776 3624 frui.·‘
799 3553 926 3623 Postea
943 3553 1102 3622 additur:
1135 3561 1176 3619 ut

170 3658 294 3728 rivuli
322 3663 418 3729 foras
450 3658 677 3741 deriventur,
710 3657 749 3726 id
771 3669 841 3742 est,
877 3669 916 3726 ut
938 3681 980 3724 ex
1001 3653 1173 3725 fructibus

184 3761 288 3832 fundi
302 3763 463 3831 iuvemus
478 3762 578 3843 alios,
600 3761 682 3852 quia
701 3784 889 3828 commune
905 3760 1028 3827 foedus
1043 3770 1095 3826 est
1107 3751 1173 3824 hu-

184 3889 314 3935 manae
330 3876 499 3946 naturae,
524 3874 672 3952 propter
685 3863 783 3953 quod
798 3874 960 3930 mutuam
979 3886 1083 3952 opem
1102 3858 1173 3926 sin-

185 3968 261 4061 guli
277 3966 425 4059 singulis
448 3967 636 4047 debemus,
661 3964 758 4048 iuxta
782 3975 1008 4054 praeceptum
1027 3956 1172 4056 (Matth.

188 4069 248 4153 19,
268 4070 360 4166 19.);
387 4068 522 4160 Diligas
541 4066 745 4159 proximum
762 4077 863 4135 tirum
887 4066 1025 4135 sicutte
1043 4066 1171 4156 ipsum.

185 4171 306 4265 Quare
325 4187 360 4244 et
373 4170 523 4243 loannes
540 4169 593 4267 (1.
609 4169 709 4261 epist.
723 4170 759 4252 8,
781 4165 857 4262 15.)
873 4163 1092 4238 homicidam
1109 4191 1172 4234 vo-

184 4288 243 4344 cat
265 4301 365 4360 eum,
408 4277 488 4370 qui,
527 4300 606 4346 cum
637 4285 754 4365 potest
782 4271 971 4364 opitulari,
1012 4269 1172 4341 destituit

183 4393 357 4471 egentem.
409 4380 499 4450 Sunt
515 4392 634 4449 autem
651 4379 741 4447 duae
757 4375 895 4444 vicinae
912 4376 1059 4444 virtutes
1077 4374 1170 4441 inter

183 4482 309 4551 eadem
334 4495 508 4564 extrema,
548 4480 740 4552 liberalitas
760 4491 795 4546 et
814 4477 1045 4572 parsimonia.
1109 4475 1169 4544 Li-

181 4583 350 4655 beralitas
373 4585 522 4668 dieitur,
556 4611 646 4678 quae
669 4581 815 4653 honeste
839 4581 1000 4672 largitur.
1050 4579 1169 4650 Parsi-

171 4689 326 4785 monia,
350 4710 411 4758 scu
426 4687 620 4779 frugalitas,
648 4711 739 4780 quae
752 4703 809 4755 res
822 4685 986 4777 proprias
1004 4683 1168 4766 custodit,

179 4788 316 4862 utiliter
343 4792 510 4875 collocat,
549 4791 637 4860 vitat
661 4801 822 4879 sumptus
842 4813 918 4858 uon
938 4784 1167 4870 necessarios,

180 4895 404 4978 emacitates,
435 4892 694 4976 mutuationes,
726 4891 930 4966 ambitiosas
953 4889 1167 4961 aedificatio-

180 5021 262 5089 nes,
281 5011 330 5092 ,et
354 4998 441 5070 alias
460 5010 574 5090 pestes
594 4997 647 5065 rei
669 4994 872 5079 familiaris,
906 5007 941 5063 et
963 5008 1082 5065 tamen
1103 4993 1166 5061 ubi

178 5099 273 5170 ratio
303 5100 420 5185 iubet,
470 5099 637 5194 expendit
669 5110 840 5193 quantum
872 5097 1052 5168 convenit.
1119 5093 1166 5166 Et

176 5216 369 5300 utramque
392 5205 560 5275 virtutem
581 5202 678 5272 Deus
701 5197 894 5293 praecipit,
934 5213 976 5270 ut
1003 5200 1098 5270 enim
1120 5201 1164 5271 de

210 5437 262 5497 n)
277 5439 321 5488 ne
336 5439 388 5491 trae
403 5437 508 5490 vacat·
523 5434 691 5488 Arlstotdes
705 5431 794 5485 state.
810 5430 829 5484 1.
840 5433 867 5484 1.
885 5443 907 5484 e.
921 5430 944 5484 1.
963 5430 1037 5483 unt

1229 1297 1327 1365 iubet
1343 1294 1483 1390 (loann.
1500 1297 1536 1380 6,
1553 1298 1629 1393 12.)
1645 1300 1763 1389 colligi
1777 1300 1956 1392 reliquias,
1983 1324 2064 1368 cum
2079 1298 2217 1390 populu

1229 1423 1339 1490 panes
1361 1400 1615 1483 distribuisset,
1648 1415 1683 1470 et
1695 1403 1829 1472 Paulus
1848 1403 1946 1471 iubet
1966 1402 2015 1471 sic
2038 1401 2153 1492 dari,
2169 1424 2218 1469 ne

1231 1502 1309 1571 aliis
1330 1502 1377 1572 sit
1389 1503 1552 1593 ignavia,
1576 1505 1681 1574 nobis
1704 1505 1905 1588 tribulatio,
1930 1507 1967 1574 id
1983 1516 2051 1586 est,
2076 1515 2218 1573 nouat

1231 1605 1382 1673 aliorum
1403 1606 1582 1696 ignaviam
1597 1608 1862 1698 profusionibus
1876 1607 2008 1677 nostris
2028 1608 2219 1675 confirme-

1230 1732 1310 1776 mus
1324 1720 1359 1776 et
1371 1722 1512 1779 nostras
1528 1711 1711 1781 facultates
1725 1711 1774 1780 sic
1790 1706 2059 1792 exhauriamus,
2087 1723 2136 1779 ut·
2149 1732 2218 1785 neq

1229 1810 1310 1880 stris
1328 1810 1444 1880 desint
1456 1814 1664 1884 necessaria.
1721 1812 1817 1882 Haec
1837 1814 1918 1881 ideo
1940 1813 2096 1881 breviter
2118 1837 2217 1881 com·

1229 1914 1446 1998 memoravi,
1479 1927 1519 1984 ut
1534 1915 1709 1986 discamus
1724 1916 1763 1984 in
1778 1942 1846 1986 usu
1858 1917 2065 1985 facultatum
2082 1914 2220 1985 intueri

1230 2016 1449 2085 voluntatem
1473 2017 1559 2100 Dei,
1602 2044 1667 2088 nec
1700 2031 1863 2110 putemus
1887 2044 2010 2087 earum
2031 2044 2136 2088 usum
2160 2018 2218 2086 vel

1229 2120 1452 2209 profusiones
1472 2145 1547 2190 non
1570 2146 1642 2190 esse
1666 2145 1771 2190 curae
1793 2121 1890 2204 Deo,
1929 2124 1990 2191 sed
2018 2134 2217 2191 statuamus

1229 2219 1321 2290 hanc
1336 2223 1525 2308 virtutem,
1557 2237 1597 2293 ut
1620 2237 1794 2308 caeteras,
1824 2224 1983 2317 praecipi
2005 2249 2026 2293 a
2048 2224 2146 2307 Deo,
2178 2236 2218 2292 et

1229 2337 1376 2415 propter
1393 2350 1478 2409 nos,
1506 2340 1540 2395 et
1555 2340 1704 2419 propter
1723 2327 1832 2410 alios,
1857 2327 1940 2421 quia
1964 2327 2050 2396 vitia
2071 2338 2217 2395 contra·

1228 2427 1282 2495 ria
1296 2428 1418 2498 multis
1433 2442 1575 2513 nocent,
1591 2431 1681 2499 utin
1696 2431 1786 2499 aulis
1802 2431 1958 2521 conspici
1973 2441 2101 2521 potest,
2122 2454 2219 2523 quae

1228 2529 1258 2599 si
1280 2545 1394 2601 essent
1417 2533 1588 2622 frugales,
1612 2546 1800 2624 parcerent
1822 2533 2048 2603 facultatibus
2071 2532 2218 2616 civium,

1230 2646 1264 2701 et
1280 2647 1396 2703 essent
1408 2633 1650 2705 instructiores
1665 2637 1835 2727 pecunia,
1864 2638 1910 2704 ad
1927 2660 1984 2706 res
1999 2635 2218 2706 necessarias

1228 2739 1416 2825 gerendas,
1442 2762 1517 2806 non
1541 2735 1812 2809 exhaurirentur
1832 2739 1960 2810 usuris.
2009 2740 2113 2811 Nunc
2130 2764 2218 2829 pro·

1227 2838 1384 2909 fusiones
1405 2841 1552 2931 pariunt
1579 2843 1808 2934 rapacitates,
1848 2842 2057 2912 immodicas
2081 2843 2219 2933 expila-

1228 2941 1362 3025 tiones,
1403 2955 1438 3011 et
1458 2943 1633 3013 infinitam
1654 2941 1910 3037 (tovttotavt)
1933 2959 1968 3014 et
1990 2945 2219 3015 difficultates

1229 3047 1478 3114 oeconomicae
1498 3046 1741 3139 multipliciter
1763 3046 1964 3139 impediunt
1986 3048 2217 3118 administra·

1227 3147 1382 3230 tionem,
1425 3173 1533 3242 quam
1557 3162 1700 3241 oportet
1721 3151 1930 3220 instructam
1953 3177 2025 3222 esse
2048 3150 2217 3242 pecunia,

1226 3263 1266 3319 ut
1286 3248 1543 3324 Demosthenes
1565 3253 1683 3347 inquit
1705 3253 1742 3322 in
1765 3255 1881 3345 prima
1904 3252 2140 3348 Olynthiaca,
2179 3266 2218 3322 et

1226 3352 1310 3420 alibi
1333 3355 1520 3445 pecuniam
1544 3370 1648 3425 vocat
1674 3357 1758 3425 belli
1784 3382 1925 3427 nervos.
1991 3357 2070 3428 Etsi
2092 3369 2217 3426 autem

1227 3456 1339 3524 aulica
1356 3459 1450 3526 mala
1468 3473 1552 3529 sunt
1578 3459 1840 3550 conspectiora,
1872 3473 1992 3530 tamen
2018 3474 2053 3531 et
2075 3459 2114 3528 in
2129 3461 2215 3551 pri-

1226 3559 1316 3628 vatis
1332 3559 1476 3631 familiis
1490 3562 1702 3632 detrimenta
1718 3563 1840 3633 multis
1856 3563 1934 3633 aliis
1948 3591 1989 3634 ex
2004 3564 2109 3635 unius
2127 3587 2215 3653 pro·

1224 3661 1384 3747 fusione,
1411 3677 1474 3734 aut
1489 3666 1638 3735 avaritia
1654 3665 1829 3748 accidunt,
1854 3667 1936 3734 ideo
1944 3668 2040 3739 Deus
2053 3668 2131 3737 vult
2145 3692 2215 3739 nos

1224 3787 1329 3854 parce
1351 3766 1405 3835 uti
1426 3781 1568 3852 nostro,
1594 3771 1770 3838 abstinere
1794 3769 1840 3837 ab
1863 3771 2001 3856 alieno,
2032 3784 2067 3841 et
2088 3772 2214 3842 obser·

1225 3890 1308 3935 vare
1326 3867 1364 3934 in
1380 3870 1480 3938 omni
1496 3884 1681 3942 contractu
1696 3871 1958 3965 aequalitatem.
2186 3886 2189 3890 '

1327 3970 1492 4062 Quatuor
1527 3974 1652 4044 breves
1679 3973 1904 4068 quaestiones
1932 3977 1971 4045 in
2001 3977 2071 4045 line
2098 3979 2211 4051 addit.

1223 4070 1360 4142 Prima:
1400 4073 1487 4166 quid
1512 4077 1679 4147 differant
1699 4077 1957 4169 intemperans,
2001 4092 2036 4148 et
2063 4080 2211 4152 timidus

1223 4198 1284 4243 seu
1310 4174 1510 4265 impatiens.
1567 4179 1829 4271 Intemperans,
1861 4207 1934 4250 non
1958 4183 2086 4254 dicitur
2110 4188 2211 4279 quod

1222 4277 1313 4345 nolit
1328 4277 1421 4346 ferre
1438 4280 1592 4365 dolores,
1618 4285 1678 4352 sed
1695 4285 1792 4376 quod
1808 4284 1900 4353 nolit
1915 4286 2091 4356 abstinere
2107 4313 2127 4356 a
2145 4314 2211 4357 vo-

1221 4379 1427 4469 luptatibus.
1477 4382 1690 4475 Impatiens,
1717 4387 1779 4480 qui
1795 4387 1935 4458 dolores
1946 4413 2023 4457 non
2038 4413 2210 4479 generose

1221 4483 1361 4552 tolerat.
1413 4483 1590 4557 Secunda:
1623 4512 1734 4582 quare
1750 4513 1827 4560 non
1852 4503 1945 4559 extet
1964 4517 2098 4560 nomen
2121 4495 2210 4564 alte·

1219 4583 1293 4654 rius
1307 4587 1466 4671 extremi,
1488 4589 1651 4660 videlicet
1667 4592 1753 4677 eius,
1780 4591 1843 4687 qui
1858 4594 1977 4664 minus
1993 4596 2130 4687 appetit
2144 4623 2210 4667 vo-

1219 4687 1390 4778 luptates,
1418 4690 1501 4785 quia
1519 4695 1574 4762 vel
1590 4695 1697 4779 nulli,
1720 4696 1777 4764 vel
1792 4696 1996 4788 paucissimi
2011 4700 2097 4769 tales
2112 4716 2209 4774 sunt.

1218 4789 1358 4861 Tertia:
1392 4805 1512 4862 utrum
1527 4797 1653 4867 vitium
1670 4797 1913 4869 voluntarium
1932 4811 2001 4884 est,
2035 4814 2069 4870 et
2091 4804 2208 4893 magis

1216 4888 1563 4985 reprehendendum,
1584 4899 1768 4986 timiditas,
1785 4925 1831 4971 an
1847 4901 2121 4996 intemperantia
2132 4904 2207 5003 im)

1249 5120 1298 5189 78)
1317 5123 1466 5193 flectantur
1483 5128 1516 5189 (1.
1530 5142 1554 5181 e.
1566 5129 1834 5182 vetenenttsstnun
1851 5133 1947 5184 edendt
1963 5133 2149 5204 sppctttunn
2165 5139 2208 5192 stc

1284 5197 1362 5245 recte
1378 5197 1428 5246 ud
1445 5198 1540 5263 luds
1563 5199 1701 5250 11111111
1719 5198 1881 5268 βουλιμίαν.

1248 5296 1298 5357 7⁹)
1316 5291 1562 5360 intemperanttsl]
1586 5300 1626 5351 stc
1648 5301 1724 5351 recte
1747 5302 1799 5354 1111.
1811 5304 1902 5368 totta
1933 5307 1983 5359 Ed.
1998 5308 2072 5362 111111.
2097 5310 2205 5375 tenpe-

1282 5361 1448 5489 atqtotp'ln-
1481 5370 1557 5420 lianc
1574 5369 1760 5433 quaestum
1774 5372 1941 5426 Aristoteles
1956 5376 2019 5430 ttt.
2035 5378 2056 5432 1.
2070 5377 2097 5430 ⁸.
2121 5392 2145 5432 e
2161 5379 2205 5433 12.
