4544 5766
709 182 832 256 Pau..
864 182 977 256 Met..
1010 182 1214 256 scalpra
1247 178 1585 260 Pnuotootct

748 458 786 534 a.
840 455 1549 553 Arrascuoxrae).

237 666 310 736 Nos
326 665 493 732 debemus
516 662 553 727 in
570 661 700 731 nostris
722 664 862 755 scriptis
883 667 928 732 ad
956 664 1122 735 similitu·
1146 715 1151 744 ,

135 768 254 838 dinem
282 768 500 858 optimorum
526 776 692 833 autorum
717 766 887 836 alludere.
943 767 1040 835 llaec
1060 750 1150 836 au-¹

135 883 204 940 tem
224 869 339 937 oratio
357 882 409 937 est
429 867 657 949 suauissima,
685 869 912 952 mollissima,
939 883 973 938 et
989 868 1122 959 gravis-

135 975 237 1043 sima.
289 972 405 1039 Habet
422 971 516 1038 enim
536 982 608 1037 tam
628 995 751 1058 graves
766 973 959 1041 sententias
981 985 1015 1039 et
1036 996 1121 1040 con-

134 1077 316 1146 venientes
333 1075 464 1142 nostris
483 1073 722 1162 temporibus,
751 1087 791 1141 ut
811 1099 885 1143 non
899 1075 974 1143 sinc
990 1099 1118 1166 magna

132 1181 315 1270 voluptate
339 1173 426 1244 llaec
450 1177 565 1243 oratio
591 1174 658 1263 legi
680 1177 802 1265 possit.
859 1176 1118 1268 Argumentum

132 1284 203 1351 tale.
219 1294 281 1350 est.
333 1279 384 1349 Μ.
398 1278 588 1349 Marcellus
601 1278 669 1347 fuit
692 1280 815 1349 consul
830 1280 894 1350 sub
908 1281 947 1348 id
968 1293 1119 1371 tempus,

133 1411 206 1479 quo
222 1384 353 1451 bellum
375 1381 475 1449 civile
497 1394 634 1449 uratum
658 1395 728 1464 est,
761 1395 796 1449 et
818 1379 1047 1453 vehementer
1068 1398 1120 1453 est

132 1490 339 1577 adversatus
361 1484 515 1554 Caesari.
574 1483 656 1553 Non
682 1484 790 1575 igitur
820 1488 973 1555 audebat
1001 1488 1117 1555 redire

131 1589 306 1668 Romam,
332 1614 410 1656 cunr
427 1587 565 1657 devicto
582 1585 756 1678 Pompeio
773 1588 902 1658 Caesar
925 1589 1118 1681 rempubli-

132 1716 211 1763 cam
227 1704 441 1782 occupasset.
493 1688 716 1782 Quibusdam
733 1703 850 1759 autem
865 1717 906 1760 ex
921 1704 1048 1761 senatu
1064 1693 1118 1759 in-

130 1794 391 1865 tercedentibus
410 1818 475 1885 pro
501 1818 542 1861 eo
563 1794 657 1883 apud
674 1792 881 1878 Caesarem,
908 1795 1118 1885 impetratus

131 1912 184 1970 est
200 1897 231 1965 ei
248 1896 392 1966 reditus.
431 1896 553 1965 Genus
569 1894 676 1982 igitur
693 1895 866 1966 orationis
880 1922 946 1987 pro
958 1896 1008 1965 M.
1020 1896 1117 1983 Mar-

130 2001 219 2069 eello
236 2000 365 2088 duplex
380 2011 444 2069 est.
483 1997 609 2065 Priore
626 1998 720 2064 enim
737 2011 836 2088 parte
854 2000 1018 2069 laudatur
1031 1999 1117 2068 Cae-

130 2103 219 2174 saris
250 2103 403 2181 lactum,
446 2112 481 2168 et
506 2111 660 2190 aguntur
688 2100 822 2188 gratiae
851 2126 917 2193 pro
952 2102 1116 2171 restituto

128 2203 321 2284 Marcello,
364 2215 470 2294 atque
492 2227 532 2269 ea
555 2226 638 2292 pars
659 2215 710 2270 ost
732 2204 870 2292 generis
896 2207 1115 2274 demonstra-

128 2306 205 2376 tivi.
257 2305 460 2375 Posteriore
479 2318 578 2394 parte
592 2304 745 2394 suspicio
759 2305 970 2376 insidiarum
988 2332 1117 2399 purga-

128 2423 205 2492 tur,
232 2433 322 2503 qnae
338 2433 421 2501 pars
438 2420 489 2477 cst
505 2407 642 2497 generis
660 2407 853 2492 iudicialis,
887 2423 921 2478 et
944 2421 1117 2479 tractatur

129 2512 352 2581 coniecturis.
406 2511 506 2578 Hauc
522 2511 722 2578 orationem
747 2511 836 2581 dixit
852 2512 976 2581 Cicero
998 2537 1115 2583 senex.

127 2612 212 2685 ldeo
232 2640 274 2683 ex
299 2614 443 2706 optimis
465 2639 537 2683 una
563 2626 624 2683 est.
693 2613 823 2682 Omnia
849 2627 931 2684 sunt
952 2610 1010 2683 bic
1032 2640 1116 2683 con-

126 2718 296 2789 tractiora
313 2730 348 2785 et
371 2716 647 2798 verecundiora,
680 2731 870 2808 propterca
895 2720 992 2812 quod
1015 2744 1116 2788 senes

126 2823 336 2913 plerumque
358 2822 497 2889 soleant
521 2820 689 2888 derebus
712 2821 874 2890 niaximis
900 2821 1115 2890 corrtractius

126 2937 162 2993 et
178 2923 409 2993 verecundius
423 2922 535 3015 loqui.

229 3026 317 3116 Cap.
340 3021 367 3093 l.
402 3020 433 3113 ᾗ.
460 3024 493 3093 1.
527 3017 715 3118 Diuturni]
749 3023 900 3093 Orditur
923 3048 942 3090 a
966 3026 1135 3112 circum<

125 3127 255 3199 stantia
289 3129 477 3218 temporis,
518 3137 553 3192 et
582 3149 734 3216 persona
759 3124 930 3195 Caesaris.
999 3128 1115 3196 Habet

126 3256 207 3300 sucis
225 3228 391 3321 periodos
407 3227 531 3296 Cicero
548 3227 586 3294 in
612 3221 677 3294 hac
704 3228 887 3311 oratione,
919 3232 978 3297 sed
1001 3230 1115 3299 voluit

126 3333 268 3402 mollius
284 3344 318 3400 et
334 3331 566 3400 verecundius
586 3328 710 3399 ordiri.
786 3329 1021 3430 Temporibus]
1049 3334 1114 3402 sci·

124 3434 205 3505 licet
220 3434 348 3530 quibus
364 3434 472 3504 armis
486 3433 677 3523 disceptari
700 3446 863 3524 coeptum
890 3447 952 3504 est.
1012 3436 1113 3506 Post-

126 3565 233 3633 quam
261 3538 355 3606 euim
380 3551 498 3607 ortum
524 3549 576 3606 cst
594 3536 725 3603 bellum
752 3536 855 3604 civile
876 3538 919 3605 de
944 3536 1022 3607 iure
1048 3564 1113 3630 pu-

122 3640 238 3719 blico,
264 3636 353 3708 nibil
369 3653 421 3709 cst
435 3653 551 3709 actum
568 3664 648 3707 cum
667 3637 839 3728 dignitate
855 3653 996 3731 praeter
1012 3642 1112 3711 resti-

122 3744 298 3813 tutionem
316 3742 488 3812 Marcelli.
565 3737 719 3838 Partim]
746 3739 886 3833 Duplex
900 3744 1111 3834 propositio.

126 3842 281 3943 Timore]
315 3844 447 3914 scilicet
475 3856 623 3937 propter
643 3842 849 3928 Caesarem,
888 3845 990 3938 quasi
1019 3847 1111 3915 dice-

123 3948 249 4044 ret³⁷):
277 3949 361 4019 Non
377 3948 480 4030 silui,
507 3948 604 4039 quod
621 3948 783 4047 timerem
806 3948 1004 4039 potentiam
1023 3949 1111 4020 Cac-

120 4052 223 4123 saris.
282 4051 406 4143 Turpe
438 4048 532 4118 enim
565 4062 654 4119 esset
676 4048 861 4119 Caesarem
892 4051 1010 4121 timeri
1032 4064 1111 4121 tan·

122 4180 230 4250 quarm
255 4168 460 4248 tyrannum.
537 4148 682 4250 Dolore]
708 4153 840 4223 scilicet
861 4167 1004 4245 accepto
1026 4179 1110 4246 pro-

120 4271 201 4350 pter
218 4256 650 4327 exulantemMarcellum.
727 4252 954 4353 verecundia]
978 4257 1109 4326 scilicet

120 4373 270 4450 propter
285 4360 500 4429 moestitiam
519 4372 743 4449 temporum,
771 4359 844 4441 vel,
875 4359 958 4453 quia
983 4360 1110 4450 puduit

120 4486 179 4531 me
193 4463 429 4553 reipublicae,
454 4462 538 4557 qnia
557 4461 790 4532 verecundiae
803 4461 871 4531 fuit
888 4487 945 4531 me
967 4462 1005 4531 in
1028 4464 1108 4532 foro

120 4563 256 4635 versari
279 4563 449 4632 Marcello
474 4565 674 4634 studiorum
699 4560 738 4633 et'
754 4565 919 4635 laborum
944 4587 1107 4635 meorum

119 4656 217 4741 socio
242 4666 417 4736 exulante.
518 4661 694 4763 Ρνίείὶηο]
726 4692 814 4760 pro,
852 4669 914 4738 diu
938 4682 1108 4759 usurpata

119 4768 388 4841 consuetudine.
442 4769 623 4840 Hactenus
645 4769 712 4838 luit
735 4771 935 4863 propositio
960 4771 1108 4843 exordii.

122 4868 288 4970 Tantam]
320 4867 445 4939 Ratio:
484 4871 605 4963 Quare
629 4885 745 4942 mutas
765 4886 861 4942 tuam
884 4875 1109 4945 consuetudi-

157 5107 207 5168 aa)
225 5109 302 5158 tteee
324 5117 429 5169 quoqne
447 5103 554 5153 scholia
578 5103 604 5152 tn
630 5105 692 5153 sota
709 5105 760 5156 ut.
774 5105 847 5156 ¹5⁶8.
871 5107 1048 5158 inveniuntur
1069 5107 1110 5158 sto

192 5176 344 5237 trascripta:
364 5173 430 5224 Alte
446 5172 552 5224 senem
568 5173 596 5221 tn
614 5172 729 5223 eunden
740 5173 883 5225 cleerords
895 5177 1109 5240 oratione-pro

192 5247 230 5299 u.
248 5245 397 5309 Marcello,
416 5242 485 5291 eati.
503 5242 604 5293 stelen.
622 5242 802 5306 praelegente
818 5248 941 5308 excepte.

149 5347 201 5407 ⁸7)
219 5349 279 5398 ttae
295 5360 396 5398 voeesr
422 5345 528 5411 „quast
545 5340 673 5395 dleeret’'
699 5343 727 5394 tn
750 5345 862 5396 oetetlts
880 5348 1015 5402 Editienls
1035 5351 1108 5403 toea.

182 5417 282 5480 ratque
300 5417 422 5479 serlptee
440 5418 505 5466 sunt
521 5426 572 5479 per
589 5415 686 5481 nomer
713 5416 745 5477 t).
763 5415 789 5466 d

1174 666 1283 733 nem?
1336 665 1431 758 Quia
1456 664 1592 757 aliquid
1615 663 1737 752 magni
1760 662 1906 744 accidit,
1939 668 2036 756 (prod
2060 692 2163 758 prae-

1174 768 1279 836 terire
1294 767 1435 836 silentio
1459 791 1534 834 uon
1559 790 1717 857 possum.
1775 764 1905 854 Magna
1929 767 2024 835 enim
2050 770 2163 840 virtus

1172 894 1246 937 non
1269 883 1385 960 potest
1405 870 1524 937 taceri.
1577 866 1706 947 ἄλλως.
1749 864 1873 934 Ratio:
1903 867 1995 959 Quia
2022 871 2061 938 in
2086 897 2161 940 ma-

1172 997 1242 1060 gno
1277 973 1408 1062 gaudio
1438 996 1544 1039 nemo
1577 970 1645 1039 sibi
1676 968 1775 1037 lacile
1807 982 2006 1060 temperare
2032 987 2160 1065 potest.

1171 1070 1271 1144 Nihil
1310 1089 1427 1144 autem
1465 1072 1578 1163 magis
1611 1073 1762 1140 delectat
1796 1085 2016 1162 praestantes
2050 1077 2159 1160 viros,

1172 1202 1279 1268 quam
1296 1176 1443 1269 insignis
1459 1177 1591 1257 virtus,
1617 1175 1827 1266 praesertim
1845 1174 1883 1242 in
1896 1179 2045 1248 summis
2061 1181 2158 1270 prin·

1172 1279 1319 1369 cipibus.
1389 1273 1554 1374 Tantam]
1577 1277 1685 1346 Ratio
1701 1277 1920 1367 posterioris,
1946 1284 2045 1373 quod
2060 1283 2156 1366 dixit,

1170 1376 1366 1450 hodiernus
1399 1380 1473 1449 dies
1511 1383 1618 1448 linem
1658 1378 1820 1448 diuturni
1859 1380 1990 1449 silentii
2030 1385 2154 1456 attulit.

1172 1479 1407 1580 Clementiam]
1434 1482 1527 1574 Quia
1544 1482 1675 1551 Caesar
1689 1480 1828 1572 ignovit
1841 1482 2025 1557 Marcello.
2099 1493 2151 1557 Ie·

1169 1583 1340 1683 auditam]
1367 1586 1498 1656 scilicet
1517 1610 1625 1678 quam
1644 1582 1890 1653 difficillimum
1910 1600 1962 1656 est
1977 1602 2150 1680 praestare

1170 1688 1207 1755 in
1224 1688 1385 1759 victoria.
1437 1688 1503 1755 Hic
1527 1700 1578 1756 est
1601 1686 1793 1756 declaratio
1817 1688 2000 1778 proximae
2027 1716 2150 1784 propo-

1169 1790 1319 1860 sitionis.
1409 1794 1578 1861 Poteetote
1600 1783 1735 1884 rerum]
1768 1789 1899 1858 scilicet
1922 1790 1960 1859 in
1984 1819 2056 1887 qua
2082 1821 2148 1864 mo

1169 1894 1255 1961 dum
1286 1905 1405 1961 tenere
1434 1890 1695 1962 difficillimum
1709 1903 1779 1974 est,
1826 1891 1923 1962 iuxta
1955 1892 2044 1965 illud
2075 1921 2148 1989 poe-

1168 2009 1226 2064 tae
1240 1995 1305 2089 m?):

1251 2114 1360 2173 Nescia
1381 2130 1464 2171 mens
1483 2111 1631 2170 bominum
1653 2110 1706 2170 fati
1727 2114 1873 2190 sortisque
1893 2113 2032 2191 suturae,

1251 2215 1292 2275 Et
1309 2231 1427 2273 serrare
1447 2213 1582 2288 motum,
1610 2213 1699 2271 rebus
1721 2213 1834 2273 sublata
1855 2215 2002 2275 emundis.

1167 2313 1328 2414 Modum]
1356 2316 1486 2387 scilicet
1500 2316 1798 2387 moderationem.
1876 2323 1929 2388 Ac
1947 2315 2076 2416 paene]
2100 2316 2148 2386 b-

1168 2431 1399 2491 crementum.

1271 2521 1303 2612 ὃ.
1320 2528 1356 2596 2.
1382 2526 1438 2594 Μ.
1457 2516 1645 2617 Marcello]
1670 2520 1857 2590 Transiert
1879 2523 2090 2592 beneficium
2111 2526 2150 2591 ad

1167 2652 1222 2708 se,
1258 2639 1380 2720 estque
1403 2624 1553 2693 rationis
1576 2624 1800 2693 confirmatio
1823 2648 1887 2714 per
1909 2626 2150 2715 amplificatio-

1168 2754 1261 2797 nem.
1338 2721 1521 2822 nontam]
1548 2726 1737 2795 Conclusio
1761 2726 2004 2797 translationis
2028 2741 2065 2797 et
2085 2728 2152 2821 pri-

1168 2856 1224 2900 ma
1243 2829 1501 2922 propositionis
1518 2828 1710 2920 expositio,
1737 2828 1820 2922 quia
1836 2829 1925 2897 dixit
1948 2855 1985 2899 se
2006 2833 2152 2901 tacuisse

1168 2934 1299 3026 partim
1316 2933 1458 3015 dolore,
1484 2930 1588 3025 quia,
1614 2956 1693 3000 cum
1711 2933 1846 3001 abesset
1861 2930 2069 3015 Marcellus,
2096 2934 2155 3027 qui

1166 3061 1258 3106 unus
1271 3037 1430 3128 reliquus
1451 3047 1528 3103 erat
1544 3059 1585 3102 cx
1606 3033 1917 3125 praestantissimis
1941 3037 2154 3119 oratoribus,

1166 3141 1315 3231 putabat
1343 3161 1549 3229 oppressam
1581 3161 1654 3206 esse
1690 3137 1917 3206 autoritatem
1957 3151 2153 3209 oratorum.

1165 3244 1269 3314 Nunc
1285 3242 1346 3309 illo
1362 3239 1526 3310 restituto
1546 3264 1664 3308 meam
1688 3240 1916 3308 autoritatem
1941 3236 2031 3309 mibi
2055 3243 2152 3312 resti-

1165 3346 1234 3415 tuit
1268 3344 1409 3414 Caesar.
1496 3338 1630 3438 Talem]
1669 3342 1801 3411 scilicet
1832 3342 2044 3411 Marcellum
2080 3358 2151 3414 tarn

1165 3449 1300 3518 clarum
1324 3460 1360 3516 et
1382 3457 1622 3537 praestantem
1644 3445 1782 3528 virum,
1818 3446 1902 3538 quia
1926 3457 2078 3538 uterque
2104 3462 2153 3518 est

1164 3564 1304 3621 secutus
1318 3561 1437 3641 partes
1446 3548 1621 3638 Pompeii.
1695 3552 1739 3616 In
1754 3543 1888 3644 eodem]
1907 3548 2152 3619 scilicetPorn-

1164 3654 1305 3746 peiana.
1375 3657 1448 3722 Nee
1463 3646 1567 3746 midi]
1592 3648 1700 3718 Ratio
1719 3648 1805 3733 eius,
1833 3652 1930 3743 quod
1947 3650 2049 3733 dixit,
2075 3678 2152 3745 par·

1164 3757 1228 3825 tirn
1245 3752 1469 3825 verecundia.
1554 3748 1748 3849 maimo]
1775 3751 1907 3823 scilicet
1924 3754 2060 3825 forensi
2083 3769 2151 3826 stu·

1164 3859 1243 3941 dio,
1285 3858 1340 3926 vel
1365 3855 1516 3948 pristina
1540 3868 1576 3923 et
1597 3854 1702 3924 solita
1725 3854 1975 3924 exercitatione
1999 3856 2148 3928 dicendi.

1163 3957 1273 4057 Ergo]
1308 3957 1519 4039 Conclusio,
1559 3981 1622 4026 cur
1645 3959 1818 4047 gandeat,
1849 3955 1979 4039 ἄλλως.
2031 3959 2148 4031 Altera

1162 4060 1360 4133 translatio.
1410 4061 1596 4130 Transfert
1611 4060 1706 4128 enim
1722 4062 1768 4129 ad
1784 4061 2055 4150 rempublicam.
2091 4063 2150 4134 ἄλ-

1162 4171 1246 4247 λως.
1297 4158 1526 4255 Apostrophe
1549 4166 1593 4231 ad
1618 4162 1828 4246 Caesarem,
1863 4187 1932 4255 qua
1958 4166 2149 4256 amplificat

1160 4268 1371 4338 beneficium
1387 4292 1452 4360 per
1464 4265 1748 4335 translationem.
1799 4265 1877 4334 Hoc
1892 4265 2083 4355 diligenter
2103 4280 2149 4337 est

1161 4372 1442 4454 observandum,
1476 4368 1685 4438 Ciceronem
1710 4368 1748 4435 in
1770 4367 1996 4439 brevioribus
2017 4371 2147 4440 oratio

1159 4474 1264 4544 nibus
1282 4499 1355 4544 esse
1373 4474 1486 4564 magis
1502 4471 1681 4551 Atticum,
1707 4473 1947 4541 verecundum
1967 4484 2004 4540 et
2018 4474 2146 4544 studio

1160 4602 1238 4647 snm
1262 4577 1504 4669 proprietatis.
1606 4569 1851 4670 interclusam]
1883 4573 2016 4644 sedicet
2044 4577 2146 4646 inter·

1160 4693 1311 4770 ceptam.
1387 4673 1553 4776 Sigeum]
1580 4670 1791 4766 Metaphora
1808 4689 1950 4768 sumpta
1975 4702 1997 4745 a
2018 4702 2060 4748 re
2086 4678 2144 4748 mi-

1159 4782 1268 4852 litari.

1263 4882 1295 4976 ἐ.
1311 4885 1347 4955 3.
1373 4878 1600 4980 Intellectum]
1628 4876 1833 4980 αἰτιολογία
1852 4882 2144 4973 amplificationis,

1161 4988 1197 5054 in
1213 5014 1283 5081 qua
1298 4987 1382 5056 lacit
1397 5012 1439 5057 ex
1453 4986 1594 5080 privato
1610 4983 1782 5053 beneficio
1798 4985 2058 5076 praeiudicium
2075 4987 2142 5056 ani-

1160 5090 1210 5159 mi
1233 5090 1440 5161 Caesariani
1463 5092 1508 5159 ad
1531 5087 1800 5178 rempublicam.
1884 5082 2141 5184 Orfeumoaslns]

1159 5193 1290 5262 scilicet
1312 5193 1503 5262 acerbitate
1527 5189 1699 5261 Marcelli.
1776 5187 2053 5288 Suepleloeilee]
2085 5191 2140 5262 sci-

1194 5408 1645 5476 mesammones
