4544 5766
201 186 275 260 159

317 363 441 455 Quae
473 372 581 431 sunt
615 382 777 428 causae
813 359 1075 430 amicitiae?

306 501 420 570 Causa
444 497 597 566 efficiens
620 508 671 566 est
693 496 904 582 declinatio,
935 522 997 567 seu
1020 497 1189 568 iudicium

203 618 352 674 naturae
371 597 549 670 humanae
573 601 619 667 ad
642 600 827 668 colendam
851 601 1077 684 societatem,
1099 624 1190 696 quae

204 709 270 777 etsi
292 705 389 774 ducit
404 728 469 772 nos
491 703 529 770 in
551 727 678 792 genere
707 704 752 769 ad
778 728 922 786 omnes,
956 717 1075 772 tamen
1107 730 1191 796 pro-

203 811 280 902 prie
304 832 370 876 nos
393 805 521 873 invitat
541 806 586 872 ad
612 830 672 874 eos
699 807 872 876 amandos
897 819 932 874 et
954 810 1190 900 complecten-

203 914 285 992 dos,
311 910 372 1005 qui
393 908 497 977 nobis
517 907 596 975 noti
616 920 698 977 sunt
720 920 755 976 et
777 934 843 978 usu
865 909 1056 980 coniuncti.
1106 908 1190 980 ldeo

203 1013 359 1083 amicitia
382 1036 456 1080 non
479 1022 596 1103 potest
611 1023 684 1078 tam
708 1011 779 1079 late
802 1025 943 1103 patere,
970 1039 1078 1107 quam
1096 1039 1191 1083 com-

202 1115 322 1187 munis
346 1114 406 1183 illa
431 1113 598 1196 societas,
625 1139 716 1208 quae
738 1114 841 1183 nobis
865 1128 916 1185 est
937 1141 1015 1184 cum
1033 1130 1109 1185 toto
1125 1112 1191 1186 hu-

202 1245 312 1289 mano
338 1240 479 1307 genere.
529 1215 668 1285 Deinde
691 1216 863 1310 qnoniam
886 1217 1041 1313 amicitia
1064 1232 1116 1289 est
1138 1219 1191 1288 iu-

203 1323 299 1393 stitia
333 1321 528 1415 quaedam,
554 1319 698 1411 proprie
719 1320 763 1389 iis
788 1345 854 1389 nos
881 1320 1032 1412 obligat,
1069 1347 1192 1416 aqu1-

203 1427 269 1494 bus
294 1422 447 1492 vicissim
472 1421 665 1512 diligimur.

307 1523 458 1595 Materia
481 1525 656 1594 obiectum
681 1538 751 1608 est,
791 1525 954 1594 videlicet
976 1522 1086 1595 homo
1111 1525 1191 1594 dib-

204 1631 358 1720 gendus,
384 1629 446 1697 sed
461 1652 541 1697 cum
559 1622 650 1696 nihil
668 1639 853 1718 expetatur
866 1629 936 1698 nisi
949 1630 1104 1713 bonum,
1132 1631 1191 1697 de-

204 1733 323 1800 belin
349 1756 411 1814 eo,
446 1732 543 1824 quod
567 1732 761 1800 amandum
785 1731 968 1814 duximus,
994 1756 1096 1802 causa
1121 1757 1191 1800 exr-

205 1848 296 1903 stere
321 1833 457 1901 bonum
490 1833 648 1926 aliquod.
713 1832 804 1901 Sunt
827 1846 944 1904 autem
970 1830 1057 1903 hacc
1084 1834 1192 1917 bona,

205 1937 338 2017 uirtus,
363 1935 511 2018 merita,
546 1935 731 2026 cognatio,
767 1937 823 2005 vel
845 1951 995 2021 natura,
1022 1936 1077 2006 vel
1103 1938 1192 2028 lege,

205 2040 261 2107 rel
279 2064 345 2108 usu
364 2038 484 2131 aliquo
508 2040 612 2108 facta
663 2038 800 2109 Natura
826 2040 921 2108 enim
940 2040 1019 2108 Deo
1043 2066 1109 2111 nos
1131 2042 1191 2107 ad-

205 2141 340 2231 iungit,
367 2140 495 2209 deinde
510 2140 697 2230 coniuges,
725 2157 890 2232 parentes
907 2155 941 2211 et
961 2144 1092 2212 liberos
1109 2167 1192 2210 con-

205 2245 328 2314 sociat.
380 2242 454 2312 Lex
477 2243 661 2334 coniungit
678 2268 743 2312 nos
766 2269 845 2315 cum
870 2247 1005 2337 patria,
1039 2242 1107 2314 hoc
1129 2258 1191 2327 est,

206 2374 285 2417 curn
302 2345 457 2416 Ecclesia
475 2359 510 2414 et
527 2346 708 2438 republica
730 2370 770 2414 ac
787 2349 933 2419 civibus.
986 2349 1080 2418 Usus
1095 2373 1191 2415 com-

205 2450 325 2521 munis
349 2448 442 2518 ritae
468 2450 652 2539 coniungit
671 2474 738 2518 nos
755 2475 833 2521 cum
850 2452 995 2536 vicinis,
1022 2478 1101 2520 cum
1119 2464 1191 2520 stu-

205 2553 348 2621 diorum
364 2565 398 2621 et
413 2552 655 2644 periculorum
669 2551 784 2625 sociis.
835 2555 931 2623 Haec
946 2579 1075 2645 genera
1097 2579 1192 2622 com-

204 2657 407 2747 plectuntur
423 2681 547 2726 omnes
561 2655 692 2747 speeies
708 2679 846 2740 eorum,
863 2683 942 2729 cum
962 2659 1090 2752 quibus
1104 2681 1191 2726 amr-

205 2759 309 2827 eitiac
335 2758 521 2841 constitui,
562 2771 597 2826 et
625 2759 750 2827 foedus
776 2763 958 2854 quoddam
982 2786 1055 2831 esse
1075 2761 1190 2829 debet

204 2862 255 2930 Ut
278 2860 374 2928 enim
398 2862 592 2930 denatura
617 2861 792 2933 dicamus:
834 2863 1043 2934 Aristoteles
1064 2858 1190 2931 buma-

204 2963 350 3033 nissime
375 2962 480 3045 dicit,
519 2964 612 3031 inter
637 2963 804 3054 coniuges
826 2966 954 3036 debere
976 2990 1051 3034 non
1075 2966 1190 3035 solum

204 3091 385 3148 amorem,
413 3065 601 3135 sedetiam
623 3065 817 3135 amicitiam
834 3093 927 3151 esse,
952 3063 1021 3138 boc
1040 3080 1110 3150 cst,
1137 3067 1190 3136 in-

204 3170 339 3240 stitiam
357 3172 557 3262 quandam,
582 3193 652 3261 qua
677 3169 843 3260 coniuges
859 3171 953 3239 inter
968 3197 1023 3254 se,
1049 3171 1190 3240 virtutis

206 3285 240 3340 et
256 3269 488 3340 humanitatis
505 3270 641 3361 potius,
670 3297 778 3363 quam
800 3300 884 3344 usus
905 3298 1029 3356 causa,
1055 3287 1190 3357 amant,

205 3376 290 3468 quia
306 3388 432 3444 natura
451 3399 517 3443 nos
535 3375 581 3443 ad
595 3369 688 3441 hanc
704 3376 907 3447 societatem
928 3377 1069 3459 invitat,
1091 3376 1189 3445 dein-

192 3482 267 3561 de,
299 3491 340 3547 ut
363 3477 559 3571 aequalitas
583 3479 758 3571 quaedam
783 3481 1019 3551 constituatur
1035 3480 1189 3549 iustitiae

203 3582 371 3672 propria,
403 3606 447 3649 ne
475 3582 564 3649 alter
589 3581 718 3651 coniux
738 3585 927 3675 tyrannide
950 3585 1102 3653 alterum
1127 3609 1189 3674 op-

190 3708 364 3775 pressum
391 3696 530 3763 teneat,
557 3683 618 3750 sed
641 3696 682 3752 ut
711 3699 836 3755 mutua
862 3687 1032 3776 obligatio
1060 3711 1100 3754 ac
1129 3687 1189 3754 be-

203 3784 406 3855 nevolentia
430 3785 532 3876 quasi
555 3808 660 3873 pares
682 3787 829 3868 eiiieiat,
863 3813 974 3882 eaque
993 3788 1188 3880 aequalitas

203 3887 321 3980 pariat
357 3884 717 3957 communicationem
752 3891 1003 3972 consiliorum,
1041 3891 1187 3960 faculta-

203 4004 280 4059 tum
308 4001 342 4057 et
364 3986 666 4057 administrandae
688 3991 844 4060 familiae
866 4006 930 4063 etc.
970 3993 1186 4086 Quanquam

204 4107 321 4161 autem
353 4090 523 4159 differunt
552 4091 694 4180 parium
720 4107 754 4162 et
777 4095 969 4187 imparium
997 4096 1187 4179 amicitiae,

202 4210 324 4263 tamen
340 4207 379 4264 ut
394 4207 515 4286 postea
533 4194 669 4278 dicam,
696 4199 891 4289 aequalitas
915 4201 1089 4292 quaedam
1115 4201 1185 4267 esli-

204 4300 327 4366 cienda
350 4311 412 4367 est.
480 4295 602 4390 ltaque
626 4324 700 4368 non
724 4313 775 4369 est
797 4303 1004 4391 parentibus
1030 4303 1184 4371 amicitia

203 4428 282 4471 curn
293 4401 425 4483 liberis,
441 4400 509 4469 nisi
525 4415 688 4491 parentes
705 4403 856 4473 vicissim
875 4405 1004 4475 debere
1016 4431 1052 4475 se
1066 4405 1186 4475 liberis

202 4516 379 4585 statuant,
404 4528 469 4569 nec
490 4499 645 4573 babeant
659 4532 719 4575 eos
734 4531 919 4576 serrorum
935 4521 996 4575 aut
1011 4510 1185 4599 pecudum

202 4609 294 4676 loco.
345 4605 447 4673 Alter
469 4606 599 4695 gradus
621 4622 673 4679 cst
697 4635 842 4692 eorum,
875 4611 938 4703 qui
960 4612 1036 4701 lege
1062 4636 1186 4680 conso-

203 4710 285 4778 ciati
311 4721 412 4791 sunt,
438 4720 490 4776 est
514 4720 632 4778 autem
657 4716 885 4784 anteferenda
910 4715 1075 4784 omnibus
1097 4714 1186 4781 anri-

203 4813 293 4882 citiis
312 4837 351 4880 ea
370 4810 594 4894 conitmctio,
621 4838 711 4906 quae
727 4816 831 4885 nobis
849 4844 927 4886 cum
944 4817 1080 4909 patria,
1106 4842 1185 4886 cum

201 4915 358 4984 Ecclesia
374 4939 414 4983 ac
430 4912 613 5004 republica
635 4941 708 4985 esse
730 4920 854 5001 debet,
876 4933 918 4989 ut
939 4917 1186 4991 honestissime

202 5021 298 5111 apud
312 5013 524 5108 Sophoclem
533 5015 565 5110 ⁴)
581 5018 722 5105 dicitur,
748 5046 823 5089 non
842 5046 914 5093 csse
929 5023 1042 5115 pluris
1055 5025 1186 5093 sacien-

200 5123 265 5192 dos
281 5119 434 5201 amicos,
462 5144 570 5213 quarn
587 5123 755 5213 patriam,
779 5125 841 5193 sed
856 5127 951 5194 salva
966 5126 1083 5218 patria
1098 5127 1187 5196 ami-

202 5251 260 5295 cos
276 5223 457 5293 faciendos
475 5247 564 5292 esse«.

201 5369 262 5380 σω
285 5370 392 5377 —--·---

232 5433 267 5484 4)
284 5368 429 5486 sophoclis
448 5427 540 5491 Antig.
563 5427 618 5477 189
640 5426 696 5477 190.

471 185 673 261 SCRIPTA
698 186 774 259 PH.
797 183 912 260 affin.
936 186 1006 258 AD
1029 187 1243 264 E'I‘HICEN
1266 188 1614 266 seroltmunt
1640 189 1952 266 SPECTANTIA.

2144 196 2226 271 too

1327 356 1377 442 ἥδ’
1400 358 1482 427 ἐστὶν
1505 356 1526 444 ἡ
1549 356 1707 440 σώζουσα,
1739 362 1790 426 ml
1811 356 1928 443 ταύτης
1950 357 1999 427 ἔπι

1328 460 1474 540 πλέοντες
1496 460 1617 547 ὀρθῆς,
1637 462 1712 539 τοὺς
1733 465 1843 550 φίλους
1863 458 2053 543 παυόμεθα.

1241 567 1449 640 Postremus
1469 570 1601 659 gradus
1615 582 1669 640 est
1681 595 1748 640 usu
1766 570 2061 654 coniunctorum,
2088 569 2171 641 ideo
2185 571 2230 639 de

1242 671 1424 740 vicinitate
1457 672 1508 739 ait
1531 672 1777 767 Terentius⁶):
1821 672 1886 740 Vel
1911 672 2097 756 vicinitas,
2133 676 2228 766 quod

1244 799 1307 864 ego
1324 774 1363 842 in
1378 774 1583 867 propinqua
1599 775 1776 842 amicitiae
1792 774 1932 869 partel)
1954 788 2054 865 puto.
2106 774 2172 845 Est
2195 790 2231 844 et

1242 901 1433 946 commune
1461 877 1638 946 obiectum
1662 877 1838 946 amicitiae
1862 878 2072 948 similitudo.
2136 879 2229 948 Nam

1243 980 1407 1048 universa
1424 992 1552 1049 natura
1570 980 1618 1047 ita
1634 1004 1670 1049 se
1688 976 1807 1063 habet,
1828 992 1867 1048 ut
1881 981 2011 1049 similia
2028 981 2132 1050 facile
2148 1006 2229 1052 cum

1242 1081 1416 1152 similibus
1445 1083 1640 1172 iungantur
1675 1106 1716 1150 ac
1744 1083 1973 1152 misceantur.
2030 1081 2118 1153 lnde
2143 1083 2229 1154 illud

1244 1197 1295 1254 est
1308 1198 1424 1255 vetus:
1451 1180 1582 1276 ὅμοιον
1599 1181 1719 1282 ὁμοίῳ
1742 1183 1854 1282 φίλον
1870 1185 1901 1280 7)
1924 1185 2038 1254 simile
2054 1199 2107 1256 est
2120 1187 2229 1256 simili

1165 1322 1174 1337 ·
1243 1289 1409 1357 amicum.
1467 1285 1590 1379 ltaque
1612 1312 1692 1357 cum
1715 1288 1818 1381 quasi
1843 1313 1910 1357 nos
1933 1288 2048 1378 ipsos,
2090 1302 2156 1359 ant
2177 1315 2230 1374 ea,

1243 1391 1371 1484 quibus
1385 1389 1558 1482 capimur,
1572 1390 1610 1457 in
1625 1390 1799 1460 similibus
1815 1391 1997 1459 intuemur
2011 1404 2119 1485 atque
2134 1417 2230 1462 com-

1165 1525 1174 1540 ·
1241 1495 1449 1586 plectimur,
1497 1493 1782 1562 benevolentiam
1816 1493 2013 1562 similitudo
2050 1495 2229 1566 conciliat.

1242 1597 1429 1666 Postremo
1447 1596 1484 1662 in
1504 1596 1669 1665 omnibus
1691 1596 1869 1689 quaedam
1894 1597 2007 1665 inesse
2030 1596 2228 1669 similitudo
2266 1644 2271 1681 ,

1166 1731 1174 1746 ·
1242 1701 1366 1783 debet,
1407 1698 1520 1768 virtus
1545 1722 1619 1765 non
1644 1711 1763 1789 potest
1786 1722 1868 1766 vere
1892 1699 2007 1767 amari
2034 1701 2079 1767 ab
2107 1701 2228 1770 animo

1243 1798 1459 1870 abhorrente
1474 1826 1493 1869 a
1511 1801 1661 1883 virtute,
1687 1827 1752 1871 nec
1768 1813 1886 1892 potest
1906 1826 1980 1870 esse
2000 1825 2083 1870 vera
2107 1826 2149 1873 ac
2171 1806 2228 1874 iir-

1242 1929 1301 1973 ma
1325 1905 1480 1972 amicitia
1506 1905 1599 1971 inter
1629 1905 1831 1973 voluntates
1858 1904 1896 1971 in
1925 1929 2064 1973 summa
2097 1906 2229 1976 dissen-

1243 2008 1390 2090 tientes,
1418 2007 1556 2076 etiamsi
1571 2007 1751 2076 interdum
1766 2031 1850 2075 casu
1865 2005 1987 2100 aliquo
2003 2009 2229 2098 copulantur.
2269 2063 2272 2091 ,

1244 2111 1364 2202 Quare
1380 2112 1557 2178 Homerus
1573 2109 1661 2177 dixit
1677 2135 1752 2178 non
1776 2134 1849 2178 esse
1870 2111 1971 2177 iirma
1994 2112 2142 2181 foedera
2166 2109 2229 2182 bo-

1242 2214 1398 2283 minibus
1421 2237 1501 2281 cum
1523 2212 1685 2282 leonibus
1700 2212 1753 2308 9)
1786 2207 1855 2280 hoc
1877 2225 1948 2296 est,
1982 2237 2057 2281 non
2080 2229 2231 2306 possunt

1244 2340 1316 2386 esse
1339 2312 1533 2385 humilibus
1559 2315 1736 2384 amicitiae
1761 2315 1940 2384 durabiles
1963 2339 2043 2383 enm
2074 2320 2265 2411 potenti-1

1241 2421 1327 2501 buS,
1365 2413 1587 2510 philosophis
1613 2443 1692 2486 cerm
1719 2396 1899 2510 tyrannis,
1940 2418 2030 2486 sicut
2055 2432 2092 2487 et
2112 2421 2264 2494 Hora·
2271 2481 2272 2484 ,

1242 2520 1350 2615 t1ns⁸)
1360 2523 1422 2589 art
1441 2520 1588 2590 Dulcis
1579 2521 1771 2612 inexpertis
1786 2523 1923 2591 ctdtura
1940 2522 2096 2611 potentis
2111 2525 2263 2599 amici·¹
2271 2604 2272 2616 ¹

1166 2656 1174 2670 ·
1243 2624 1290 2694 Et
1314 2626 1419 2693 Plato
1443 2622 1688 2693 venustissime
1712 2623 1818 2706 dixit,
1855 2623 1922 2692 sibi
1947 2647 2027 2692 cum
2051 2624 2229 2720 Dionysio
2257 2695 2271 2716 „

1243 2752 1317 2796 non
1338 2752 1460 2795 reram
1482 2726 1696 2810 amicitiam,
1722 2729 1782 2796 sed
1796 2722 2039 2821 praecipitiae
2048 2722 2270 2824 *)fuisse.

1241 2830 1288 2898 Et
1302 2854 1408 2899 senex
1423 2832 1518 2946 apud
1532 2782 1727 2898 Plautnni
1717 2854 1755 2897 ιιι
1771 2828 1956 2898 Aulularia
1972 2844 2079 2918 negat
2102 2857 2140 2901 se
2162 2835 2229 2905 asi-
2252 2882 2263 2933 p

1242 2957 1329 3001 num
1368 2946 1463 3000 recte
1503 2933 1648 3023 iungere
1691 2956 1794 3024 posse
1828 2929 1997 3024 bovi10),
2042 2946 2078 3002 et
2111 2937 2250 3031 addit

1242 3035 1417 3104 Neutrohi
1447 3030 1596 3102 habeam
1623 3036 1747 3103 stabile
1771 3034 1970 3116 stabulum,
2011 3034 2150 3129 siquid
2174 3040 2258 3108 di
2252 3115 2272 3136 ⁸

1242 3138 1351 3206 tottii
1382 3139 1444 3205 liat
1461 3135 1517 3230 ιι).
1584 3137 1748 3231 Denique
1773 3162 1853 3205 cum
1884 3137 1922 3203 in
1952 3138 2109 3207 amicitia
2138 3142 2254 3244 effici

1242 3242 1423 3359 quandam
1450 3240 1701 3333 aequalitatem
1726 3251 1910 3331 oporteat,
1937 3251 1989 3308 est
2008 3241 2104 3310 enim
2128 3198 2254 3316 insti-
2242 3282 2253 3346 q

1241 3342 1311 3410 tiae
1327 3344 1478 3433 species,
1505 3367 1645 3412 necesse
1663 3356 1714 3411 est
1735 3344 1987 3437 aliquomodo
2012 3345 2186 3416 obiecta
2174 3370 2229 3416 rn-

1241 3457 1296 3515 ter
1313 3471 1349 3514 se
1364 3446 1492 3515 similia
1517 3470 1601 3515 esse.
1661 3448 1754 3516 Nam
1779 3443 1868 3514 haec
1889 3447 2138 3518 convenientia
2164 3453 2247 3520 ob-

1241 3549 1415 3617 iectorum
1431 3549 1526 3640 parit
1543 3549 1812 3619 similitudinem
1829 3549 2067 3620 ιοΙιιιιῐιιιιιιιι.

1343 3652 1456 3722 Causa
1482 3652 1643 3720 formalis
1664 3652 1841 3720 amicitiae
1865 3664 1916 3719 est
1932 3651 2006 3743 ipsa
2024 3668 2150 3726 mutua
2167 3658 2242 3760 be
2248 3636 2272 3652 Δ

1239 3754 1442 3823 nevolentia
1470 3754 1668 3824 amicorum
1694 3755 1786 3823 inter
1810 3778 1884 3823 sese
1912 3755 2061 3825 excitata
2084 3759 2131 3826 ab
2153 3716 2263 3864 ‘mi

1240 3857 1412 3927 cientibus
1430 3858 1542 3926 causis
1559 3870 1593 3924 et
1609 3858 1772 3940 obiectis,
1800 3881 1891 3950 quae
1906 3860 2086 3943 recensui,
2114 3870 2234 3957 eaque
2269 3943 2272 3946 Α

1238 3960 1508 4043 ῙιειιειοΙιιιείιι,
1535 3984 1615 4028 cum
1635 3961 1680 4029 sit
1696 3972 1841 4041 rnxrtua,
1868 3972 1919 4027 est
1936 3985 2019 4029 iera
2046 3966 2233 4056 quaedum

1239 4065 1442 4133 animorum
1465 4063 1580 4153 copul
1582 4065 1643 4130 ltro
1670 4076 1775 4155 atque
1799 4062 2021 4148 coniunctio,
2043 4091 2115 4159 qua
2138 4064 2247 4137 almi

1239 4190 1299 4235 cus
1331 4167 1483 4234 amicum
1510 4166 1605 4234 relut
1629 4191 1664 4235 se
1690 4166 1804 4255 ipsum
1834 4168 2102 4256 complectitur,
2142 4167 2258 4271 hines

1271 4429 1303 4496 5)
1321 4432 1430 4482 Terent.
1449 4432 1632 4481 Heautontim.
1653 4434 1676 4495 i,
1698 4433 1722 4497 1,
1741 4438 1765 4485 4.
1783 4436 1809 4482 5.

1271 4516 1302 4584 0)
1321 4516 1457 4567 amicitiae
1481 4520 1573 4577 parte]
1596 4518 1636 4564 sic
1659 4518 1726 4568 Edd.
1747 4520 1822 4568 154⁰.
1846 4522 1874 4569 et
1895 4521 1984 4582 tatum
2015 4523 2086 4583 apud
2113 4526 2227 4579 Terent.

1308 4587 1424 4649 legitur:
1452 4589 1532 4647 parte
1549 4587 1694 4637 anxicttiae.

1272 4671 1302 4736 7)
1322 4672 1392 4720 Plat.
1411 4673 1495 4733 Gorg.
1520 4669 1684 4735 (operiet.
1705 4674 1738 4722 tr.
1757 4675 1849 4734 stopa.
1869 4674 1931 4723 ΤΗΙ
1956 4675 2158 4737 90100-
2182 4680 2255 4733 ει,

1306 4740 1416 4856 litt
1436 4741 1559 4872 illl!
1562 4755 1601 4859 23¹
1617 4740 1706 4858 til
1732 4741 1892 4860 “diiii
1907 4758 1934 4793 ¹⁸
1952 4741 2194 4874 tirtel
2125 4744 2266 4821 ²³⁰²*

1308 4843 1383 4928 r..xi
1401 4853 1501 4938 ..aaa
1518 4889 1544 4928 a
1564 4827 1660 4929 Ξἰιμ
1676 4826 1733 4962 Bii-
1751 4881 1815 4929 vu.
1828 4826 1943 4943 voigi,¹
1958 4882 2041 4939 ιιειι

1271 4945 1302 5009 8)
1322 4948 1399 4995 Hom.
1417 4946 1448 4996 ΙΙ.
1466 4946 1511 5011 29,
1528 4947 1588 4999 969.
1616 4943 1652 5005 ὥς
1675 4943 1724 4997 οὐκ
1743 4946 1800 4998 ἔστι
1817 4947 1910 5002 λέουσι
1927 4946 1973 5000 και
1990 4944 2165 5016 ardpciocr'
2142 4969 2231 5043 opu

1307 5009 1400 5063 πιστά.

1271 5102 1302 5160 9)
1322 5100 1418 5149 uorat
1437 5100 1514 5162 epist.
1532 5102 1552 5154 1.
1572 5102 1614 5165 18,
1631 5103 1674 5152 80.
2212 5098 2252 5145 ι’·

1273 5185 1305 5250 *)
1324 5189 1401 5237 itanc
1420 5198 1515 5236 vocem
1531 5200 1619 5249 neque
1635 5191 1706 5250 apud
1724 5191 1880 5256 Platonem,
1900 5206 1987 5255 nequa
2002 5196 2030 5243 in
2048 5196 2107 5247 utto
2125 5178 2267 5255 lauh*-

1194 5263 1197 5267 ’
1307 5256 1460 5306 invenimus
1479 5257 1512 5315 (i.
1531 5271 1556 5320 q.
1574 5256 1659 5322 μικριὶ
1678 5258 1781 5326 φιλία).

1200 5404 1202 5411 A
1275 5342 1321 5400 10)
1341 5330 1419 5391 cine.
1437 5339 1526 5389 Plaut.
1544 5341 1634 5389 Arrlul.
1652 5343 1679 5406 2,
1698 5344 1725 5405 2,
1743 5344 1864 5395 59-04.

1275 5424 1321 5492 ii)
1340 5427 1404 5478 tut.
1419 5426 1448 5490 9,
1464 5425 1493 5490 9,
1509 5427 1552 5478 09.
1572 5427 1616 5488 (in
1632 5429 1675 5480 etl.
1694 5429 1815 5493 sipont:
1835 5433 1990 5485 renuunt.

2071 5436 2177 5503 ιιιιι.
