4544 5766
51 172 135 249 209

152 344 422 419 Consideranda
441 358 561 417 autem
588 360 674 419 suut
699 345 788 419 haec
819 349 1038 433 discrimina,

44 461 87 521 ut
110 449 286 535 sciamus,
313 472 407 542 quae
427 450 627 541 potentiae,
654 455 837 544 quomodo
859 454 1037 544 regendae

45 552 134 637 sint,
160 566 198 622 et
212 565 254 623 ut
268 552 445 644 nosipsos
461 554 506 621 ad
525 577 645 625 curam
658 559 897 644 regendarum
913 568 1039 648 poten-

44 655 1037 752 tiarumexuscitemns‚utPaulusinquit(Ront.6,18.):

45 757 348 849 Facite-membra
361 770 479 827 vestra
497 782 598 828 arma
614 759 781 831 iustitiae.
830 760 1037 852 Vegetativa

47 874 85 929 et
105 885 232 930 sensns
247 873 358 951 egeant
371 861 595 946 naturaliter,
618 886 684 930 nec
698 887 763 953 per
777 889 851 934 sese
867 864 1039 933 obediunt

48 963 243 1047 voluntati,
260 965 323 1032 sed
336 976 508 1053 reguntur
523 988 587 1054 per
600 965 868 1039 locomotivam.
918 967 1037 1035 Homo

48 1069 173 1149 furax,
200 1065 337 1135 etiamsi
353 1066 582 1156 cupiditatem
606 1068 723 1139 cordis
744 1094 819 1139 non
841 1082 961 1161 potest
981 1092 1039 1137 ex-

50 1169 235 1260 tinguere,
261 1182 384 1238 tamen
399 1181 434 1236 et
451 1181 587 1260 potest,
612 1183 648 1239 et
660 1172 771 1242 ‚debet
793 1197 858 1266 per
879 1172 1039 1255 locomo-

52 1272 162 1341 ticam
189 1268 376 1340 cohercere
399 1296 541 1342 manus.
592 1272 693 1342 Hanc
717 1275 916 1345 libertatem
940 1274 1039 1343 Deus

53 1375 128 1444 rnlt
144 1374 323 1468 reliquam
339 1399 412 1443 esse
428 1373 467 1442 in
481 1370 646 1460 bomine,
672 1378 830 1469 primum
853 1389 894 1448 ut
909 1376 1039 1446 intelli-

52 1489 155 1568 gatur
169 1477 364 1547 discrimen
378 1477 472 1546 inter
494 1502 600 1567 agens
621 1479 773 1551 liberum
798 1493 834 1549 et
855 1504 931 1548 non
952 1480 1040 1548 libe·

52 1606 152 1663 rum,
186 1593 223 1649 et
251 1592 293 1650 ut
320 1579 472 1649 sciamus
495 1578 611 1651 Deum
643 1607 717 1653 esse
747 1607 854 1675 agens
874 1584 1040 1664 liberum,

54 1682 225 1777 deinde⁴)
256 1696 298 1752 ut
337 1683 522 1774 disciplina
561 1698 742 1768 servetur,
795 1699 830 1757 et
872 1686 949 1778 ipsa
988 1687 1040 1754 fa·

54 1788 163 1856 cultas
184 1785 447 1871 locomotivae,
479 1811 542 1856 seu
562 1811 777 1871 nervorum,
811 1789 1040 1858 manifestum

548 173 664 248 -·.n
706 174 915 251 amicae
938 173 1538 261 mmamsanmnnnrn·
1575 233 1595 241 ..

2000 181 2077 271 tto

1089 348 1128 417 in
1151 347 1309 419 Ecclesia
1333 348 1501 440 repetivit
1515 347 1559 445 ⁷).
1621 349 1680 421 sie
1704 350 1847 422 condita
1874 361 1927 420 est
1947 363 2076 423 natura

1088 447 1298 535 hominum,
1322 452 1413 520 utin
1431 476 1470 519 ea
1493 452 1609 521 luceat
1632 456 1827 546 sapientia,
1855 454 2076 525 consentiens

1090 579 1169 622 cnm
1189 578 1317 622 norma
1335 555 1373 621 in
1386 565 1505 622 mente
1519 555 1660 641 divina,
1692 572 1728 627 et
1754 573 1840 628 tunc
1868 569 1961 625 recte
1987 555 2078 626 visit

1089 653 1220 740 bomo,
1262 681 1341 726 cum
1375 660 1598 747 obtemperat
1629 655 1711 729 huic
1738 660 1881 730 divinae
1915 682 2077 730 normae.

1089 757 1172 827 ldeo
1197 773 1314 827 autem
1341 759 1438 829 Deus
1461 755 1527 828 hos
1547 759 1666 830 radios
1689 789 1773 833 suae
1796 760 1926 830 mentis
1948 760 1985 827 in
2010 785 2076 833 nos

1091 862 1299 945 transfudit,
1324 863 1408 954 quia
1424 864 1464 929 in
1481 875 1641 932 creatura
1658 865 1861 934 testimonia
1877 876 1995 933 extare
2012 889 2076 931 vo-

1089 965 1174 1049 luit,
1202 988 1293 1058 quae
1308 977 1344 1032 θῖ
1357 989 1430 1035 θεεθ
1443 964 1580 1048 Deum,
1608 980 1642 1034 et
1657 969 1772 1060 qualis
1785 970 1850 1048 sit,
1876 966 2077 1050 ostendant,

1091 1080 1126 1136 et
1140 1069 1461 1137 commonefaciant
1475 1093 1542 1138 nos
1557 1070 1601 1137 de
1624 1070 1748 1141 divino
1770 1066 1920 1146 indicio;
1947 1068 2075 1137 deinde

1091 1169 1217 1254 etiam,
1243 1182 1283 1240 ut
1297 1171 1496 1260 gubernent
1511 1172 1668 1243 actiones
1685 1189 1837 1245 nostras.
1944 1250 1949 1261 ,

1189 1270 1230 1340 ln
1246 1272 1451 1342 definitione
1468 1287 1588 1343 autem
1601 1274 1813 1361 Aristotelis,
1837 1273 1966 1342 modus
1981 1271 2076 1343 illius

1092 1376 1313 1444 obedientiae
1329 1376 1484 1446 additur.
1536 1377 1762 1468 significatur
1777 1393 1812 1449 et
1826 1398 1953 1458 causa,
1985 1399 2076 1468 quae

1091 1477 1182 1568 regit
1204 1478 1460 1547 obedientiam:
1493 1479 1615 1550 Virtus
1642 1494 1695 1550 est
1723 1479 1866 1555 habitus
1897 1477 2077 1560 electivm,

1090 1580 1129 1648 in
1143 1581 1387 1651 mediocritate
1403 1582 1614 1666 consistens,
1641 1587 1834 1655 secundum
1858 1592 1993 1648 rectam
2019 1604 2076 1648 ra·

1092 1683 1247 1769 tionem,
1273 1697 1313 1753 ut
1327 1685 1467 1775 sapiens
1483 1685 1665 1757 diiudicat.

1192 1786 1395 1878 Appellatio
1408 1783 1550 1858 habitus
1569 1801 1656 1857 nota
1677 1789 1723 1858 sit
1746 1780 1788 1859 ex
1810 1792 1991 1863 dialectica
2019 1796 2076 1863 vel

55 1888 299 1959 testimonium
316 1901 379 1971 est,
395 1884 491 1958 hunc
506 1892 656 1980 gradum
671 1892 845 1962 libertatis
860 1892 898 1960 in
914 1891 1040 1959 volun·
1092 1913 1135 1959 ex
1157 1891 1289 1958 artium
1311 1891 1489 1980 exemplis.
1566 1890 1709 1961 Rectius
1740 1906 1775 1961 et
1803 1894 1931 1966 certius
1961 1896 2076 1987 pingit

55 2005 123 2061 tate
138 1988 301 2060 humana
315 1990 493 2084 reliquum
509 2017 594 2062 esse.
615 1993 712 2062 Haec
727 1995 770 2061 de
783 1993 1040 2085 gubernatione
1092 1992 1227 2083 pictor,
1255 1991 1318 2084 qui
1334 2006 1385 2061 est
1396 1993 1545 2075 artifex,
1572 2017 1680 2087 quam
1703 1995 1765 2088 qui
1787 2021 1863 2066 non
1886 2013 1937 2069 est
1959 2023 2076 2069 assue-

55 2094 297 2188 potentiarum
324 2095 431 2185 plana
454 2106 490 2162 et
512 2096 698 2187 perspicua
720 2109 821 2181 sunt,
864 2109 898 2165 et
925 2098 1040 2164 lucem
1090 2096 1215 2165 factus.
1265 2094 1335 2163 Sed
1349 2094 1588 2186 intelligamus
1603 2098 1768 2167 ardentes
1782 2112 1817 2165 et
1831 2101 1995 2173 incitatos
2009 2101 2077 2169 im·

55 2198 222 2267 adferunt
249 2195 437 2288 partitioni
458 2194 680 2283 Aristotelis,
714 2224 823 2292 quam
849 2198 977 2269 recitat
1003 2198 1041 2265 in
1092 2210 1205 2288 petus,
1222 2209 1445 2289 quostamen
1462 2210 1602 2290 oportet
1617 2223 1691 2267 non
1708 2201 1794 2268 ferri
1809 2215 1953 2274 temere.
1991 2201 2075 2271 Ideo

56 2303 119 2371 line
134 2299 248 2393 primi
260 2299 346 2369 libri
358 2295 568 2369 Ethicorum
581 2299 626 2395 ⁶).
1093 2300 1212 2368 addita
1230 2312 1282 2368 est
1294 2323 1418 2383 causa,
1443 2325 1568 2391 regens
1586 2302 1837 2388 obedientiam,
1865 2331 1944 2376 cum
1959 2305 2077 2375 nomi-

1092 2415 1157 2471 nat
1171 2398 1332 2473 habitum
1348 2402 1546 2485 elocutum,
1566 2428 1628 2473 seu
1641 2402 1898 2500 προαιρετικόν
1908 2408 1952 2503 ⁸).
1991 2408 2073 2476 Duo

1094 2517 1212 2574 autem
1230 2504 1476 2593 complectitur
1491 2502 1718 2597 προαίρεσις,
1745 2534 1807 2577 seu
1821 2511 1965 2592 electio,
1986 2510 2077 2579 iudi-

152 2605 363 2677 Gloriosum
382 2631 515 2676 nomen
535 2622 586 2678 θεῖ
602 2606 744 2677 virtutis
767 2609 862 2699 apud
886 2601 1057 2697 pbiloso-·
1094 2608 1187 2677 cium
1204 2606 1241 2674 in
1257 2618 1394 2689 mente,
1422 2619 1457 2674 et
1473 2607 1620 2675 liberam
1636 2611 1896 2695 assensionem,
1923 2637 1985 2681 seu
2009 2613 2078 2680 ele-

10 2740 12 2761 ι
58 2702 160 2801 phos,
186 2710 252 2778 ubi
269 2709 443 2800 significat
458 2711 622 2779 ardentes
647 2723 683 2778 et
705 2709 870 2781 incitatos
891 2709 1042 2799 impetus
1094 2710 1248 2800 ctionem
1263 2709 1300 2776 in
1314 2708 1508 2778 voluntate.
1534 2706 1575 2777 ln
1591 2709 1725 2780 delictis
1743 2711 1964 2801 ignorantiae
1979 2714 2080 2783 deest

60 2813 99 2881 ad
114 2825 210 2882 recte
226 2813 443 2895 faciendum,
457 2813 520 2906 qui
535 2826 656 2882 tamen
669 2813 843 2904 sapientia
859 2823 1042 2901 reguntur.
1059 2843 1062 2849 ·
1093 2813 1223 2882 mentis
1238 2810 1405 2880 officium.
1432 2809 1515 2880 ldeo
1530 2835 1605 2880 non
1621 2811 1787 2882 dicuntur
1801 2816 1891 2884 facta
1901 2814 1941 2887 ἐκ
1949 2840 2079 2910 προαι-

58 2913 100 2985 n
119 2916 208 3010 qnia
230 2912 318 2985 haec
338 2916 554 3006 praestantia
583 2915 765 2986 rarissima
787 2928 857 2999 est,
893 2914 973 2982 ideo
1004 2912 1043 2979 in
1094 2913 1236 3011 ρὲσεως.
1287 2911 1328 2982 ln
1343 2936 1427 2981 vera
1443 2914 1625 2983 coactione
1649 2916 1745 2985 deest
1765 2916 1942 2987 voluntas.
1993 2915 2078 2988 Ideo

59 3042 220 3087 sermone
237 3014 448 3109 prophetico
464 3032 499 3088 et
511 3018 708 3110 apostolico
729 3043 804 3088 non
820 3042 924 3109 saepe
942 3039 1043 3085 usur·
1095 3041 1186 3112 quae
1202 3016 1315 3086 coacti
1327 3016 1473 3099 faciunt,
1488 3041 1562 3085 non
1577 3018 1743 3087 dicuntur
1760 3020 1875 3088 facere
1893 3019 1933 3091 ἐκ
1947 3044 2081 3114 προαι-

62 3135 159 3212 punt
188 3143 324 3191 nomen
352 3121 512 3205 virtutis,
548 3121 610 3192 sed
640 3121 804 3192 usitatius
833 3132 885 3190 θεῖ
915 3119 1043 3200 dicere,
1095 3118 1237 3215 ρέσεως.
1263 3118 1484 3188 Concurrere
1499 3119 1607 3209 igitur
1619 3119 1659 3189 in
1673 3122 1769 3189 bona
1785 3121 1924 3190 actione
1938 3145 2079 3193 necesse

61 3223 148 3294 bona
175 3247 309 3316 opera,
344 3236 380 3292 et
399 3219 487 3292 haec
507 3224 698 3316 appellatio
721 3223 834 3314 magis
857 3221 1042 3314 perspicua
1096 3235 1159 3306 est,
1176 3234 1313 3290 rectum
1328 3221 1512 3305 iudicium,
1529 3234 1565 3290 et
1578 3223 1802 3293 voluntatem
1819 3223 1929 3294 libere
1945 3225 2081 3293 obtem-

63 3339 122 3412 eu,
147 3327 236 3420 quia
250 3324 423 3416 significat
438 3327 594 3396 actiones
610 3327 822 3411 voluntatis,
847 3346 1045 3415 congruen-
1094 3336 1279 3417 perantem
1295 3337 1390 3392 recto
1409 3324 1552 3394 iudicio.
1569 3363 1574 3371 ·
1589 3325 1724 3395 Multae
1739 3339 1823 3395 sunt
1837 3339 1957 3396 autem
1972 3326 2082 3397 actio-

65 3440 107 3499 os
128 3454 214 3499 cum
241 3441 339 3498 recto
363 3429 506 3500 iudicio.
558 3429 634 3499 Hae
659 3442 809 3521 possunt
829 3428 981 3517 intelligi
1010 3438 1045 3494 et
1095 3452 1176 3510 nes,
1216 3426 1430 3517 inspeciem
1455 3426 1587 3496 similes
1611 3427 1792 3497 actionum
1816 3429 1975 3512 virtutis,
2019 3430 2082 3497 sed

10 3594 12 3599 s
63 3532 155 3615 effici,
167 3532 312 3601 etiamsi
326 3555 401 3599 non
417 3531 462 3601 sit
476 3533 514 3602 in
528 3533 711 3602 voluntate
726 3545 788 3602 aut
798 3533 904 3600 corde
917 3531 1044 3598 ardens
1096 3530 1179 3624 qnia
1196 3528 1304 3595 altera
1323 3552 1424 3597 causa
1443 3530 1551 3611 deest,
1569 3542 1631 3597 aut
1647 3528 1765 3623 aliqua
1782 3543 1939 3621 exparte
1958 3543 2082 3611 cessat,

251 2467 313 2538 De
340 2468 623 2540 definitione
648 2470 851 2542 virtutis.

64 3634 233 3727 impetus,
266 3646 307 3704 ut
328 3634 522 3726 reprimere
548 3661 585 3706 se
608 3635 810 3704 Alexander
830 3644 966 3725 potest,
997 3655 1043 3698 ne
1095 3656 1170 3702 non
1195 3654 1318 3699 omnes
1338 3630 1495 3701 actiones
1526 3630 1692 3700 dicuntur
1716 3633 1890 3703 virtutum
1913 3633 2082 3714 actiones,

63 3738 206 3829 aspiciat
220 3737 312 3806 filias
329 3735 496 3832 Dariif),
524 3739 662 3809 etiamsi
684 3760 746 3807 cor
770 3762 845 3806 non
867 3747 944 3805 erat
968 3733 1044 3803 sine

61 3840 210 3910 flammis
227 3839 474 3930 cupiditatum.

156 3942 257 4012 Haec
272 3944 316 4011 de
331 3942 477 4012 nomine
492 3965 638 4011 monere
651 3940 738 4012 utile
752 3953 815 4025 est,
829 3953 871 4011 ut
887 3936 1060 4008 conside-¹

56 4068 189 4130 remus,
202 4058 352 4137 propter
367 4045 609 4114 infirmitatem
625 4041 814 4114 hominum
828 4043 931 4113 aliter
944 4040 1045 4134 loqui

1097 3732 1235 3805 etiamsi
1250 3732 1453 3824 inspeciem
1469 3733 1601 3803 similes
1617 3746 1710 3804 sunt.

1195 3836 1294 3905 Fecit
1316 3849 1435 3905 autem
1451 3835 1658 3906 Aristoteles
1678 3839 1808 3928 gradus
1830 3850 2006 3930 quatuor,
2032 3835 2083 3903 vi-

1095 3939 1236 4009 delicet:
1277 3937 1469 4008 Actionum
1501 3939 1592 4008 aliae
1623 3953 1706 4010 sunt
1728 3953 1856 4010 natura
1880 3941 1986 4021 tales,
2020 3962 2083 4007 seu

1095 4035 1226 4138 φύσει,
1250 4053 1316 4131 ut,
1344 4041 1432 4110 Cato
1455 4041 1585 4112 dicitur
1603 4043 1726 4125 fortis,
1761 4042 1844 4135 quia
1866 4055 1996 4109 natura
2018 4041 2083 4109 du·
2203 4103 2206 4107 ,

10 4150 12 4171 “
53 4145 279 4241 Prophetas,
315 4173 423 4241 quam
450 4149 648 4242 loquuntur
679 4142 897 4240 philosophi.
974 4144 1044 4213 Sed
1094 4170 1156 4217 rus
1179 4156 1240 4214 est.

52 4253 268 4331 amamus
283 4252 330 4321 ad
346 4247 610 4342 philosophica,
635 4250 699 4329 ubi
719 4250 877 4342 primum
897 4247 1044 4317 minime

1194 4246 1295 4315 Aliae
1313 4257 1397 4316 sunt
1411 4237 1501 4339 δόξᾳ
1514 4244 1564 4339 ⁹),
1590 4246 1627 4314 id
1643 4257 1706 4328 est,
1721 4245 1891 4337 opinione
1907 4247 2007 4328 tales,
2031 4257 2083 4328 ut,

51 4354 381 4435 obscuradelinitio
395 4354 560 4424 discenda
576 4366 639 4438 est,
653 4379 761 4448 quam
776 4378 818 4421 ex
829 4352 904 4443 ipsa
915 4363 1044 4420 natura
1093 4351 1228 4419 Brutus
1250 4348 1472 4418 existimatur
1494 4347 1614 4429 fortis,
1654 4347 1738 4439 quia
1763 4348 1904 4418 animus
1930 4361 1982 4418 est
2004 4372 2084 4439 per-

47 4454 284 4529 mistiam
312 4457 469 4528 iuniores
498 4457 693 4547 intelligere
723 4468 890 4548 possunt:
923 4452 1045 4525 Virtus
1095 4453 1259 4524 suasione
1285 4463 1418 4542 captus.

49 4573 106 4633 est
129 4559 338 4631 obedientia
361 4561 557 4630 voluntatis
586 4572 621 4629 et
651 4574 872 4643 caeterarum
900 4556 1045 4639 virium,

1197 4555 1297 4623 Aliae
1312 4566 1395 4621 sunt
1415 4542 1591 4644 βουλήσει
1606 4550 1712 4634 tales,
1738 4563 1797 4635 ut,
1824 4549 1965 4623 Thraso
1977 4551 2023 4647 1’)
2048 4550 2084 4619 in

48 4687 261 4756 congruens
278 4686 359 4733 cum
374 4664 468 4754 lege,
500 4687 609 4757 quam
626 4675 661 4733 et
675 4663 806 4732 indidit
818 4659 915 4732 Deus
929 4656 1045 4728 homi·
1095 4658 1248 4750 speciem
1265 4656 1405 4725 videtur
1418 4653 1539 4736 fortis,
1565 4678 1645 4722 cnm
1661 4653 1707 4724 sit
1720 4678 1818 4724 mera
1835 4654 2028 4725 simulatio.

46 4768 165 4839 nuos
181 4765 221 4834 in
239 4765 417 4836 creatione
436 4779 471 4836 et
484 4778 607 4858 postea
621 4765 817 4835 manifestis
833 4761 1045 4833 testimoniis

87 4968 121 5041 1)
139 4968 262 5033 ,rhun
279 4968 309 5017 ut
325 4964 498 5030 tntetltgatur
515 4964 662 5017 dtscrtnea
679 4964 751 5015 inter
768 4977 855 5031 agens
878 4961 993 5079 ltbeppn
1018 4964 1046 5011 et

121 5036 395 5226 ffidffl‘b'al‘
410 5036 597 5170 ,tzitta
612 5035 801 5165 {aaa
809 5033 962 5151 ’11111
977 5043 1048 5148 aa

178 5187 215 5223 no
231 5209 239 5225 .

89 5258 123 5325 1)
142 5258 262 5308 susat
281 5256 368 5306 state.
389 5256 491 5308 Nicon.
511 5256 530 5308 Ι.
548 5256 568 5307 1.
587 5270 611 5307 c.
632 5255 672 5305 1³.

93 5342 128 5409 ⁸)
145 5344 209 5395 Ιιο
225 5348 285 5392 ιιι·
300 5342 410 5392 ontio
426 5343 554 5405 magnatt
571 5354 633 5392 eum
650 5341 700 5399 ῖῖι,
725 5350 795 5403 qma
817 5350 836 5388 ι
851 5336 998 5388 Plutarcho
1021 5335 1049 5387 tn

130 5412 192 5463 vttr
207 5411 361 5463 motet
375 5424 401 5463 c.
415 5410 460 5462 n.
476 5414 504 5463 et
519 5421 537 5461 a
550 5406 1048 5463 lmtnomtanaawmnr.

68 5497 255 5562 tirum.
271 5493 379 5561 0m.
409 5496 494 5562 voc.
509 5495 600 5559 XVI.

1098 4830 1304 4845 m

1131 4940 1161 5007 7)
1179 4951 1335 5003 congruens
1353 4949 1411 4987 con
1429 4937 1491 4998 lege
1509 4960 1544 4972 —
1562 4935 1716 4997 repatuit]
1743 4934 1783 4983 stc
1801 4932 1867 4981 Eud.
1889 4930 1982 4995 1111,
2011 4927 2084 4980 1117·

1167 5013 1195 5059 et
1214 5009 1306 5070 roeo.;
1324 5006 1373 5056 111.
1393 5006 1468 5054 1110.
1487 5014 1643 5067 congrium
1662 5016 1722 5052 con
1740 5006 1817 5052 recto
1835 5000 1952 5052 cottone.

1130 5092 1161 5159 8)
1180 5087 1396 5159 προαιρεταόν.]
1415 5088 1457 5138 sto
1475 5091 1550 5137 recte
1568 5087 1635 5137 1111.
1655 5088 1731 5139 1110.
1750 5089 1778 5137 et
1797 5085 1893 5147 1114.;
1922 5082 1989 5134 111.
2011 5082 2087 5134 1117.

1168 5166 1196 5213 et
1216 5161 1289 5210 tw).
1308 5153 1514 5226 προαιρεθικόν.

1131 5246 1163 5315 ε)
1182 5242 1262 5315 δόξᾳ]
1280 5246 1363 5295 rata.
1381 5244 1468 5296 reate.
1487 5234 1565 5305 δόξα.

1136 5332 1182 5401 10)
1202 5331 1374 5452 Ιᾶξῗθθιῖῖῖ
1397 5330 1538 5381 concerto
1556 5327 1701 5380 Eunuchus
1724 5323 1874 5388 inscripta,
1897 5317 1969 5371 cent
1987 5331 2014 5381 p.
2034 5316 2092 5368 111.

1170 5413 1205 5454 no
1288 5433 1296 5450 .

1430 5467 1476 5539 14
