4544 5766
60 212 135 288 aaa
414 216 481 296 nn
515 206 1045 298 murmurosam-v.
1077 212 1367 297 marcorum
1396 208 1738 296 murorum-
1800 244 1807 253 ·
2007 180 2083 292 sn

59 389 281 460 vita-'iusum
303 385 434 462 harum
467 379 984 490 disputationumhristotelit
997 376 1050 494 ’1
1097 398 1182 470 Dies
1194 420 1261 468 nos
1275 398 1319 468 de
1333 396 1512 469 Nicanore
1526 397 1717 479 admonet,
1751 391 1815 488 qui
1834 393 1893 466 15.
1910 392 1968 462 die
1982 391 2081 462 Mar·

58 490 330 585 monstram),
387 524 392 533 ·
652 522 657 535 ·
709 508 712 521 '
774 518 778 529 ·
819 518 824 531 ·
990 538 993 545 ·
1045 522 1050 533 ‘
1097 490 1876 596 110)ιιιιοοιιιιοιυοοὶιηειῐεαιιεια,
1920 520 2002 566 cum
2022 519 2080 564 su·

73 604 121 712 jvr
138 594 337 686 ·¹Ut·igitor
349 609 505 669 caeteras
520 600 669 672 virtutes
691 600 850 672 inomni
867 601 1046 672 delibera·
1095 605 1204 696 perbe
1225 604 1382 673 minatus
1402 615 1491 673 esset
1514 602 1688 671 excidium
1710 600 1845 691 templo
1873 597 2081 690 Hierosoly-

58 707 157 767 trone
186 700 232 766 de
260 698 337 767 vita
357 711 405 768 et
432 704 593 774 moribus
623 706 755 776 n'ost'ris
786 705 941 797 aspicere
978 722 1045 774 no's
1095 707 1174 779 mis.
1233 706 1324 776 Cum
1346 706 1454 796 igitur
1478 705 1553 796 ipse
1576 705 1743 775 violasset
1767 702 1937 772 iustitiam
1960 697 2080 769 distri-

58 802 220 890 oportet,
244 813 280 870 et
295 824 419 872 eanum
435 806 749 898 descriptionibus,
772 821 942 902 tanquam
958 807 1044 899 legi·
1093 809 1275 893 butivam,
1298 831 1363 876 nec
1383 808 1566 877 tribuisset
1578 807 1677 890 Deo,
1701 805 1896 888 Ecclesiae,
1921 816 1956 873 et
1972 802 2079 870 mini-

55 901 142 984 bus,
164 903 308 974 irenam
325 928 449 977 omnes
466 921 602 993 motus,
628 923 670 979 nt
690 911 851 980 doctrina
875 912 926 979 de‘
942 912 1044 978 mair·
1093 914 1201 982 sterio
1225 912 1322 981 vocis
1342 910 1485 979 divinae
1506 912 1665 980 debitum
1684 903 1881 990 honorem,
1905 906 2002 975 Deus
2025 903 2080 974 iu-
2178 934 2182 943 ·

56 1006 244 1122 {nundine
259 1011 414 1098 regenda
429 1024 481 1080 est
495 1012 698 1082 iracundia:
734 1015 783 1082 ita
811 1015 976 1083 doctriua
998 1013 1043 1081 de
1093 1027 1166 1085 stus
1192 1016 1296 1084 iudex
1319 1026 1455 1082 exercet
1477 1036 1577 1083 suam
1600 1011 1772 1081 iustitiam
1802 1008 2079 1088 distributivam,

56 1109 193 1223 urstttia
214 1109 438 1180 distributiva
461 1115 588 1184 excitet
611 1139 697 1200 nos,
730 1130 771 1186 ut
795 1117 890 1186 vitate
912 1117 1042 1209 gradus
1094 1140 1136 1186 ac
1159 1117 1353 1210 superbum
1376 1119 1502 1185 ducem
1526 1117 1571 1184 ad
1594 1104 1805 1207 supplicium
1829 1113 1938 1202 rapit.
2000 1108 2078 1177 Me·

56 1220 283 1296 iutueamur,
315 1212 527 1299 Ecclesiam,
560 1218 719 1308 politius,
751 1219 925 1303 familias,
964 1243 1041 1287 mo·
1092 1232 1233 1290 tuamus
1251 1236 1334 1309 ergo
1351 1242 1484 1310 poenas
1497 1218 1652 1300 ultrices,
1680 1228 1715 1285 et
1731 1215 1906 1284 discamus
1921 1213 1960 1280 in
1977 1209 2079 1280 omni

54 1324 139 1428 neat
161 1338 270 1407 quem
292 1318 450 1406 gradum-
466 1318 589 1415 ipsi⁴²)
612 1333 815 1407 teneamus,
856 1346 927 1417 quo
947 1321 1041 1404 loco,
1091 1323 1163 1391 vita
1187 1323 1335 1413 singulis
1361 1323 1528 1412 gradibus
1550 1344 1569 1388 a
1591 1321 1670 1388 Deo
1693 1316 1866 1386 ordinatis
1888 1341 1990 1386 suum
2013 1309 2080 1382 ho-

55 1426 149 1533 rnter
163 1440 257 1509 quos
270 1437 465 1491 versemur.
517 1422 720 1493 Necessaria
746 1421 835 1494 haec
858 1424 1039 1515 diligentia
1090 1448 1217 1493 norem
1239 1424 1415 1508 tribucre,
1459 1421 1769 1513 nam'supcrbiam
1795 1419 1960 1510 puniris
1986 1415 2079 1499 Deo,

54 1519 273 1604 estanvita,
305 1524 399 1591 etad
419 1519 505 1592 hnec
520 1539 708 1618 praecepta
724 1528 895 1618 pertinet:
935 1525 1045 1594 Time·
1090 1527 1194 1597 toties
1223 1529 1376 1597 affirmat
1404 1550 1474 1595 vox
1503 1526 1636 1595 divina.
1704 1524 1753 1591 Ut
1774 1520 1860 1590 Luc.
1878 1521 1937 1603 16,
1961 1517 2076 1613 (15.):

53 1617 192 1705 Deum,
217 1620 367 1693 Honora
381 1639 565 1715 parentes,
590 1628 703 1699 Nosce
719 1643 752 1699 te
769 1631 897 1722 ipsum,
922 1628 1039 1718 Dilige
1091 1630 1274 1724 Quidquid
1296 1643 1349 1699 est
1369 1629 1519 1700 sublime
1542 1629 1579 1696 in
1600 1628 1754 1709 mundo,
1781 1621 2000 1692 abominatio
2024 1632 2078 1691 est

53 1722 281 1812 quimum,
313 1725 479 1818 Spartam
504 1754 618 1823 quam
637 1746 763 1803 nactus
785 1758 821 1803 es
844 1756 952 1814 orna,
985 1731 1038 1801 Ne

53 1839 334 1917 erumpasextra
347 1831 583 1903 vocationem.
609 1832 706 1903 Haec
717 1848 903 1927 praccepta
917 1833 1044 1902 omnia·-

54 1951 137 1997 cnm
159 1930 417 2020 complectatur
437 1933 837 2021 iustitiadistributiva,
864 1937 965 2006 facile
985 1936 1039 2003 in-

53 2029 167 2146 telligi
184 2043 319 2122 potest,
345 2034 514 2106 latissime
530 2051 652 2129 patere
668 2040 742 2110 eius
757 2041 925 2110 actiones.
970 2039 1038 2108 Fa-

53 2144 248 2203 utcontra
272 2134 442 2206 iustitiam
467 2140 727 2211 distributivam
749 2143 853 2225 Saul,
879 2168 959 2211 cum
982 2166 1038 2210 ac-

54 2256 179 2305 tensus
195 2238 451 2325 aemulatione,
475 2267 550 2310 non
567 2245 644 2315 vult
663 2245 819 2315 tribuere
835 2244 967 2313 Davidi
985 2246 1038 2313 lo-

53 2361 135 2407 cum
157 2337 397 2431 inrepublica
416 2369 522 2437 quem
536 2359 713 2432 meretur,
740 2374 819 2418 cum
835 2372 911 2416 non
929 2372 1038 2439 agno·

52 2439 125 2510 stit·
141 2438 212 2509 Dei
236 2444 330 2511 dona
353 2445 393 2513 in
415 2447 496 2530 illo,
537 2450 618 2518 data
641 2465 791 2543 propter
811 2475 1036 2519 communem

51 2540 202 2612 salutem
232 2549 384 2616 amanda
417 2561 452 2616 et
478 2551 631 2620 fovenda
664 2577 757 2637 esse,
798 2553 875 2622 Deo
906 2552 1038 2645 gratias

53 2646 209 2735 agendas
240 2671 313 2718 esse
347 2675 414 2742 pro
448 2677 616 2738 munere,
660 2657 857 2750 cuicunque
889 2656 1037 2738 dederit,

52 2749 278 2868 gaudendum
301 2766 449 2845 propter
472 2780 698 2827 communem
719 2760 889 2843 salutem,
915 2759 945 2828 si
961 2783 1038 2828 suc·

55 2874 172 2921 cessor
186 2877 305 2921 maror
317 2869 500 2928 secuturus
519 2872 619 2930 esset.

152 2953 257 3024 Facit
284 2971 408 3027 contra
433 2960 602 3031 iustitiam
625 2962 888 3034 distributivam
911 2965 1038 3034 Mone-

55 3055 241 3174 tariusff),
266 3083 346 3128 cum
361 3062 491 3132 amisso
512 3090 661 3135 munere
685 3053 854 3150 docendi,
882 3068 1037 3159 erumpit

57 3182 91 3227 m
104 3180 244 3250 regiam
258 3165 502 3250 vocationem,
529 3190 628 3237 arma
645 3169 797 3260 capiens.
836 3170 937 3240 Hanc
953 3194 1036 3239 con-

56 3260 293 3331 turbationem
325 3268 521 3338 officiorum
552 3292 613 3341 seu
643 3272 871 3342 vocationum
899 3286 1037 3343 constat

55 3386 123 3433 non
137 3364 256 3434 solum
272 3369 506 3458 perniciosam
530 3398 603 3443 csse
623 3373 717 3442 vitae
743 3378 940 3459 communi,
975 3378 1036 3445 sed

57 3465 159 3536 ctiam
189 3467 361 3541 divinitus
390 3475 511 3564 puniri
538 3475 676 3567 magnis
706 3479 886 3569 exemplis.
951 3476 1034 3547 ldeo

58 3582 187 3640 veteres
206 3571 392 3657 dixerunt,
419 3574 584 3668 νέμεσιν,
612 3602 673 3648 seu
697 3574 942 3672 ἀδραοτείαν,
978 3604 1035 3648 co-

57 3671 176 3787 mitem
197 3697 271 3751 esse
292 3678 499 3767 superbiae,
522 3704 614 3772 quae
636 3678 779 3771 νέμεσις
798 3694 833 3750 et
853 3682 928 3774 ipsa
952 3706 1035 3752 vere

58 3774 269 3867 intelligatur
291 3777 422 3848 iustitia
450 3780 673 3852 distributiva
696 3780 781 3866 Dei,
810 3784 901 3854 sicut
924 3784 1036 3854 Absa-

60 3874 161 3962 lonis,
185 3877 356 3963 Antonii,
383 3895 418 3949 et
440 3883 932 3956 innumerabilium-aliorum
961 3911 1035 3956 am·

60 3976 240 4063 bitionem,
282 3983 470 4053 comitatae
497 4001 581 4057 stant
608 4012 747 4079 poenae
772 3988 962 4074 divinitus,
995 4014 1035 4059 ac

62 4082 241 4173 praecipue
271 4083 308 4153 in
333 4085 491 4158 Ecclesia
524 4103 645 4159 extant
679 4090 832 4182 insignia
864 4094 1034 4184 exempla.

62 4218 256 4239 Ἣ-

88 4302 134 4361 0)
151 4301 330 4365 Aristotetts]
360 4302 403 4352 sto
425 4305 511 4354 111111.
534 4308 627 4372 1515,
659 4308 751 4370 1515,
783 4308 859 4360 1550.
884 4312 913 4359 ct
941 4307 1035 4375 1551,

117 4369 294 4420 1111111557.
314 4374 341 4419 ct
361 4373 427 4427 1550
452 4376 629 4426 Aristoteles.

87 4476 131 4547 Ι11)
166 4475 309 4551 uottdtsna
331 4475 391 4524 vita
488 4483 639 4541 monstrat]
663 4481 926 4549 sasantinae,
949 4484 1036 4552 1551,

117 4544 143 4662 1111
143 4623 160 4661 ⁰
161 4542 195 4661 ΙΙ7..
196 4542 344 4664 ἄξω,
369 4544 453 4597 nunt.
469 4548 544 4598 1515.
559 4550 587 4598 et
602 4548 676 4602 1515.
693 4551 723 4601 in
741 4552 900 4616 quotidiana
916 4553 974 4602 vita

87 4713 374 4846 upbiaqlqpsnigldltt.
388 4717 479 4785 1515,
500 4719 591 4785 ibide,
610 4721 702 4786 tato„
721 4723 796 4777 1551.
805 4726 836 4776 et
852 4724 944 4791 15574
962 4725 1035 4779 nus

86 4887 132 4943 11)
147 4885 335 4945 nonacrim]
353 4887 392 4937 stc
404 4888 584 4950 saturata,
604 4893 690 4952 1515,
712 4895 931 4956 stannatum
948 4899 1033 4949 utta.

119 4955 192 5006 1557.
207 4958 236 5005 st
253 4955 325 5002 15110.
340 4957 500 5010 ntontartus.
518 4986 551 4997 -
571 4963 628 5010 Ηοο
643 4960 727 5012 latino
740 4964 849 5015 nomine
861 4967 1034 5030 significatur

117 5026 236 5075 nenas
252 5024 385 5084 nuncet,
415 5025 516 5076 Pastor
538 5030 715 5079 Atstedtsnus
737 5031 765 5080 tu
789 5034 956 5100 nudungus,
989 5037 1033 5101 qut

118 5092 246 5143 musucts
263 5092 404 5142 erroribus
422 5096 590 5163 propalatis,
618 5100 692 5150 1511.
710 5112 746 5148 cx
763 5102 885 5153 Suionts
900 5105 1034 5164 profugus

116 5161 405 5213 rusttoossscruantaa
414 5164 565 5225 superioris
575 5169 612 5219 ad
622 5167 785 5220 seditionem
796 5171 936 5220 excttavtt
953 5162 1033 5226 cont.

119 5226 293 5280 flectendos?
307 5227 491 5281 commentar.
514 5235 548 5284 de
571 5237 683 5288 buttes.
708 5238 726 5286 t.
742 5237 762 5287 l.
786 5241 854 5289 sect.
867 5240 910 5290 15
932 5239 1032 5301 1118.

120 5313 145 5361 p.
165 5300 240 5359 ¹⁹⁴4
277 5297 295 5346 Ι.
311 5296 342 5345 11.
367 5302 434 5351 sect.
454 5300 479 5352 2.
505 5303 568 5363 11.
591 5306 698 5370 pttsq.
723 5308 750 5356 et
779 5308 816 5357 al.
842 5307 1031 5360 Melanohthon

117 5366 375 5421 umoris-raons·
391 5368 593 5437 1051111115
610 5376 676 5427 Met.
702 5376 752 5437 op.
776 5372 819 5427 ed.
843 5374 940 5427 10111.
965 5376 1031 5428 Μ

116 5436 266 5500 umus.
279 5437 307 5484 et
318 5434 346 5484 tn
359 5436 473 5489 neuen
485 5441 535 5503 or.
554 5443 597 5497 su
609 5445 712 5498 wstct
728 5444 841 5502 nxvt.
857 5457 885 5510 ο.
894 5444 1032 5511 mun).

1091 1757 1212 1801 coram
1239 1733 1329 1803 Deo.
1394 1732 1440 1800 Et
1461 1732 1589 1800 Petrus
1611 1729 1727 1822 inquit
1751 1727 1803 1821 (1.
1819 1725 1918 1817 epist.
1935 1721 1976 1805 5,
2001 1719 2074 1818 5.):

1089 1835 1186 1905 Deus
1200 1834 1361 1927 superbis
1373 1835 1524 1917 resistit,
1551 1846 1586 1902 et
1600 1829 1795 1902 humilibus
1808 1830 1870 1897 dat
1885 1825 2049 1918 gratiam.

1190 1935 1421 2007 Arithmetica
1446 1929 1627 2034 ἀναλογία
1650 1947 1719 2018 cst,
1762 1957 1840 2000 cum
1873 1930 1985 1999 trihus
2012 1939 2076 1996 aut

1090 2039 1249 2131 pluribus
1265 2040 1423 2110 numeris
1438 2039 1633 2130 dispositis,
1659 2049 1799 2106 tantum
1824 2044 1984 2103 servatur
2008 2029 2076 2099 dif-

1088 2143 1258 2211 terentiae
1273 2144 1468 2237 aequalitas
1487 2144 1520 2212 1.
1537 2147 1572 2215 2.
1588 2141 1623 2210 5.
1640 2139 1674 2210 4.
1692 2137 1728 2210 5.
1774 2136 1841 2206 Hic
1855 2136 1885 2204 si
1901 2134 1939 2202 in
1956 2132 2075 2202 inlini·

1090 2257 1164 2314 tum
1180 2270 1365 2330 excurras,
1390 2269 1529 2335 semper
1544 2242 1757 2312 differentiis
1778 2237 1985 2332 aequalibus
2008 2259 2075 2305 nu·

1090 2372 1209 2417 merus
1231 2372 1251 2415 a
1275 2372 1427 2416 numero
1453 2348 1578 2429 distat,
1604 2347 1735 2427 idest,
1760 2343 1909 2412 unitate.
1965 2337 2005 2407 si
2024 2336 2074 2408 sic

1089 2449 1276 2541 disponas,
1304 2451 1339 2520 3.
1355 2447 1398 2521 5:
1408 2451 1442 2520 7.
1461 2449 1496 2521 9.
1510 2473 1650 2538 semper
1667 2449 1775 2516 distat
1789 2442 1945 2513 binario.
1988 2439 2075 2510 Ubi·

1089 2575 1227 2644 cunque
1241 2553 1350 2642 igitur
1359 2553 1522 2621 volumus
1537 2551 1745 2640 significare,
1761 2546 1932 2616 terminos
1948 2567 2073 2613 omnes

1088 2655 1296 2747 simpliciter
1318 2655 1525 2748 aequalibus
1545 2653 1704 2722 numeris
1729 2650 1880 2729 distare,
1921 2645 2073 2715 dicimus

1089 2782 1161 2828 esse
1190 2757 1440 2851 aequalitatem
1469 2753 1650 2853 ἀναλογίᾳ
1663 2754 1710 2848 ⁴¹¹⁵)
1743 2746 1984 2831 arithmetica,
2031 2756 2075 2815 ut

1088 2885 1168 2930 cum
1184 2860 1277 2929 inter
1291 2856 1459 2929 haeredes
1475 2858 1606 2926 multos
1621 2859 1661 2926 lit
1678 2855 1759 2925 talis
1775 2852 1921 2935 divisio,
1945 2862 1986 2920 ut
2000 2847 2071 2918 sin·

1088 2964 1161 3055 guli
1183 2963 1359 3055 accipiant
1381 2960 1457 3033 500
1472 2962 1639 3031 florenos.
1696 2958 1798 3028 lianc
1819 2952 2073 3048 aequalitatem

1088 3067 1238 3161 requirit
1250 3066 1457 3136 Aristoteles
1480 3065 1518 3131 in
1538 3062 1791 3132 commutativa
1806 3056 1961 3140 iustitia,
1987 3053 2076 3147 quia

1087 3168 1137 3237 ibi
1156 3182 1295 3239 tantum
1322 3194 1379 3240 res
1407 3192 1475 3259 pro
1502 3168 1606 3236 rebus
1636 3169 1785 3246 dautur,
1825 3160 1980 3252 pretium
2002 3180 2071 3247 pro

1086 3296 1222 3357 merce,
1246 3273 1377 3341 mulcta
1397 3295 1464 3363 pro
1482 3271 1633 3352 damno,
1657 3269 1733 3338 sine
1758 3264 1877 3358 aliqua
1901 3284 2072 3354 persona·

1085 3400 1167 3444 rum
1182 3374 1383 3445 collatione.
1434 3374 1526 3444 Satis
1543 3385 1661 3441 autem
1681 3380 1848 3462 apparet,
1873 3366 1958 3437 siin
1975 3388 2073 3433 com-

1086 3478 1303 3547 municando
1325 3500 1397 3547 una
1421 3500 1504 3566 pars
1525 3471 1791 3555 exhauriretur,
1816 3494 1882 3539 nec
1897 3466 2071 3558 reciperet

1087 3593 1246 3663 tantum,
1286 3591 1460 3675 quantum
1484 3578 1601 3661 dedit,
1635 3600 1711 3645 non
1732 3598 1835 3667 posse
1861 3571 2070 3641 diuturnam

1087 3708 1160 3754 csse
1178 3682 1508 3752 commutationem.

1187 3786 1283 3855 Haec
1308 3784 1417 3876 igitur
1445 3780 1641 3878 aequalitas
1673 3776 1894 3850 arithmetica
1919 3776 1958 3845 in
1984 3799 2069 3844 con·

1086 3889 1255 3959 tractibus
1268 3887 1480 3983 requiritur,
1503 3899 1543 3956 ut
1553 3885 1666 3977 possit
1684 3909 1756 3953 esse
1776 3894 1948 3974 perpetua
1972 3901 2068 3946 com·

1086 3992 1281 4061 municatio
1297 3991 1335 4059 iu
1350 3992 1518 4060 universo
1531 4013 1659 4079 genere
1685 3983 1855 4056 humano.
1914 3982 2068 4050 Contur-

1085 4096 1168 4163 bata
1198 4094 1293 4163 enim
1322 4089 1389 4163 hac
1416 4093 1647 4189 aequalitate,
1688 4085 1867 4158 exhauriri
1894 4096 1929 4151 et
1950 4079 2068 4172 perire

1086 4221 1195 4268 unam
1211 4209 1351 4289 partem
1367 4221 1507 4266 necesse
1524 4207 1593 4277 cst,
1620 4205 1680 4275 ut,
1707 4216 1787 4260 cum
1811 4184 1970 4280 opulenti
1992 4183 2067 4251 iru-

1086 4312 1246 4369 mentum
1268 4325 1381 4392 parvo
1407 4309 1549 4379 emunt,
1590 4308 1625 4364 et
1648 4306 1769 4386 postea
1790 4313 1913 4360 rursus
1934 4308 2067 4376 magno

1087 4404 1247 4472 vendunt
1261 4403 1424 4494 agricolis
1440 4398 1693 4478 esurientibus,
1716 4392 1775 4463 hic
1794 4396 1889 4464 lame
1913 4400 2069 4483 percunt

1087 4506 1321 4596 agricolarum
1337 4504 1503 4575 familiae.
1547 4502 1624 4569 Hoc
1637 4501 1735 4567 fonte
1749 4496 1991 4575 considerato,
2015 4493 2068 4561 sa·

1086 4609 1151 4678 cile
1176 4608 1326 4698 intelligi
1348 4619 1483 4699 potest,
1523 4627 1634 4698 quare
1664 4601 1702 4669 in
1734 4598 1971 4668 contractibus
1995 4596 2068 4663 effi·

1086 4712 1208 4780 cienda
1225 4711 1271 4781 sit
1287 4709 1499 4802 aequalitas,
1526 4708 1620 4776 iuxta
1640 4701 1845 4800 ἀναλογίαν
1869 4696 2066 4769 arithmeti-

1085 4838 1174 4883 cam.
1225 4813 1357 4906 Estque
1373 4808 1460 4880 haec
1476 4810 1679 4903 applicatio.
1726 4807 1824 4876 Sicut
1838 4806 1875 4874 iu
1890 4799 1956 4871 hai
1973 4799 2066 4873 ἀνα-

1085 4912 1192 5014 λογία
1220 4914 1429 4985 differentiis
1460 4913 1666 5008 aequalibus
1694 4911 1828 4980 distant
1852 4909 1972 5000 plures
2000 4926 2068 4972 nu-

1116 5154 1166 5211 ss)
1184 5152 1293 5214 uarat]
1317 5152 1357 5203 stc
1380 5148 1576 5212 cattarum,
1603 5146 1695 5209 isac,
1722 5143 1795 5194 assa.
1813 5143 1841 5192 et
1860 5142 1950 5202 asma
1980 5141 2065 5192 ncta.

1151 5222 1279 5350 345¹st
1292 5221 1369 5276 1515.
1385 5216 1537 5270 reumont.
1555 5215 1650 5284 (cont.
1677 5217 1701 5267 1.
1718 5214 1802 5264 Maec.
1818 5210 1846 5275 8,
1863 5212 1908 5263 ὃ.
1934 5211 1962 5262 1.
1978 5213 2065 5265 Htw.

1114 5376 1165 5436 aa)
1183 5373 1304 5444 araasyt
1352 5370 1585 5428 stomatasm.
1603 5373 1631 5422 et
1650 5367 1742 5433 tama
1765 5366 1850 5420 uua
1865 5366 1957 5431 sua,
1976 5367 2064 5432 stas,

1152 5446 1228 5501 1551.
1244 5448 1274 5499 st
1291 5391 1367 5501 1500.
1386 5439 1533 5510 ἀναλογία.
