4544 5766
59 199 136 278 117
414 200 480 278 tn
521 201 807 280 manuario
837 199 969 276 amnt
993 198 1053 275 lll.
1085 197 1375 275 Erfflcontnt
1406 190 1733 283 ARISTOTELIS.
2010 210 2087 293 860

56 379 222 448 volontas
242 375 329 462 Dei,
355 377 586 448 sanctificatio
609 390 745 461 vestra,
776 389 818 449 ut
840 375 1048 449 abstineatis
1099 372 1214 443 Multa
1230 386 1349 445 autem
1364 390 1601 462 concurrunt,
1634 404 1716 450 cum
1730 375 1844 475 hepar
1859 385 2007 461 calidius
2022 405 2087 477 est,

57 506 76 550 a
91 481 310 551 scortatione
325 493 361 550 et
375 481 463 551 sciat
477 480 721 576 unusquisqne
736 504 799 551 vas
814 505 918 551 auum
936 479 1048 571 possi-
1098 488 1133 544 et
1158 477 1366 567 praesertim
1389 503 1468 547 cnm
1492 479 1600 548 etiam
1624 481 1748 555 siccius
1770 496 1841 569 est,
1873 488 1986 580 gignit
2004 518 2086 564 sau-

56 586 141 654 dere
155 584 195 651 in
209 583 500 666 sanctificatione,
527 583 612 652 item
629 582 840 653 adEbraeos
855 582 933 677 (12,
951 580 1046 676 14.):
1098 577 1240 668 guinem
1258 579 1439 672 impurum
1463 593 1499 651 et
1518 585 1742 671 mordacem,
1779 588 1862 681 quia
1887 594 2085 666 nutrimen-

56 685 222 756 Retinete
240 686 576 770 sanctificationem,
610 684 685 756 sine
708 711 778 780 qna
798 709 906 755 nemo
929 684 1046 754 Deum
1097 693 1173 749 tum
1190 681 1298 751 nimis
1313 682 1449 767 uritur,
1479 686 1623 755 undeet
1639 700 1750 758 tetrae
1767 693 1900 764 scabies
1918 697 2086 772 oriuntur

56 788 204 859 videbit.
270 786 312 859 ln
335 784 391 858 his
413 789 499 860 locis
522 789 668 880 proprie
691 788 852 882 loquitur
871 787 1046 880 scriptura
1097 784 1225 852 catali
1249 786 1439 875 sanguine,
1473 788 1558 857 etis
1582 789 1719 861 intuto
1752 817 1901 886 corpore
1929 824 2085 890 sparsus,

57 893 99 962 de
117 891 279 962 castitate
301 916 365 962 seu
387 890 570 983 pudicitia.
629 881 815 961 Pertinenl
839 904 959 960 autem
979 886 1046 958 hae
1097 886 1214 954 reddit
1231 912 1359 980 corpus
1378 888 1574 980 impurius,
1607 905 1642 961 et
1664 893 1747 963 inde
1770 896 1915 987 spiritus
1939 916 1974 972 et
1995 900 2084 975 hali-

57 994 226 1077 virtutes,
253 993 490 1085 temperantia
512 1018 576 1065 seu
598 992 790 1076 sobrietas,
824 1006 858 1061 ct
874 992 1044 1084 pudicitia
1097 999 1153 1057 tus
1170 988 1289 1059 vitiosi
1306 1003 1532 1076 exaestuant,
1559 993 1621 1086 qui
1637 994 1733 1066 sitim
1751 1016 1899 1089 augent,
1927 1018 1961 1074 et
1977 1031 2084 1099 appe-

57 1098 101 1167 ad
116 1108 258 1168 sextum
271 1110 519 1188 praeceptum:
545 1097 629 1168 Non
644 1092 897 1166 moechaberis.
940 1095 1045 1167 Nunc
1098 1090 1242 1162 titiones
1259 1096 1486 1165 conturbant·
1537 1095 1676 1167 Deinde
1700 1100 1769 1171 tale
1791 1097 1903 1196 hepar
1924 1131 1988 1197 per
2003 1134 2084 1187 sese

57 1223 180 1270 tamas
200 1198 441 1270 recitabimus.
493 1198 628 1268 Causae
653 1198 841 1268 efficientes
862 1194 954 1268 hanc
974 1198 1046 1267 vir·
1097 1188 1206 1262 habet
1216 1191 1499 1267 vehementiores
1521 1201 1777 1290 appetitiones,
1811 1219 1845 1275 et
1862 1206 2009 1280 attrahit
2026 1239 2085 1282 ve-

55 1314 191 1385 tutem,
231 1326 322 1394 quae
344 1302 627 1371 mediocritatem
650 1300 688 1369 in
718 1301 796 1370 cibo
830 1312 865 1370 et
895 1299 932 1368 in
957 1312 1046 1391 potu
1096 1291 1316 1381 benenatus,
1342 1300 1488 1393 eiusque
1503 1302 1582 1370 vitii
1595 1303 1736 1394 signum
1751 1305 1858 1379 etiam
1874 1311 1912 1379 in
1929 1311 2003 1402 ipsa
2020 1340 2084 1385 na-

54 1416 197 1487 tuetur,
222 1398 290 1473 bae
304 1418 398 1477 sunt.
449 1403 551 1475 Mens
563 1403 749 1495 intelligit,
774 1400 867 1473 hanc
885 1402 1046 1494 corporis
1097 1409 1177 1467 tura
1195 1412 1267 1482 est,
1299 1404 1396 1494 quod
1419 1402 1547 1474 talibus
1570 1428 1681 1474 venae
1703 1412 1975 1510 mesaraicae⁷⁴)
2002 1432 2085 1489 sunt

54 1519 246 1589 mamm,
282 1531 373 1600 quae
397 1508 570 1598 paularim
595 1506 835 1589 consumitur,
870 1505 1046 1575 instaura.
1098 1501 1301 1592 ampliores.
1367 1505 1554 1575 Postremo
1584 1503 1695 1599 hepar
1723 1510 1870 1585 calidius
1901 1512 2082 1598 thoracem

53 1610 156 1679 um
173 1609 344 1700 indigere,
397 1608 504 1678 calor
520 1610 674 1680 absumit
687 1605 892 1692 humidum,
926 1621 961 1677 et
980 1602 1046 1677 hu.
1098 1603 1274 1688 calefacit,
1300 1608 1395 1675 unde
1411 1621 1574 1678 arescunt
1589 1612 1708 1682 fauces
1724 1624 1758 1683 et
1775 1613 1907 1706 lingua.
1958 1620 2012 1690 Ex
2029 1619 2084 1693 his

53 1712 157 1783 mido
190 1711 365 1796 extincto,
409 1714 506 1781 calor
531 1711 727 1794 evanescit,
767 1724 807 1781 ut
836 1711 874 1778 in
901 1706 1045 1805 lychno.
1098 1706 1212 1777 causis
1229 1710 1402 1781 naturalis
1420 1723 1472 1780 est
1488 1712 1672 1783 inclinatio
1686 1717 1723 1784 in
1744 1718 1865 1788 mtdtis
1888 1723 1933 1789 ad
1955 1723 2084 1794 intem-

52 1813 164 1885 videt
179 1826 299 1884 autem
315 1828 480 1907 oportere
496 1817 644 1884 modum
660 1839 733 1885 esse
750 1814 981 1897 nutrimenti,
1005 1827 1048 1884 ut
1097 1810 1309 1899 perantiam.
1360 1813 1429 1882 Sed
1454 1819 1624 1885 accedunt
1646 1833 1789 1909 praeter
1812 1835 1978 1894 naturam
2002 1852 2084 1898 cau·

51 1916 149 2009 ignis
167 1917 246 1986 oleo
263 1918 402 1986 modice
425 1919 542 2002 infuso
566 1918 692 2000 alitur,
718 1917 906 1986 immodice
929 1917 1045 1987 inluso
1097 1934 1156 1980 sac
1177 1912 1428 1999 accidentales,
1464 1942 1554 2009 quae
1577 1921 1690 1990 multo
1712 1923 1792 2012 plus
1815 1940 1966 2011 nocent,
2000 1955 2084 1999 con-

53 2020 288 2110 extinguitur.
344 2021 559 2089 Praescribit
581 2045 665 2111 ergo
690 2045 791 2090 mens
812 2021 981 2102 modum,
1013 2032 1047 2088 ct
1096 2016 1248 2084 suetudo
1275 2017 1478 2104 belluandi,
1523 2021 1638 2091 malus
1675 2024 1787 2096 victus
1815 2041 1850 2096 et
1880 2032 2083 2106 cruditates.

55 2124 225 2194 volontas
248 2123 499 2214 obtemperans
516 2123 669 2215 imperat
689 2121 842 2192 externis
865 2122 1046 2205 membris,
1097 2115 1195 2186 Haec
1215 2119 1310 2187 male
1333 2121 1442 2191 etiam
1465 2137 1612 2194 naturas
1635 2142 1891 2221 corrumpunt,
1917 2148 1976 2218 ut,
2003 2152 2083 2206 cum

54 2239 99 2299 nt
132 2225 230 2295 alant
256 2249 405 2317 corpus,
437 2239 508 2294 'nec
540 2239 662 2296 tamen
695 2225 860 2314 ingerant
893 2225 1045 2317 amplius
1095 2217 1298 2290 Alexander
1312 2235 1441 2294 natura
1458 2230 1547 2295 esset
1562 2240 1784 2320 temperans,
1817 2245 1937 2305 tamen
1960 2252 2083 2329 postea

56 2351 170 2424 quarn
186 2353 275 2419 opus
289 2339 352 2398 est.
401 2325 443 2395 In
459 2324 663 2398 Christiano
686 2353 787 2397 mens
806 2353 881 2396 non
905 2340 1044 2396 tantum
1096 2346 1208 2413 prava
1229 2326 1483 2396 consuetudine
1506 2331 1618 2400 factus
1644 2347 1696 2402 est
1716 2333 1888 2425 flagitiose
1911 2338 2084 2434 intempe-

56 2427 125 2503 has
139 2424 405 2522 philosophicas
427 2431 584 2500 rationes
605 2430 824 2513 considerat,
857 2432 918 2501 sed
938 2431 1044 2499 etiam
1096 2449 1198 2508 rans,
1223 2422 1384 2498 exhausit
1396 2433 1504 2501 semel
1518 2433 1729 2523 praebibens
1743 2440 1833 2507 duos
1848 2434 1954 2513 choas
1963 2442 2021 2538 ⁷⁶),
2048 2445 2085 2514 id

55 2532 362 2605 mandatumDei:
381 2531 562 2603 Attendite
578 2558 622 2602 ne
640 2536 747 2602 corda
763 2546 880 2602 vestra
896 2557 1045 2623 graven-
1096 2539 1166 2609 est,
1193 2542 1348 2620 quatuor
1360 2545 1535 2603 nostrates
1551 2561 1753 2623 mensuras,
1785 2543 1847 2610 sed
1870 2542 1909 2612 in
1931 2570 1973 2615 co
2000 2572 2084 2616 con·

58 2637 270 2727 turerapula
287 2650 352 2707 etc.
404 2636 624 2727 Cogitandae
642 2649 726 2706 sunt
743 2648 778 2704 et
794 2636 929 2704 multae
957 2637 1045 2703 lina·
1099 2629 1193 2698 vivio
1214 2656 1349 2722 poenas
1371 2636 1599 2707 temulentiae
1621 2641 1730 2712 dedit.
1797 2641 1884 2713 Mox
1911 2651 2006 2718 enirn
2029 2651 2084 2718 in·

55 2740 109 2810 les
127 2762 272 2822 causae,
298 2739 573 2831 intemperantia
592 2739 722 2808 accersi
747 2738 892 2808 morbos
916 2750 950 2806 et
973 2737 1044 2806 cxi·
1094 2731 1297 2805 flammatus
1311 2734 1417 2820 vino,
1444 2752 1629 2829 aegrotare
1645 2743 1779 2834 coepit,
1807 2757 1937 2838 etpost
1951 2776 2083 2843 paucos

55 2843 169 2925 tium,
210 2840 377 2932 impediri
398 2843 613 2911 necessarios
642 2842 804 2924 labores,
844 2840 1045 2910 meditatio·
1097 2834 1172 2904 dies
1196 2837 1368 2908 extinctus
1391 2853 1453 2910 est.
1516 2841 1613 2912 Haec
1640 2846 1724 2916 satis
1753 2848 1800 2916 sit
1826 2848 1983 2922 breviter
2005 2878 2083 2924 rno-

56 2969 142 3015 nem
168 2957 204 3013 et
227 2943 489 3036 precationem,
523 2957 558 3013 et
582 2947 727 3013 tandem
752 2943 910 3033 extingui
930 2944 1044 3012 lucem
1097 2937 1215 3008 nuisse
1244 2942 1286 3009 de
1320 2942 1432 3012 causis
1456 2943 1705 3018 adiuvantibus
1730 2947 1768 3018 in
1788 2963 1978 3047 utramque
2001 2980 2084 3047 par·

55 3061 93 3117 et
114 3047 335 3138 agnitionem
358 3046 445 3130 Dei,
483 3048 567 3141 quia
590 3046 681 3116 fumi
702 3045 945 3137 multipliciter
969 3070 1046 3114 cor·
1097 3054 1189 3124 tem,
1228 3044 1451 3115 naturalibus
1498 3060 1533 3115 et
1568 3054 1950 3141 praeternaturalibus,
1990 3082 2083 3152 quae

53 3162 233 3241 rumpunt
253 3163 571 3240 temperamentum
593 3149 749 3232 cerebri,
789 3148 871 3217 inde
894 3173 1046 3242 sequun-
1097 3144 1284 3234 diligenter
1298 3147 1575 3219 considerandae
1592 3165 1693 3235 sunt,
1727 3168 1767 3225 ut
1788 3157 1964 3230 discamus
1988 3174 2083 3231 recte

55 3265 120 3324 tur
140 3250 267 3322 deliria
286 3265 323 3321 et
340 3254 479 3324 furores
502 3253 611 3321 etiam
634 3253 672 3321 in
697 3251 845 3336 ieiunis,
879 3251 969 3321 sicut
986 3252 1046 3319 Se·
1097 3270 1221 3337 regere
1252 3249 1504 3341 appetitiones,
1545 3267 1586 3323 ut
1619 3258 1708 3325 ordo
1738 3269 1889 3328 naturae
1915 3263 2084 3353 postulat.

56 3379 146 3426 neca
166 3354 300 3449 inquit:
333 3353 598 3426 Consuetudine
622 3353 781 3424 insaniae
803 3356 931 3423 durata
946 3353 1046 3435 vitia,
1096 3349 1183 3419 Vult
1206 3351 1302 3421 enim
1330 3351 1427 3424 Deus
1460 3379 1527 3424 nos
1559 3352 1734 3429 honorem
1764 3355 1896 3432 habere
1928 3367 2085 3458 corpori,¹

58 3459 146 3527 vino
161 3471 350 3550 concepta,
377 3458 483 3526 etiam
499 3458 575 3529 sine
592 3459 677 3526 vino
694 3458 826 3526 valent.
1099 3452 1196 3545 qnod
1217 3454 1263 3523 sit
1285 3455 1506 3526 domicilium
1517 3470 1566 3535 ,et
1589 3484 1764 3550 organum
1781 3463 1934 3554 Spiritus
1959 3469 2083 3539 sancti.

161 3559 247 3630 Dixi
268 3563 310 3629 de
333 3561 589 3652 principalibus
612 3550 918 3654 efficientibus⁸⁹),
951 3581 1047 3628 nunc
1097 3554 1267 3625 Laeditnr
1302 3581 1430 3649 corpus
1466 3560 1573 3630 nimis
1608 3565 1706 3633 tenui
1740 3565 1862 3660 auttt)
1896 3568 2085 3640 immundo

54 3664 176 3734 dicam
190 3665 235 3732 de
251 3663 482 3754 dispositione
498 3664 703 3733 adiuvante.
735 3662 806 3731 Res
819 3661 915 3730 enim
930 3673 1048 3730 osten·
1097 3658 1211 3741 victu,
1248 3660 1310 3728 sed
1332 3661 1444 3730 multo
1464 3664 1577 3754 magis
1598 3666 1770 3753 laeditur,
1812 3682 1848 3738 et
1869 3672 2084 3743 contumelia

56 3765 238 3840 ditalium
260 3767 329 3834 alio
355 3778 484 3834 natura
510 3765 623 3857 magis
646 3768 692 3835 ad
715 3763 987 3855 temperantiam
1013 3776 1049 3830 et
1099 3760 1250 3831 afficitur
1272 3757 1562 3836 helluationibus.
1613 3767 1757 3860 Quanta
1782 3772 1878 3841 enim
1901 3789 2084 3846 contume-

57 3869 269 3963 pudicitiam
285 3868 366 3939 duci
381 3870 425 3936 de
441 3867 511 3937 cibi
528 3881 563 3938 et
577 3881 682 3960 potus
701 3867 919 3959 appetitione
942 3860 1047 3933 vehe·
1096 3863 1144 3930 lia
1168 3876 1238 3946 est,
1272 3865 1320 3936 sic
1341 3880 1528 3937 oneratum
1553 3893 1626 3940 esse
1649 3871 1727 3943 cibo
1754 3889 1788 3944 et
1810 3889 1919 3967 potu,
1959 3892 1999 3947 ut
2018 3903 2086 3947 nec

58 3970 293 4065 mendenen)
308 3983 372 4039 aut
386 3969 694 4065 moderatiore⁷¹),
720 3993 823 4039 causa
842 3967 945 4040 estin
959 3980 1046 4036 tem·
1097 3964 1280 4057 precibus,
1303 3991 1369 4037 nee
1382 3970 1608 4042 meditationi
1630 3974 1735 4045 ullius
1758 3979 1871 4048 seriae
1897 3980 1950 4047 rei
1973 3976 2083 4049 homo

56 4087 269 4169 paramento
292 4073 491 4163 sanguinis,
523 4073 609 4143 item
632 4072 840 4156 ventriculi,
879 4071 964 4141 item
985 4066 1046 4140 he·
1098 4069 1247 4139 idoneus
1262 4069 1326 4154 sit,
1362 4085 1397 4140 et
1419 4072 1537 4164 imago
1555 4074 1624 4144 Dei
1644 4089 1805 4148 vertatur
1828 4080 1868 4148 in
1889 4080 2084 4172 imaginem

57 4179 152 4272 patis
162 4175 230 4271 ²¹),
263 4175 357 4269 ππ)
373 4200 543 4266 magnum
560 4175 709 4246 omnino
725 4173 980 4244 adminiculum
995 4184 1047 4243 est
1097 4173 1248 4242 belluae.
1298 4172 1406 4265 Quod
1421 4174 1529 4266 igitur
1540 4177 1672 4248 Paulus
1688 4181 1731 4248 de
1746 4180 1945 4251 libidinosis
1967 4183 2085 4277 inquit

56 4278 315 4374 temperantiae
329 4291 365 4348 et
380 4280 573 4349 multarum
592 4279 783 4361 virtutum,
808 4277 943 4346 bonum
958 4288 1046 4345 tem·
1099 4272 1221 4368 (Rom.
1240 4276 1274 4358 1,
1296 4274 1393 4371 24.);
1432 4275 1474 4346 ln
1498 4303 1625 4372 corpus
1648 4305 1750 4351 suum
1774 4298 1942 4373 peccant,
1976 4286 2085 4355 etiarn
2123 4359 2127 4369 ,

55 4395 327 4480 perementum,
361 4394 401 4450 ut
422 4376 628 4474 hydropici,
656 4393 719 4451 aut
737 4380 829 4451 febri
843 4380 1047 4448 laborantes
1098 4381 1141 4446 de
1156 4373 1381 4449 helluonibus
1399 4404 1522 4449 verum
1539 4396 1603 4464 est,
1624 4383 1765 4476 utrique
1784 4384 1821 4453 in
1838 4409 1966 4478 corpus
1979 4414 2083 4459 suum

57 4500 236 4582 perpetuo
252 4483 457 4556 cruciantur
479 4484 607 4554 vitiosa
627 4483 705 4568 siti,
733 4482 782 4553 ita
807 4483 1047 4572 intemperan·
1102 4530 1308 4547 ..—

58 4592 169 4663 tiores
198 4599 302 4671 stant,
338 4586 401 4680 qui
426 4587 609 4656 abundant
631 4609 748 4657 crasso
771 4599 806 4654 et
831 4583 945 4653 calido
967 4608 1048 4653 san·
1132 4614 1182 4673 tt)
1200 4615 1298 4664 Venae
1321 4612 1491 4663 menesteus
1514 4623 1537 4665 a,
1562 4614 1760 4667 memmi...
1784 4618 1855 4668 a...
1878 4623 1958 4684 mm,
1995 4622 2087 4673 ,Μ

59 4695 188 4786 suino
221 4691 308 4760 aem
333 4688 462 4783 stite*
483 4684 597 4781 heser
616 4688 710 4758 ¹¹¹³st
731 4698 968 4780 te¹¹¹9eratum
984 4700 1046 4756 ⁰⁸¹·
1166 4683 1456 4801 {estalenta
1471 4682 1904 4819 ttt.tttt‘t.tttat“tt‘tt
1921 4693 2086 4812 attan:

62 4862 271 4881 -··--
1165 4820 2088 4963 aasalutarent.“seaeantatt

95 4958 145 5026 es)
161 4959 226 5013 Ittxt
243 4960 277 5008 de
295 4955 491 5020 priuclpallbnr
508 4953 714 5021 afficientibus]
725 4955 765 5006 stc
777 4955 828 5008 tte
844 4954 935 5020 1111.;
952 4956 986 5005 ab
998 4953 1048 5004 Ed.
1168 4958 1275 5006 Kranae
1295 4958 1441 5007 flartdbuch
1460 4959 1508 5006 der
1527 4959 1656 5008 monachi.
1674 4961 1827 5013 Anatoude.
1856 4965 1964 5016 101111.
1986 4981 2012 5027 p.
2025 4964 2086 5017 79⁰.

130 5030 208 5080 1111.
226 5029 333 5077 thwet-
1133 5058 1182 5117 71)
1200 5056 1269 5109 duos
1286 5060 1383 5120 choas]
1399 5059 1440 5108 rte
1458 5061 1534 5109 recte
1545 5060 1594 5109 tta.
1610 5061 1701 5124 tasse
1720 5062 1769 5114 Ed.
1785 5065 1859 5115 1116.
1874 5065 1942 5114 diras
1952 5067 2042 5115 chon.
2052 5088 2087 5101 -

96 5115 146 5174 m
163 5113 384 5172 sententiare]
403 5111 443 5161 sic
462 5111 513 5161 ru
528 5111 620 5176 tasse
643 5111 695 5160 111.
711 5110 786 5162 1141.
802 5109 1009 5161 vete-antisti.
1170 5126 1260 5178 cnm
1277 5129 1348 5177 0⁰1..
1366 5140 1419 5178 nan
1439 5132 1482 5178 eet
1500 5127 1517 5176 1.
1532 5141 1557 5190 q.
1574 5125 1659 5193 χοάς,
1676 5131 1753 5181 Ptnr.
1771 5134 1847 5180 vocis
1863 5129 1939 5197 1⁰is'
1955 5135 1991 5186 a,
2016 5134 2087 5182 ns..

96 5199 145 5265 71)
163 5200 365 5258 moderatiore]
383 5199 424 5248 stc
439 5197 491 5248 Ed.
505 5197 599 5256 tunt
622 5196 674 5247 ttd.
691 5196 765 5246 1111.
784 5196 982 5247 normanna.
1169 5197 1223 5260 tio,
1250 5197 1299 5245 red
1323 5196 1339 5249 1.
1354 5211 1379 5259 q.
1401 5191 1486 5262 χόας,
1512 5197 1585 5246 Plus.
1611 5200 1688 5249 vecta
1711 5195 1793 5264 χόος,
1818 5208 1907 5251 contr,
1928 5201 2010 5268 χοῦς,
2040 5215 2089 5263 ι,

97 5288 145 5353 22)
162 5285 284 5350 fimus]
300 5285 386 5337 wat,
402 5283 477 5336 ιω,
495 5285 523 5332 ,ι
543 5282 619 5334 ms,
638 5283 736 5332 mm
755 5282 811 5333 gl,
835 5281 940 5348 mm,
970 5285 1000 5333 ,g
1022 5280 1050 5333 ῃ,
1169 5277 1297 5396 preppptra
1320 5266 1499 5329 ltqutdoron,
1536 5278 1607 5329 quae
1637 5269 1762 5329 congium
1795 5271 1840 5319 vet
1872 5284 1922 5319 sex
1950 5271 2088 5319 κωπίω

95 5356 269 5506 ”militie
283 5365 441 5501 {virtuts
451 5433 514 5511 ,Ed
530 5403 606 5486 1111.
624 5437 663 5488 tt.
863 5478 868 5487 .
890 5480 894 5486 .
1135 5433 1186 5496 ts)
1203 5437 1267 5498 aut]
1285 5436 1326 5488 etc
1341 5435 1499 5580 Edhtgffis
1528 5437 1558 5488 tu
1573 5437 1623 5487 Ed.
1638 5436 1711 5491 1111
1729 5439 1865 5491 om
