4544 5766
125 231 207 311 tto
439 238 444 247 ·
487 242 523 287 ἰ
549 242 593 295 .··-
628 256 636 283 ·
669 233 714 310 v.-
756 234 1106 333 ..nummum
1131 231 1367 330 antonum
1387 230 1661 314 armetur?
1698 268 1705 285 ·
2076 251 2154 327 tat

226 406 268 479 ln
298 422 383 481 voto
413 404 612 505 lephtae⁸²)
646 432 732 481 vera
763 412 1013 506 interpretatio
1037 411 1116 495 init,
1168 431 1286 493 mam,
1300 433 1386 479 ¹non
1401 420 1534 480 temere
1549 410 1784 502 excogitatam
1800 439 1892 504 esse,
1924 424 1987 492 sed
2002 447 2076 496 esse
2091 450 2150 496 or.

122 534 206 582 cnm
236 512 457 605 promisisset
490 538 526 583 se
551 514 822 585 immolaturum
847 538 921 588 esse
945 514 1114 612 quiequid
1167 512 1328 583 dinatam
1345 512 1520 604 sapientia
1538 526 1573 583 et
1596 513 1729 584 iustitia
1743 515 1828 602 Dei,
1855 533 1890 591 et
1908 546 1976 596 nos
2001 540 2150 620 propter

118 612 281 705 primum
298 618 518 688 occurrisset.
570 612 801 708 Intelligenda
823 631 900 688 erat
922 619 1112 711 promissio
1165 613 1281 684 Deum
1315 629 1521 686 reverenter
1554 612 1637 685 huic
1672 619 1791 688 ordini
1817 624 1947 695 debere
1972 629 2148 705 subiectos

118 718 165 785 de
183 741 236 802 re,
262 743 370 814 quam
385 719 516 790 licebat
528 720 722 789 secundum
739 721 852 813 legem
869 723 1011 807 offerre,
1037 746 1111 791 non
1164 741 1256 802 esse,
1283 731 1317 787 et
1332 719 1365 786 ei
1380 719 1526 789 obedire
1543 732 1691 811 propter
1706 720 1834 797 Deum.
1894 728 1989 800 Nam
2005 746 2041 802 et
2055 735 2147 825 poli-

115 818 163 889 de
179 814 399 908 hominibus,
425 847 500 891 non
515 822 559 890 de
574 821 686 917 equis,
711 847 785 893 non
799 823 842 894 de
858 825 1014 909 canibus,
1037 850 1111 897 non
1163 820 1314 890 ticarum
1333 833 1532 914 poenarum
1548 817 1617 891 hae
1633 846 1759 894 causae
1774 839 1872 897 sunt:

118 922 163 991 de
178 924 317 1014 porcis,
342 950 383 995 ac
399 926 512 996 multo
528 925 647 995 minus
664 926 707 993 de
723 920 940 1000 bominibus.
986 925 1110 1024 ltaque

117 1047 352 1121 nequaquam
368 1029 436 1100 luit
450 1027 670 1098 immolanda
686 1028 770 1101 lilia.
1583 955 1720 1029 Pruna·

1264 1071 1357 1166 Quia
1384 1073 1536 1171 Deusss)
1566 1077 1643 1145 vult
1669 1077 1819 1171 intelligi
1854 1095 1889 1151 et
1918 1095 2044 1155 notum
2072 1111 2145 1158 esse

397 1181 532 1252 Aliud
565 1183 830 1273 exemplum,
1101 1170 1108 1187 ⁶
1161 1173 1353 1245 discrimen
1369 1177 1540 1247 virtutum
1556 1190 1591 1247 et
1606 1179 1798 1266 vitiorum,
1823 1197 1864 1254 ut
1884 1184 2037 1258 sciamus
2058 1215 2148 1283 qua·

1159 1275 1202 1345 lis
1218 1276 1263 1346 sit
1278 1278 1374 1370 ipse,
1401 1282 1498 1374 quod
1515 1305 1589 1350 non
1603 1280 1882 1375 intelligeretur,
1906 1287 1975 1361 nisi
1989 1291 2145 1362 sancitae

222 1318 372 1390 Necesse
393 1330 501 1389 estet
522 1319 565 1386 de
588 1314 655 1387 hac
675 1317 969 1411 interpretatione
984 1344 1108 1391 omnes
1161 1392 1277 1455 essent
1294 1405 1432 1472 poenae

119 1415 286 1491 bomines
304 1421 582 1491 commonefieri.
633 1421 724 1491 Cum
746 1424 785 1490 in
810 1423 909 1491 omni
934 1425 1108 1514 guberna-

119 1523 218 1592 tione
234 1524 353 1593 iurent
368 1525 480 1607 cives,
506 1523 596 1593 sicut
610 1519 809 1594 scholastici
826 1526 974 1609 rectori,
1001 1550 1038 1596 se
1059 1527 1108 1595 le·
1567 1518 1741 1594 Secunda.

119 1625 220 1716 gibus
236 1628 544 1719 obtemperaturos
560 1648 653 1710 csse,
678 1626 861 1697 sciendum
876 1641 928 1700 est
943 1653 1018 1697 non
1034 1654 1107 1700 esse
1261 1631 1355 1726 Quia
1374 1659 1452 1704 cum
1470 1633 1567 1706 Deus
1585 1637 1695 1709 iustus
1718 1639 1782 1725 sit,
1815 1643 1891 1712 vult
1913 1644 2030 1714 delere
2053 1646 2145 1718 iniu-

119 1728 286 1818 periuros
307 1754 387 1813 eos,
421 1730 484 1825 qui
505 1728 663 1811 statutis,
705 1731 833 1824 quibus
855 1754 994 1823 poenae
1017 1731 1107 1800 aliae
1159 1745 1251 1818 stos,
1277 1736 1369 1805 sient
1390 1740 1508 1834 inquit
1532 1739 1654 1834 (Dent.
1670 1740 1706 1826 4,
1722 1741 1820 1841 24.);
1854 1743 1950 1816 Deus
1972 1760 2024 1818 est
2052 1750 2143 1841 ignis

122 1834 327 1924 corporales
345 1834 537 1915 adduntur,
563 1856 638 1901 non
652 1832 913 1927 obtemperant,
939 1835 969 1904 si
986 1847 1107 1903 tamen
1160 1862 1383 1910 consumens.

123 1933 160 2008 in
178 1959 294 2028 poena
311 1935 456 2005 obedire
470 1956 545 2003 non
560 1948 736 2015 recusant.

223 2039 274 2107 Ut
292 2034 540 2121 scholasticus,
567 2038 629 2131 qui
643 2050 753 2107 noctu
767 2038 806 2106 in
830 2035 955 2129 plateis
977 2037 1107 2107 tumul-

124 2151 261 2224 tuatur,
287 2165 361 2209 non
380 2154 432 2210 est
446 2139 632 2232 periurus,
658 2140 688 2210 si
710 2154 833 2233 postea
857 2164 878 2208 a
901 2152 1039 2209 rectore
1060 2140 1107 2209 ci-

122 2250 231 2327 tatus,
270 2240 493 2336 obtemperat
520 2242 559 2311 in
587 2266 721 2335 poena,
759 2241 842 2338 quia
866 2242 1106 2313 iuramentum

123 2344 255 2437 obligat
271 2345 314 2415 ad
328 2347 454 2439 legem.
512 2345 587 2414 Lex
609 2359 728 2416 autem
741 2345 875 2438 obligat
887 2347 945 2415 vel
962 2348 1007 2416 ad
1024 2347 1106 2415 obe·
1577 2333 1727 2424 Quarta·

126 2446 311 2534 dientiam‚
335 2451 390 2518 vel
406 2452 451 2519 ad
468 2473 636 2542 poenam.
1261 2448 1347 2519 Vult
1361 2451 1722 2524 commonefactiones
1737 2480 1810 2525 esse
1827 2458 1870 2526 de
1888 2460 2120 2550 poenitentia.

222 2551 395 2622 Sed‘cum
420 2549 647 2623 scholasticus
670 2565 732 2621 atet
754 2551 840 2621 civis
861 2561 1001 2621 recusat
1023 2551 1106 2618 obe·
1575 2587 1724 2680 Quinta·

128 2652 197 2723 dire
215 2654 252 2723 in
270 2679 406 2747 poena,
426 2669 510 2725 tunc
528 2655 604 2724 sine
618 2653 689 2723 ulla
705 2652 927 2723 dubitatione
942 2651 1106 2745 periurus

128 2768 186 2836 Νη
243 2757 347 2828 Teme
372 2782 515 2853 quoque
539 2757 703 2849 periurus
724 2769 794 2840 cst,
837 2781 916 2826 cum
943 2779 1105 2848 expressa
1260 2703 1466 2774 emuntur
1485 2705 1633 2775 ”illitati
1652 2707 1826 2792 ‘dimum’
1852 2735 1933 2779 ⁶⁰¹⁰
1960 2726 2144 2785 mnium·

131 2871 174 2928 ot
187 2861 302 2930 edicto
318 2856 405 2930 baec
421 2860 612 2932 sententia:
640 2858 718 2930 Nisi
733 2860 953 2951 obtemperet
971 2858 1106 2929 censeri
1159 2829 1213 2875 ωε
1231 2807 1424 2893 mllumur'
1451 2833 1496 2877 ne
1513 2810 1634 2901 plures
1650 2810 1804 2881 laedam

133 2985 200 3033 tum
218 2988 291 3034 csse
307 2965 503 3056 periurum.
554 2961 661 3047 Item,
689 2962 751 3056 qui
769 2961 895 3033 citatus
911 2985 986 3031 non
1009 2985 1106 3029 acce·
1590 2946 1706 3016 Se³113·

133 3065 178 3134 dit
191 3068 236 3135 ad
252 3067 417 3139 iudicem.
1260 3060 1473 3158 Exemplum
1491 3066 1709 3151 ostenditur,
1735 3090 1779 3134 ne
1795 3065 1856 3134 alii
1871 3066 2094 3163 delinquant.

225 3169 299 3239 Has
329 3169 592 3240 admonitiones
622 3180 726 3239 notas
759 3192 832 3239 esse
868 3167 1034 3238 omuibus
1067 3165 1106 3235 in
1258 3201 1311 3270 Ac

136 3272 305 3341 communi
320 3273 393 3340 vita
410 3275 574 3365 prodest,
600 3271 662 3340 ubi
678 3272 835 3362 primum
855 3266 924 3340 boc
947 3267 1106 3339 conside·
1157 3300 1323 3376 homines

137 3374 274 3443 randum
292 3388 362 3459 cst,
389 3398 567 3465 summum
584 3374 765 3443 vinculum
782 3397 855 3443 esse
873 3374 910 3441 in
927 3373 1025 3442 omni
1041 3372 1106 3440 im·

138 3475 224 3561 perio
240 3477 500 3564 iuramentum,
528 3478 625 3571 quod
650 3489 702 3545 est
723 3476 903 3545 invocatio
919 3472 1008 3558 Dei,
1035 3499 1104 3568 qua

139 3578 254 3647 subditi
277 3593 423 3671 petunt,
448 3593 489 3650 ut
511 3581 608 3649 Deus
630 3579 675 3647 sit
698 3590 814 3648 custos
839 3577 1106 3668 gubernationis

138 3689 165 3743 ct
178 3681 330 3771 ipsorum
349 3683 379 3753 si
394 3685 657 3776 obtemperent,
684 3693 719 3749 et
734 3704 774 3749 re
791 3703 875 3748 vera
892 3680 1020 3772 puniat
1034 3703 1105 3762 eos,
1283 3699 1345 3768 1),
1373 3698 1558 3770 absolut
1565 3697 1667 3768 1011,
1694 3723 1714 3767 ὃ
1743 3699 1814 3770 {ur
1824 3726 1948 3771 ,men
1960 3715 2017 3775 20·

140 3781 162 3846 si
174 3783 237 3851 sint
254 3798 491 3857 contumaces.
522 3785 574 3854 lta
592 3783 734 3852 initium
752 3795 804 3853 est
817 3783 1051 3874 imperiorum
1059 3780 1105 3876 ⁸³)

141 3883 177 3949 ab
191 3888 368 3976 agnitione
385 3902 419 3957 et
434 3889 660 3958 invocatione
676 3885 756 3956 Dei.

224 3990 362 4060 Deinde
383 4005 417 4060 et
436 3988 525 4061 baec
546 3988 785 4059 consideratio
809 3986 976 4058 studiosis
998 3984 1105 4072 digua

143 4102 191 4156 ⁰⁵1·
250 4094 356 4164 Multi
381 4095 471 4165 ritus
496 4094 631 4187 politici
653 4104 736 4162 sunt
758 4092 907 4160 umbrae
930 4087 1053 4160 iudicii
1073 4100 1108 4156 et

144 4184 275 4264 iustitiae
291 4197 371 4267 Dei.
440 4197 538 4267 Sicut
559 4197 667 4287 igitur
689 4194 727 4262 in
750 4193 897 4286 politica
920 4204 1107 4262 consuetu-

1579 1973 1714 2050 Tertia.

1258 2086 1345 2160 Vult
1372 2086 1439 2163 bas
1470 2092 1595 2164 breves
1623 2121 1758 2188 poenas
1785 2102 2144 2176 commonefactiones

1160 2216 1233 2264 esse
1249 2193 1292 2263 de
1306 2194 1433 2285 poenis
1452 2196 1617 2267 aeternis.

1342 3205 1386 3272 de
1416 3203 1606 3295 postremis
1634 3205 1747 3275 causis
1778 3203 1917 3295 saepius
1948 3206 2146 3300 loquuntur

1334 3358 1344 3389 ,
1378 3329 1470 3399 quae
1495 3306 1541 3374 ab
1564 3307 1716 3377 utilitate
1738 3319 1901 3398 sumptae
1923 3321 2007 3377 sunt
2031 3309 2144 3400 magis

1158 3409 1380 3499 conspicuae.
1440 3409 1510 3477 Sed
1529 3409 1668 3501 priores
1685 3410 1767 3480 illae
1785 3408 1951 3479 oriuntur
1967 3435 1986 3479 a
2005 3412 2144 3503 sapien-

1158 3511 1207 3579 tia
1225 3523 1260 3579 et
1277 3511 1412 3579 iustitia
1429 3509 1509 3580 Dei.

1259 3834 1358 3905 lutat
1380 3835 1455 3929 ipse
1469 3836 1586 3918 Deus,
1613 3834 1704 3906 sieut
1726 3836 1859 3931 inquit:
1893 3839 1987 3908 Vivo
2011 3863 2076 3929 ego
2085 3838 2143 3933 ⁸⁵).

1156 3939 1262 4010 Item:
1303 3937 1381 4031 Ego
1410 3937 1661 4034 Dominus²“),
1699 3942 1881 4011 affirmans
1914 3941 2050 4035 aliquid
2079 3965 2144 4031 per

1157 4041 1250 4113 hanc
1268 4043 1474 4127 veritatem,
1502 4043 1598 4139 quod
1622 4043 1697 4135 ipse
1721 4045 1766 4112 sit
1783 4068 1866 4111 vere
1882 4043 1998 4126 Deus,
2023 4066 2143 4126 verax,

1158 4160 1193 4216 et
1207 4146 1368 4216 sanciens
1384 4170 1448 4216 sua
1466 4147 1559 4215 dicta
1575 4145 1857 4214 immutabiliter.
1909 4143 2048 4212 Deinde
2067 4145 2144 4214 vult

1159 4263 1194 4319 et
1207 4249 1301 4318 inter
1321 4244 1485 4319 homines
1509 4250 1708 4318 iuramenta
1732 4247 1873 4315 vincula
1900 4270 1973 4316 esse
1997 4270 2143 4338 prorsus

144 4289 207 4363 dili
227 4299 282 4366 ¹⁰¹
305 4300 438 4389 ⁰b¹ii³l
461 4301 517 4368 *⁰¹
542 4301 587 4368 “d
613 4296 853 4368 ⁰b⁰di⁰¹¹¹i³m
876 4295 932 4364 vel
957 4297 1002 4364 ad
1023 4318 1107 4386 ¹¹⁰⁸·
1158 4352 1414 4436 immutabilia,
1448 4353 1538 4422 sicut
1561 4352 1731 4441 scriptum
1756 4345 1952 4420 estMatth.
1969 4346 2006 4432 5,
2027 4348 2140 4446 (33.);

145 4414 226 4467 nam:
254 4402 302 4469 ita
321 4425 442 4471 coram
458 4401 537 4469 Deo
554 4426 675 4469 sumus
698 4399 845 4490 obligati
863 4399 919 4466 vel
944 4398 990 4467 ad
1014 4409 1106 4465 recte

144 4493 344 4587 laciendum,
371 4504 490 4573 velad
505 4526 673 4597 poenam·
726 4500 816 4570 Cum
835 4512 954 4569 autem
969 4524 1044 4568 non
1062 4499 1108 4567 δὴ
1158 4455 1682 4622 Βεάἀεεῦοῐηιηοιιπεηηεῃῖθ
1703 4463 1775 4569 tua.
1869 4553 1877 4568 ⁹
1920 4554 1963 4622 'b
2005 4557 2017 4622 l

144 4594 284 4676 innotis
309 4607 530 4689 obedientia,
572 4627 725 4696 poenam
751 4602 841 4672 solvi
872 4625 1012 4672 neccsse
1045 4613 1106 4672 est.
1161 4662 1169 4678 ‚
1259 4559 1379 4651 Quasi*
1397 4567 1638 4647 ¹¹⁶¹¹¹⁰P⁰test
1664 4578 1936 4624 ¹⁰¹¹¹¹¹¹⁰¹¹¹81cd
1964 4581 2140 4626 soverea

143 4695 353 4780 Haemum
373 4710 530 4778 derivata
551 4706 657 4777 estin
673 4704 804 4787 filium,
832 4705 1104 4796 etvaletpoffla
1159 4674 1379 4744 mramento,
1421 4662 1518 4754 quod
1540 4684 1579 4727 re
1605 4682 1687 4725 vera
1714 4670 1766 4727 est
1793 4657 2053 4744 iuramentum,
2097 4685 2141 4728 ne

143 4803 199 4879 cius
213 4837 279 4904 pro
299 4813 397 4896 aliis,
426 4814 508 4906 quia
526 4811 599 4903 ipsc
625 4820 677 4878 est
697 4808 878 4876 innocens.
930 4805 1026 4874 Haec
1044 4807 1103 4874 ad·
1158 4766 1265 4834 faciat
1288 4788 1474 4856 Pf⁰¹¹¹¹⁸⁵³·
1541 4761 1588 4830 hl
1617 4773 1781 4853 ¹¹¹¹P¹⁰l³⁸
1806 4771 1858 4830 0⁵1
1882 4762 2038 4831 inbuere
2061 4763 2142 4835 ullis

138 4909 286 4984 miranda
321 4915 468 4985 consilia
496 4927 531 4982 et
551 4909 645 4983 hunc
679 4909 843 4978 ordinem
871 4909 1045 4979 discemus
1068 4909 1106 4976 in
1159 4867 1328 4938 creaturis
1343 4861 1435 4935 hanc
1450 4866 1698 4948 autoritatem,
1732 4865 1829 4958 quod
1845 4863 1983 4954 possint
1999 4866 2141 4936 abolere

137 5013 367 5088 ,itaaetemffl
420 5018 627 5088 &dtamen
642 5013 729 5084 nme
745 5010 1107 5104 estaspioempomi·
1158 4982 1417 5054 loramentum,
1450 4969 1547 5063 quod
1569 4992 1606 5037 re
1628 4991 1712 5037 vera
1736 4979 1787 5036 est
1810 4965 2071 5052 iuramentum,
2102 4982 2142 5038 ut

134 5137 201 5189 tam
229 5121 542 5202 consuetudinem,
590 5130 624 5188 et
655 5115 881 5186 considerare
913 5109 1007 5183 banc
1035 5115 1107 5182 ior-

130 5258 327 5277 Qu*

158 5324 205 5390 aa)
223 5326 287 5376 vn.
305 5324 363 5375 tua.
380 5326 421 5382 u.
439 5324 474 5374 ao
487 5335 546 5385 sqq.

156 5410 204 5472 ὃ)
221 5412 412 5475 imperiorum]
436 5411 476 5459 ric
493 5408 564 5459 Edit.
581 5404 671 5468 taeta
689 5404 774 5454 Editt.
792 5404 881 5465 1551,
900 5398 975 5452 tm.
990 5399 1045 5449 etl

188 5486 304 5545 enarr.
321 5492 431 5530 errore:
456 5478 608 5539 inpiorum.

125 5570 309 5634 liruaara.
333 5563 439 5627 0rrn.
462 5562 546 5624 Vou.
568 5557 659 5620 XVI.

1191 5213 1243 5330 aa}
1258 5210 1347 5269 Deus]
1364 5207 1404 5257 stc
1418 5203 1503 5257 natet
1518 5202 1595 5256 1612.
1614 5205 1642 5253 ct
1662 5202 1754 5265 itm
1779 5200 1807 5251 in
1824 5200 1909 5254 editt.
1923 5199 1997 5251 1³57.
2018 5203 2046 5249 et
2067 5200 2142 5254 1560.

1245 5283 1313 5330 aest.

1047 5397 1100 5448 56⁰
1192 5368 1242 5426 35)
1260 5365 1339 5416 conr.
1359 5377 1384 5414 e.
1401 5376 1427 5413 c.
1445 5362 1523 5411 Nun.
1541 5358 1583 5421 14,
1599 5356 1643 5407 rt.
1660 5355 1704 5406 28.
1739 5353 1840 5402 Erech.
1853 5352 1897 5416 2⁰,
1915 5351 1959 5402 88.

1101 5434 1107 5446 '
1193 5454 1243 5513 aa)
1260 5453 1339 5504 aun.
1354 5452 1396 5513 u,
1413 5448 1457 5498 aa.
1489 5442 1592 5495 anea.
1604 5441 1633 5505 a,
1651 5439 1692 5492 ιν.
1722 5438 1768 5504 2¹,
1787 5437 1827 5488 1⁷.
1851 5437 1897 5502 ao,
1916 5435 1957 5486 u.
1976 5438 2005 5486 a
2019 5437 2057 5488 n.

1484 5513 1534 5584 80
