4544 5766
103 149 144 227 ld
294 149 369 228 Vll.
420 152 804 232 COMMENTARIUS
835 153 885 231 IN
921 151 1167 233 CICERONIS
1201 152 1520 235 raanrlottas
1556 158 1845 245 amoma&
1992 172 2069 253 064

103 323 184 397 nisit
199 325 390 398 exercitum
407 328 478 399 lata
496 326 675 426 culpa⁸⁸):.
689 352 774 423 ergo
791 328 858 401 fuit
870 353 951 403 rcus
966 328 1039 399 lae·
1090 328 1215 401 riores.
1256 327 1356 401 ‘Nam
1370 328 1513 400 facundi
1528 344 1676 419 natura,
1701 335 1821 411 sinon
1839 353 1932 413 recte
1951 365 2069 417 assue-

103 429 352 514 emaiestatis,
378 443 413 500 et
433 430 614 524 proditor,
639 457 680 504 ac
698 433 730 503 si
750 432 834 503 dolo
857 431 1040 504 amisisset.
1087 433 1171 504 lacti
1204 444 1308 516 sunt,
1348 433 1438 504 hunt
1475 431 1592 525 inepte
1632 439 1785 529 gan-uli,
1829 455 1892 515 aut
1926 447 2066 522 tumidi,

103 533 363 624 apondendum
377 545 445 605 est:
471 533 547 605 Etsi
567 535 670 606 dolus
692 546 727 606 et
747 535 817 605 lata
835 535 937 627 culpa
956 546 1039 606 sunt
1086 533 1263 618 licentra,
1285 533 1347 631 qui
1363 549 1445 607 sunt
1462 535 1650 623 aridiores,
1677 542 1768 613 fiunt
1782 568 1927 637 prorsus
1942 546 2066 633 ieiuni,

103 633 163 705 tasi
178 634 297 726 paria:
322 648 440 706 tamen
458 660 585 727 genere
595 636 780 716 differunt;
810 637 960 709 alterum
977 637 1037 708 de·
1086 633 1243 722 horridi,
1267 636 1402 707 sordidi
1424 646 1459 709 et
1476 639 1644 730 squalidi:
1674 657 1715 714 ut
1735 657 1787 716 est
1804 646 2064 751 symmachttt)

103 748 183 806 tum
198 749 251 807 est
264 738 408 830 proprie
425 738 685 824 voluntarium,
715 739 865 813 alterum
888 763 963 810 non
985 751 1037 809 est
1086 740 1213 811 oratio.
1264 739 1385 832 Quare
1408 738 1572 813 studiosis
1594 742 1780 836 diligenter
1801 748 1840 818 in
1861 750 2061 825 elocutione

103 837 205 931 oprie
225 840 477 911 voluntarium.
872 882 878 893 ·
1086 843 1341 913 elaborandum
1364 853 1433 927 est,
1471 844 1676 933 praesertim
1701 873 1781 919 cum
1804 845 1891 922 haec
1913 856 2062 928 facultas

160 945 222 1015 tte
244 946 343 1037 quaet
363 937 524 1041 minora]
554 941 650 1015 Reus
670 942 888 1016 stellionatus
910 967 1034 1036 corpo-
1084 945 1129 1016 sit
1150 945 1274 1037 ingens
1295 939 1450 1015 hominis
1468 944 1585 1017 decus.
1636 947 1751 1041 Magis
1773 953 1867 1024 enim
1887 954 1998 1040 lucet,
2024 972 2061 1031 et

103 1040 254 1135 lipoena
271 1044 469 1151 puniendus
487 1058 555 1116 est:
594 1070 678 1138 ergo
694 1045 933 1139 multomagis
949 1048 1035 1118 furti
1074 1047 1298 1141 „conspicitur
1312 1045 1532 1142 eloquentia,
1558 1072 1666 1143 quam
1687 1054 1846 1126 abstrusa
1869 1056 1907 1125 in
1930 1060 2058 1135 animis

103 1170 151 1217 us.
202 1144 336 1217 Verum
353 1161 404 1218 est
419 1161 686 1239 argumentum,
718 1173 760 1218 ex
774 1148 877 1244 quasi
894 1148 1032 1219 minore
1084 1162 1118 1221 et
1148 1150 1288 1246 prolata
1316 1150 1502 1241 sapientia.
1579 1150 1789 1227 Traduntur
1820 1170 1937 1229 autern
1969 1157 2057 1233 haec

103 1260 215 1319 ctum.
264 1247 356 1321 Nam
374 1250 594 1323 stellionatus
608 1264 660 1321 cst
675 1250 776 1347 quasi
791 1251 909 1321 minor
924 1254 1032 1345 furto.
1082 1266 1287 1346 praecepta,
1312 1277 1391 1324 cum
1405 1251 1444 1321 in
1460 1250 1537 1322 aliis
1549 1250 1649 1325 libris
1665 1251 1870 1344 rhetoricis,
1895 1272 1971 1332 tum
1987 1259 2056 1336 hic.

103 1356 240 1421 ‘tamen
252 1375 291 1422 re
306 1351 380 1446 ipsa
397 1352 575 1448 interdum
590 1354 669 1446 plus
683 1353 894 1424 insidiarum
917 1367 952 1424 et
971 1378 1031 1447 pe·
1180 1353 1343 1426 Primum
1373 1366 1443 1425 est:
1480 1353 1738 1431 Pcrficiendum
1763 1372 1815 1432 est
1837 1345 2000 1435 doctrina
2022 1379 2056 1436 et

103 1452 157 1523 uli
169 1453 295 1537 struit,
320 1479 428 1550 quam
444 1458 591 1528 furtum.
1080 1457 1215 1528 studio:
1239 1471 1279 1528 ut
1292 1458 1447 1553 primum
1469 1455 1534 1526 tihi
1553 1461 1718 1553 proprius
1741 1486 1858 1533 sermo
1881 1479 1917 1534 et
1939 1490 2057 1558 gram-

156 1554 309 1625 Collatio
331 1570 559 1642 naturarum,
587 1583 651 1629 seu
670 1557 966 1642 substantiarum,
990 1570 1031 1626 ut
1081 1560 1229 1633 maticns
1242 1562 1333 1631 bene
1354 1572 1459 1631 notus
1482 1557 1541 1628 sit:
1572 1572 1608 1631 et
1628 1575 1669 1632 ut
1689 1563 1779 1635 iusta
1802 1566 1903 1659 copia
1927 1572 2053 1640 verbo-

103 1658 225 1727 rcodili
244 1671 279 1727 et
293 1660 445 1752 tyranni.
496 1660 547 1730 Ut
560 1660 654 1730 enirn
669 1661 866 1732 crocodilus
885 1674 938 1730 est
955 1684 1030 1730 sae·
1080 1688 1159 1733 rum
1184 1664 1373 1735 instructus
1394 1662 1460 1747 sis,
1490 1655 1558 1731 hoc
1581 1675 1650 1747 est,
1681 1678 1722 1735 ut
1742 1667 1910 1762 pleraque
1933 1672 2054 1743 omnia

103 1786 138 1844 s,
166 1763 451 1854 ettamenlugax
467 1765 634 1834 adversus
656 1765 822 1846 audaces,
856 1774 890 1831 et
914 1764 1029 1832 audax
1079 1766 1150 1838 suis
1175 1766 1290 1838 verbis
1312 1777 1404 1836 recte
1428 1777 1462 1834 et
1482 1763 1617 1855 signate
1638 1765 1757 1862 eloqui
1779 1769 1903 1859 possis.
1960 1774 2053 1846 Nam

103 1886 222 1933 versus
234 1864 392 1935 timidos:
414 1865 463 1935 sic
479 1865 622 1959 tyranni
634 1878 717 1937 sunt
730 1857 980 1964 θρασύδειλοι.
1080 1892 1207 1961 corpus
1225 1869 1397 1939 orationis
1411 1889 1539 1956 magna
1558 1890 1599 1936 ex
1614 1881 1715 1959 parte
1731 1882 1892 1943 constare
1906 1898 1947 1945 ex
1970 1901 2054 1969 pro·

151 1964 282 2050 Aliud,
307 1966 447 2037 Horatii
461 1968 523 2039 lih.
541 1966 575 2039 4.
582 1966 648 2065 ⁰⁰):
1079 1971 1157 2064 prio
1174 1996 1336 2042 sermone
1350 1970 1473 2054 debet,
1497 1980 1538 2038 ut
1550 1970 1690 2039 tunicae
1708 1973 1777 2041 tela
1799 1997 1840 2043 ex
1859 1974 1953 2049 lana.
2003 1979 2054 2049 Ut

222 2085 325 2146 Fortes
343 2099 480 2147 creantur
500 2086 621 2147 fortibus
642 2099 674 2149 et
692 2086 785 2162 bonh,
1078 2087 1196 2143 autem
1214 2099 1319 2144 aurea
1333 2076 1390 2144 fila
1406 2070 1533 2143 alicubi
1545 2070 1819 2145 intertexuntur:
1850 2077 1899 2148 sic
1915 2079 1953 2147 in
1968 2105 2051 2174 pro-

221 2186 275 2247 Eet
296 2188 326 2245 in
347 2188 493 2264 iuvencis,
520 2200 566 2248 eet
585 2190 616 2247 in
637 2189 718 2268 equis
740 2198 854 2266 patrum
1078 2178 1156 2269 prio
1172 2200 1334 2248 sermone
1347 2176 1520 2272 quaedam
1535 2189 1744 2245 ornamenta
1767 2178 1868 2249 certis
1886 2179 2052 2252 interval-

218 2289 335 2363 virtus,
356 2306 413 2347 nee
432 2290 581 2349 imbellem
602 2288 716 2349 feroces
1078 2280 1120 2350 lis
1134 2291 1208 2349 arte
1221 2292 1447 2373 sparguntur.
1498 2275 1549 2345 hc
1563 2277 1715 2348 maxime
1734 2278 1771 2347 in
1787 2285 1950 2353 ornando
1973 2310 2050 2354 mo-

216 2390 420 2479 ·Progeneraot
440 2392 556 2471 aquitae
577 2391 747 2455 columbam,
1078 2381 1330 2454 duslaudatur.
1379 2381 1472 2452 Nam
1494 2378 1651 2471 neglecta
1671 2382 1907 2473 proprietate,
1932 2410 2051 2457 sermo

150 2489 305 2561 Collatia
322 2492 529 2565 facultatum
544 2493 716 2585 significat
727 2492 939 2587 generaliter
957 2491 1027 2560 col·
1077 2486 1115 2553 fit
1136 2486 1324 2568 obscurus,
1350 2482 1524 2565 tumidum
1549 2481 1667 2574 inepte
1690 2485 1905 2558 redundant·
1953 2488 2056 2560 Talis·

103 2591 200 2665 iones
217 2594 458 2671 effectionum:
492 2597 633 2671 utsicut
649 2608 741 2667 artes
757 2607 916 2671 crescunt
930 2617 1026 2667 exer·
1076 2586 1143 2658 suit
1164 2587 1376 2659 Asianorum
1393 2584 1440 2681 ⁷⁸)
1465 2586 1690 2678 quorundam
1717 2586 1885 2681 loquendi
1905 2612 2051 2661 consue-

103 2721 148 2765 o:
188 2696 237 2768 sic
251 2698 361 2773 virtus
377 2692 541 2774 exercitio
557 2701 597 2773 fit
614 2697 808 2772 excitatior.
1078 2691 1183 2775 tudo,
1214 2715 1304 2785 quae
1327 2713 1345 2758 a
1367 2685 1600 2782 prudentibus
1621 2686 1725 2758 valde
1748 2685 1959 2780 reprehensa
1980 2706 2051 2763 est:

153 2798 340 2877 Cornelius
364 2802 508 2877 Tacitus
529 2803 573 2873 de
594 2795 793 2897 eloquentia
802 2801 867 2897 π);
893 2799 1025 2892 Magna
1075 2805 1115 2864 ut
1127 2793 1304 2885 Augustus
1323 2791 1563 2862 Maecenatem
1586 2785 1830 2883 reprehendit,
1863 2792 1925 2886 qui
1944 2793 2051 2866 nimis

105 2903 276 2997 quentia,
312 2904 405 2981 sicut
432 2905 597 2989 flamma,
641 2903 789 2975 materia
820 2905 945 2987 alitur,
991 2914 1026 2971 et
1076 2896 1263 2969 ambitioso
1291 2895 1387 2968 cultu
1406 2907 1442 2964 et
1463 2892 1662 2963 immodicis
1684 2892 1805 2984 liguris
1829 2893 1882 2964 uti
1905 2897 2052 2969 solebat.

103 3002 207 3102 quat)
223 3006 393 3080 excitatur
406 3020 443 3077 et
457 3010 594 3081 urendo
608 3006 777 3079 clarescit,
1075 2996 1158 3070 Ideo
1191 2999 1314 3070 Cicero
1350 2994 1407 3066 hic
1439 2995 1594 3088 primum
1627 2995 1781 3087 partitur
1814 3020 1941 3086 genera
1977 3000 2051 3069 elo-

155 3114 268 3183 voum
288 3113 394 3201 ipitur
419 3135 526 3202 pensu
553 3121 603 3201 eat
625 3112 798 3207 eloquendi
819 3134 884 3181 aaa
912 3118 1025 3197 sponte
1075 3103 1207 3199 quendi
1231 3103 1362 3173 induo
1384 3099 1564 3184 membra,
1596 3121 1749 3192 (ΨΜ
1773 3098 1923 3168 allfflm
1948 3115 2050 3171 V0ffl¹

103 3204 195 3309 am]
220 3211 357 3282 Natura
373 3214 471 3304 prius
491 3225 543 3285 est
562 3213 742 3295 invenire,
773 3206 934 3295 horest,
968 3234 1024 3277 co·
1074 3209 1190 3277 fusum
1218 3229 1280 3276 sua
1311 3215 1457 3299 sponte,
1499 3201 1629 3284 idest,
1670 3199 1936 3293 quotidianum,
1967 3228 2051 3296 pro-

103 3336 161 3381 are
183 3338 272 3413 quas
295 3339 351 3384 res
377 3316 571 3409 significare
602 3308 689 3385 aliis
709 3313 807 3387 velis.
866 3310 914 3387 Et
944 3337 1023 3382 cum
1074 3308 1212 3402 pilum,
1249 3306 1538 3399 grammaticum,
1574 3327 1647 3398 11⁰⁰
1675 3306 1780 3373 ficum
1806 3304 1930 3388 ficum,
1974 3332 2048 3377 ³⁰³·

103 3441 170 3485 mo
200 3416 318 3489 ideam
346 3443 467 3493 earum
495 3442 635 3499 rerum,
676 3430 847 3509 tanquam
875 3412 1024 3489 aedificii
1075 3406 1183 3504 pham
1198 3406 1365 3503 scapham
1383 3405 1611 3500 appellamus.
1651 3402 1766 3475 Huius
1782 3406 1920 3495 generis
1933 3408 2049 3498 prima

103 3516 286 3611 eripimus,
330 3520 436 3593 simul
467 3520 573 3589 etiam
605 3520 648 3588 de
685 3520 809 3593 ordine
835 3518 1022 3609 cogitatur.
1074 3527 1109 3583 et
1129 3512 1317 3607 praecipua
1332 3512 1378 3582 sit
1394 3533 1498 3592 cura,
1525 3507 1622 3578 urirrs
1645 3508 1793 3600 quidem·
1812 3518 1910 3576 tanta
1934 3510 2051 3580 suavi-

103 3621 185 3691 inde
209 3625 351 3692 accedat
374 3623 543 3706 elocutio,
576 3623 613 3693 id
633 3633 705 3704 est,
733 3614 901 3701 facultas,
933 3642 1022 3713 quae
1073 3630 1126 3687 tas
1141 3628 1210 3698 est,
1231 3627 1272 3684 ut
1291 3615 1329 3684 in
1343 3612 1462 3706 pueris
1478 3621 1511 3679 et
1525 3606 1651 3701 puellis
1667 3619 1794 3677 natura
1809 3609 1969 3682 facundis
1981 3612 2048 3681 rni-

122 3725 297 3823 cogitatas
320 3725 391 3796 suis
414 3726 549 3808 verbis,
579 3723 854 3817 significantibus
875 3733 909 3791 et
930 3734 1022 3793 recte
1072 3718 1167 3788 rilice
1190 3712 1491 3809 hac'proprietate
1509 3711 1734 3782 delectemur.
1784 3709 1936 3782 Deducit
1948 3715 2046 3784 enim

103 3827 175 3897 ‚ctis
191 3826 310 3911 effert,
335 3852 398 3898 seu
411 3828 565 3921 exponit.
622 3827 673 3896 Ac
686 3840 727 3899 ut
741 3825 911 3896 differunt
925 3823 1022 3915 inge·
1072 3817 1164 3891 hanc
1188 3832 1338 3890 aetatem
1357 3832 1492 3889 natura
1517 3814 1673 3908 primum
1706 3813 1753 3882 ad
1771 3816 2046 3907 proprietatem.

118 3930 311 4021 sagacitate
326 3931 364 4000 in
385 3932 591 4024 cogitando,
624 3930 685 4000 alii
709 3929 786 4004 aliis
809 3927 948 4021 aptiora
967 3926 1022 4001 in·
1071 3923 1119 3994 Et
1132 3947 1236 4016 saepe
1258 3924 1420 3994 audimus
1439 3912 1652 4011 reprehendi
1675 3940 1805 4008 pueros
1827 3919 1872 3985 ah
1893 3918 2048 4011 aequali-

103 4032 211 4102 tiunt:
245 4032 294 4102 ita
308 4058 435 4126 magna
457 4031 655 4111 differentia
680 4045 731 4103 est
751 4022 961 4117 naturarum
983 4028 1022 4097 in
1071 4029 1155 4111 bus,
1195 4027 1422 4096 nominantes
1453 4021 1588 4115 aliquid
1609 4043 1684 4090 non
1707 4041 1770 4091 sua
1790 4020 2045 4109 appellatione;

103 4128 259 4231 quendo.
309 4136 409 4212 Alius
425 4137 494 4213 alio
518 4149 646 4206 natura
669 4147 721 4206 cst
743 4133 921 4216 foelicior,
947 4156 1021 4201 ma·
1072 4129 1155 4226 quia
1176 4129 1270 4198 enim
1292 4142 1419 4198 natura
1445 4124 1541 4197 sanis
1559 4120 1709 4215 ingeniis
1731 4142 1864 4190 curam-
1878 4133 1969 4190 recte
1991 4123 2046 4192 lo·

120 4230 309 4331 proprius,
345 4239 458 4330 magis
479 4228 631 4322 nitidus,
671 4250 706 4308 et
726 4222 947 4331 splendidus:
982 4247 1022 4305 ut
1072 4232 1205 4329 qriendi
1224 4230 1461 4324 ingeneravit:
1499 4249 1574 4301 non
1594 4233 1743 4317 possunt
1761 4221 1836 4292 sine
1857 4220 2049 4294 stomacho.

103 4340 221 4411 raalio
237 4354 364 4412 natura
379 4343 491 4435 magis
506 4341 659 4414 musicus
671 4352 734 4411 est.
789 4337 941 4411 Multum
958 4337 1020 4429 igi·
1071 4336 1194 4409 audire
1208 4334 1326 4428 inepte
1349 4335 1499 4404 detorta.

124 4456 161 4512 et
184 4443 221 4513 in
243 4439 310 4515 hac
334 4450 436 4541 parte'
455 4444 626 4520 foelicitas
648 4454 795 4512 naturae
818 4441 928 4521 valet3
960 4442 1020 4511 sed
1168 4436 1329 4508 Alterum
1355 4458 1465 4528 genus
1494 4440 1597 4499 vocat
1624 4449 1765 4496 vertum
1792 4436 1827 4494 et
1854 4439 2043 4513 mutatum,

103 4571 164 4615 ren
180 4542 265 4616 haec
281 4571 363 4644 pars
378 4550 456 4641 plus
473 4550 517 4617 ab
534 4559 609 4621 artc
631 4544 757 4637 sumit,
791 4536 896 4638 quarn
917 4567 1020 4641 supe·
1071 4540 1250 4625 videlicet,
1284 4564 1365 4613 cum
1387 4561 1461 4604 non
1484 4534 1521 4610 in
1542 4554 1615 4602 uno
1639 4540 1777 4599 lanium
1798 4528 1907 4597 ve¹h⁰
1929 4541 2044 4603 “³³¹³-

103 4708 252 4721 ι*
1070 4694 1272 4711 ——0

103 4782 132 4849 Β)
150 4781 231 4835 ⁰⁰¹¹ss
249 4789 334 4842 ’¹¹⁹¹‘
349 4792 376 4841 Ρ·
387 4777 447 4831 ⁸⁴⁷·
465 4780 531 4829 ¹¹⁰²
543 4777 587 4832 ⁴¹·
1102 4790 1153 4850 tt)
1167 4788 1209 4839 De
1226 4787 1277 4839 tec
1295 4784 1329 4847 Q.
1343 4780 1455 4837 amello
1466 4776 1627 4845 ammo
1644 4774 1766 4826 ttonano
1783 4776 1821 4834 (o.
1835 4783 1860 4824 a.
1873 4766 1959 4835 m),
1977 4775 2051 4827 vtro·

103 4868 128 4937 t)
146 4870 242 4925 uorat.
259 4865 348 4917 cerm.
362 4862 410 4926 lv,
428 4864 455 4929 4,
470 4862 594 4915 29-32.
611 4888 645 4903 -
661 4860 691 4911 ln
704 4859 904 4917 conmentario
921 4862 1019 4911 verba:
1135 4854 1321 4908 consumtor
1342 4852 1482 4915 praetacto
1502 4848 1580 4899 mats
1603 4845 1658 4899 vld.
1673 4841 1791 4895 hunolt
1814 4842 1972 4895 auream
1992 4844 2039 4897 tr·

116 4936 242 5004 „Attum
260 4932 368 4986 llorettt
387 4932 432 4982 tta
450 4928 501 4983 t.”
520 4932 591 4982 nato
606 4932 670 4993 port
687 4942 796 4981 versum
811 4929 855 4981 29.
872 4928 972 4980 Fortes
984 4952 1018 4966 -
1137 4927 1196 4976 ttue
1213 4925 1292 4974 erote
1310 4921 1386 4986 dttlp
1402 4919 1513 4971 marti
1529 4910 1660 4967 Tomilll.
1677 4926 1704 4975 p.
1716 4910 1768 4963 2⁰⁴
1778 4923 1835 4975 sqq.
1853 4911 2036 4973 rotdotuom

115 5007 210 5069 hortu,
229 5004 367 5055 incudem
384 5002 456 5050 linea
474 5003 563 5063 posita
581 5004 653 5049 sunt.
1134 4995 1223 5047 lltrror
1240 4994 1332 5046 docem
1348 4989 1472 5056 reliqult3
1500 4985 1655 5039 eratlornm
1671 4981 1730 5032 elur
1745 4976 1927 5030 tantumnodo
1944 4982 2038 5040 portes

103 5092 130 5160 t)
149 5094 191 5143 De
207 5088 360 5141 oratoribus
382 5088 440 5136 etue
457 5087 490 5136 de
506 5088 597 5136 cauete
613 5088 757 5148 corruptae
773 5085 941 5149 eloquentiae
958 5082 1018 5135 dle·
1136 5064 1306 5125 ⁸¹¹l⁰f⁸¹¹¹¹is
1330 5070 1397 5124 ‘1⁰⁸⁸
1414 5061 1485 5123 ΑΗΒ·
1506 5054 1595 5107 Mu·
1619 5064 1645 5102 ⁸·
1664 5049 1738 5101 ¹⁸¹⁶·
1760 5046 1904 5097 mmm
1931 5048 2036 5110 trium!

116 5164 215 5225 logos,
233 5157 405 5221 quietantiis
424 5157 506 5207 corn.
524 5152 633 5217 Tacito,
650 5158 685 5206 aa
703 5154 766 5205 atltr
777 5154 1028 5216 &adulantiam
1134 5131 1227 5187 ”ffli-

114 5230 260 5289 temnitur,
276 5226 424 5303 ¹astruentia
440 5228 524 5275 verae
541 5226 647 5299 exaltet
663 5225 739 5276 ott.
758 5223 816 5277 ult.
1054 5264 1057 5271 .
1101 5231 1149 5299 π)
1167 5235 1258 5299 begu
1275 5230 1416 5284 ctoerunis
1437 5230 1472 5281 de
1488 5206 1598 5279 Aemula
1612 5237 1637 5275 ι.
1653 5216 1784 5273 Artatlcts
1806 5178 1965 5271 oratoribus
1990 5218 2033 5267 tu·

103 5319 132 5375 Ι)
149 5316 238 5373 motu]
257 5312 296 5363 ric
312 5312 353 5361 lrtc
370 5311 568 5375 commentar,
598 5310 628 5361 tn
644 5310 692 5362 ltlo
709 5312 817 5377 dialogo
834 5309 892 5369 (ed.
909 5308 1018 5366 Platon.
1104 5342 1107 5347 -
1135 5302 1204 5353 uota
1233 5303 1261 5352 ln
1284 5306 1368 5355 lta-uto
1386 5300 1429 5363 1⁸,
1444 5299 1488 5348 ot.
1516 5296 1562 5361 aa,
1579 5292 1655 5355 Mt
1692 5288 1809 5343 Orttore
1825 5284 1873 5357 ὅθι,
1886 5282 1963 5347 2304
1996 5289 2034 5369 .⁰.⁰

114 5383 205 5438 Paria.
224 5381 297 5435 16⁸7.
314 5385 340 5434 4.
359 5380 388 5431 Τ.
400 5380 462 5441 lv.)
478 5382 595 5447 legitur:
622 5378 746 5435 nathan
1052 5436 1056 5457 ,Ι
1134 5376 1191 5439 opt.
1208 5384 1271 5438 gen.
1287 5374 1359 5426 orat.
1374 5370 1402 5435 t,
1419 5371 1444 5421 8.

1445 5429 1530 5509 54*
