4544 5766
185 187 261 269 228

294 398 298 405 ·
391 356 541 427 Prima
568 353 738 427 divisio
764 353 987 428 iusti-tiae.

292 497 402 566 Recte
418 493 546 563 eruditi
560 494 603 561 de
615 491 758 560 ratione
772 493 945 587 loquendi
967 493 1083 564 sciunt
1105 516 1179 563 eas-

194 605 276 673 dem
293 623 395 669 voces
418 598 596 665 interdum
622 595 840 686 generalius,
866 598 1046 666 interdum
1070 622 1180 687 angu-

193 706 280 778 stius
296 699 473 791 usurpari,
500 712 535 767 et
550 697 684 766 vicinas
698 697 972 788 significationes
986 698 1181 791 prudenter

194 804 442 877 discernendas
458 826 542 872 esse.
595 801 645 868 Ut
661 800 769 892 igitur
786 815 889 871 antea
905 803 1049 887 monui,
1075 826 1180 871 voca-

194 909 318 978 bulum
337 906 491 975 iustitiae
504 928 580 972 non
592 927 665 973 uno
684 905 793 972 modo
811 906 995 998 usurpari:
1022 906 1070 974 ita
1086 925 1180 976 nunc

196 1009 400 1092 divisiones,
427 1033 518 1102 quae
532 1008 570 1074 in
583 1001 812 1098 philosophia
826 1011 1029 1093 traduntur,
1056 1009 1181 1077 ordine

195 1112 366 1184 recitabo.

298 1215 420 1285 Prima
436 1209 563 1279 divisio
581 1222 649 1279 cst:
674 1209 809 1281 lustitia
832 1224 885 1281 est
907 1226 970 1282 aut
991 1212 1182 1306 particula-

197 1318 266 1402 ris,
301 1328 363 1386 aut
373 1312 609 1384 universalis·
647 1313 896 1384 Universalem
910 1317 1034 1384 delinit
1046 1315 1183 1385 Aristo·

197 1422 302 1502 teles,
329 1443 401 1488 esse
416 1416 655 1485 obedientiam
675 1441 756 1507 erga
773 1442 896 1488 omnes
912 1420 1004 1510 leges
1020 1420 1057 1487 in
1074 1420 1184 1489 socie-

198 1536 283 1606 tate,
311 1545 401 1615 quae
418 1515 575 1588 honestis
590 1519 725 1609 legibus
741 1521 887 1611 regitur.
939 1521 1035 1591 Haec
1054 1521 1183 1593 descri-

198 1627 275 1718 ptio
291 1637 326 1692 et
338 1623 524 1715 perspicua
542 1635 612 1704 cst,
638 1623 808 1712 etmagni
820 1650 923 1710 usus,
951 1625 1034 1719 quia
1057 1626 1096 1692 in
1118 1621 1184 1693 hac

199 1727 295 1798 civili
306 1727 399 1794 vitae
414 1724 667 1794 consuetudine
682 1726 730 1794 sic
748 1750 871 1796 omnes
886 1728 964 1797 sani
977 1729 1185 1822 loquuntur,

199 1842 330 1899 vocant
354 1829 485 1897 iustum
510 1827 642 1909 civem,
679 1829 741 1921 qui
768 1830 933 1900 omnihus
956 1831 1091 1921 legibus
1113 1843 1185 1900 stu-

199 1933 297 2002 diose
312 1932 544 2020 obtemperat.
595 1930 646 1997 Ut
666 1929 837 2000 Aristides
859 1933 1040 2003 dicebatur
1063 1934 1185 2004 iustus.

200 2034 270 2106 Sed
285 2033 388 2102 Plato
405 2030 567 2101 subtilius
581 2032 722 2125 quaerit
735 2034 883 2119 fontem,
898 2036 1056 2126 primum
1072 2037 1185 2128 ipsam

200 2149 366 2205 naturam
382 2130 538 2202 hominis
552 2134 688 2225 aspicit,
715 2147 749 2202 et
764 2137 860 2205 videt
875 2135 958 2207 huic
974 2139 1096 2210 insitas
1113 2163 1185 2208 esse

201 2237 366 2320 notitias,
394 2260 484 2329 quae
499 2238 684 2306 manifeste
702 2250 887 2323 testantur,
914 2237 1006 2310 hanc
1019 2255 1185 2311 naturam

201 2350 585 2421 nonessecasuortam,
602 2353 636 2406 et
645 2352 739 2408 certo
757 2366 829 2411 esse
839 2341 954 2412 Deum
965 2345 1185 2414 conditorem

203 2456 238 2512 et
258 2443 446 2524 vindicem,
472 2465 512 2508 ac
529 2455 694 2532 oportere
711 2438 803 2512 hanc
818 2458 986 2516 naturam
1000 2448 1077 2538 regi
1090 2449 1187 2517 iuxta

202 2545 325 2614 insitas
347 2543 511 2625 notitias,
536 2538 605 2612 hoc
626 2558 696 2627 est,
729 2546 824 2615 iuxta
849 2550 1011 2618 ordinem
1036 2552 1081 2619 ab
1108 2550 1185 2640 ipso

203 2648 415 2717 institutum.
472 2642 554 2713 ldeo
586 2646 757 2716 iustitiam
786 2651 1024 2723 universalem
1055 2652 1188 2735 definit,

203 2749 443 2818 obedientiam
461 2773 534 2818 esse
552 2750 712 2818 omnium
729 2751 860 2821 virium
880 2779 962 2845 erga
980 2740 1117 2824 rectuin
1136 2754 1189 2824 iu·

202 2853 336 2921 dicium
358 2850 526 2933 rationis,
560 2850 596 2918 id
620 2864 692 2935 est,
725 2857 1031 2926 conservationem
1054 2858 1189 2927 ordinis

202 2952 372 3023 divinitus
388 2951 552 3021 instituti.

304 3053 345 3122 ln
366 3050 434 3121 hac
454 3053 661 3123 definitione
690 3056 827 3126 fontem
848 3058 1034 3131 universae
1063 3062 1189 3152 guber-

202 3157 359 3226 nationis
374 3180 517 3225 morum
533 3158 668 3226 erudite
683 3172 870 3230 monstrat.
897 3161 966 3231 Sed
979 3164 1190 3233 fuissetillu-

203 3259 313 3334 atrior
339 3258 518 3342 definitio,
557 3258 587 3328 si
618 3262 838 3333 mentionem
860 3263 929 3333 Dei
957 3267 1095 3336 fecisset
1121 3263 1189 3335 hoc

203 3364 332 3430 modo:
352 3359 489 3431 lustitia
505 3361 715 3434 universalis
736 3379 788 3435 est
810 3367 1011 3437 ohedientia
1027 3370 1188 3439 omnium

203 3465 336 3535 virium
351 3465 388 3533 in
403 3459 562 3549 homine,
577 3468 773 3537 necessaria
790 3472 1004 3560 praestanda
1013 3471 1091 3542 Deo
1106 3498 1189 3542 con-

205 3568 316 3637 ditori
333 3568 429 3637 iuxta
446 3592 570 3638 omnes
584 3569 697 3661 leges,
724 3572 769 3641 ab
790 3572 868 3663 ipso
891 3589 1081 3666 propterea
1106 3576 1190 3645 insi-

205 3683 258 3740 aas
274 3682 423 3738 naturae
438 3666 637 3756 humanae,
662 3686 703 3741 ut
727 3689 900 3765 congruat
917 3690 1040 3746 nostra
1061 3693 1189 3747 natura

203 3795 286 3841 cum
311 3784 429 3840 mente
453 3785 488 3841 et
513 3772 696 3843 voluntate
713 3774 798 3857 Dei,
826 3790 861 3845 et
883 3801 958 3847 non
981 3805 1191 3870 congruens,

204 3877 429 3958 destruatur,
455 3886 490 3942 et
503 3887 542 3944 ut
554 3874 593 3941 in
607 3870 676 3945 hoc
692 3877 823 3947 iudicio
841 3895 1072 3970 agnoscatur,
1105 3907 1191 3976 qua-

204 3979 249 4050 lis
263 3977 339 4070 ipse
354 3977 419 4060 sit,
445 3988 480 4046 et
495 4001 515 4045 a
533 3977 636 4048 malis
649 3978 880 4052 discernatur.

212 4085 216 4094 '
307 4080 408 4149 Hanc
430 4079 674 4166 definitionem
704 4083 838 4174 optime
869 4084 1042 4156 intellexit
1063 4087 1191 4171 Adam,

450 177 651 254 SCRIPTA
675 178 760 259 Plle
777 177 891 258 MEL‘.
916 177 983 255 AB
1008 177 1219 259 artheus
1243 176 1312 253 Er
1336 176 1592 263 POld'l'IOEN
1612 177 1933 263 arternum.

2133 184 2214 270 trs

1118 372 1122 378 ’
1228 376 1308 423 0³¹ss
1321 352 1502 440 virtulem,
1529 378 1620 450 quae
1631 359 1725 450 regit
1741 354 2087 436 officiadebitaaliis
2097 351 2216 427 homi-

1229 455 1334 527 nibus
1351 455 1391 525 iu
1413 460 1700 546 conversatione,
1725 463 1772 534 id.
1786 473 1856 545 est,
1883 483 1974 553 quae
1996 471 2116 535 tuetur
2135 483 2217 551 perr

1230 582 1401 629 sonarum
1416 561 1598 645 ordinem,
1621 565 1678 632 vel
1687 565 1795 643 ‚efficit
1812 562 2064 656 aequalitatem
2079 564 2118 635 iu
2134 587 2219 638 con.-

1231 661 1419 747 tractibus,
1456 676 1491 734 et
1513 664 1551 735 iu
1573 667 1922 759 compensationibus
1940 665 2161 740 ,delictorum
2183 677 2221 735 et

1231 789 1441 857 poenarum.
2148 836 2151 841 ,
2180 819 2182 824 -

1334 865 1398 937 Est
1434 868 1544 959 igitur
1583 871 1743 945 delinitio
1787 871 1942 942 iustitiae
1980 867 2221 963 particularis,

1233 994 1342 1062 quam
1359 970 1512 1041 recitant
1526 972 1788 1058 iurisconsulti,
1819 987 1960 1064 sumpta
1977 998 1998 1041 a
2012 972 2221 1049 Simonide:

1233 1070 1370 1143 lustitia
1392 1086 1445 1142 est
1466 1073 1597 1160 virtus,
1623 1102 1728 1148 suum
1752 1077 1879 1170 cuique
1903 1076 2075 1149 tribuens.
2124 1075 2222 1147 Nam

1232 1175 1367 1252 iustitia
1381 1176 1494 1246 virtus
1510 1190 1574 1262 est,
1599 1180 1802 1269 gubernans
1822 1176 2019 1264 hominem,
2045 1191 2223 1273 quatenu

1235 1304 1316 1348 cum
1337 1278 1414 1349 aliis
1439 1279 1529 1369 agit,
1563 1276 1632 1350 hoc
1657 1295 1729 1366 est,
1762 1283 1818 1351 vel
1842 1287 2014 1373 personas
2032 1281 2223 1365 ,ordinm

1235 1384 1292 1451 vel
1308 1405 1364 1451 res
1382 1383 1647 1454 communicans
1665 1397 1758 1454 certa
1774 1385 2000 1479 aequalitate.

1337 1484 1429 1553 Srmt
1442 1497 1560 1554 autem
1583 1487 1673 1557 duae
1697 1488 1829 1580 species
1853 1488 2008 1559 iustitiae
2029 1484 2224 1579 particula·

1235 1586 1297 1669 ris,
1324 1585 1549 1684 distributiva
1566 1602 1600 1657 et
1615 1591 1888 1674 commutativa,
1913 1616 1978 1663 uec
1994 1601 2077 1661 sunt
2090 1589 2224 1681 plures.

1235 1689 1287 1758 Ac
1301 1701 1341 1758 ut
1356 1689 1533 1781 intelligas
1555 1686 1647 1762 hanc
1669 1695 1902 1785 partitionem
1928 1718 1972 1764 ex
1993 1693 2071 1785 ipsa
2091 1705 2227 1763 natura

1237 1791 1472 1865 eruditissime
1490 1807 1524 1863 et
1538 1794 1718 1886 aptissime
1733 1811 1912 1888 sumptam
1936 1821 2030 1879 esse,
2056 1807 2132 1865 tota
2148 1789 2224 1873 ,he-

1236 1894 1376 1962 minum
1395 1895 1543 1965 societas
1570 1899 1740 1967 intuenda
1764 1913 1825 1969 est.
1876 1899 1968 1970 Nam
1995 1900 2033 1967 in
2056 1897 2226 1967 universa

1237 1993 1425 2066 hominum
1440 1999 1605 2068 societate
1622 2014 1761 2070 tantum
1780 2004 1850 2072 duo
1871 2016 1954 2071 sunt
1976 2025 2104 2092 genera
2130 2023 2227 2068 com-

1236 2100 1500 2171 municationis.
1551 2102 1623 2171 Aut
1639 2104 1734 2171 enim
1747 2130 1803 2174 res
1819 2105 2136 2186 communicamus,
2161 2126 2227 2172 seu

1239 2215 1519 2287 commutamus,
1553 2218 1615 2273 aut
1641 2208 1848 2276 ordinamus
1873 2232 2062 2298 personas,
2093 2218 2135 2275 ut
2159 2204 2228 2273 im-

1237 2305 1357 2398 peria,
1382 2306 1629 2395 magistratus,
1657 2312 1786 2399 gradus
1809 2311 1846 2377 in
1870 2310 2089 2393 civitatibus,
2114 2309 2154 2376 in
2175 2308 2229 2375 sa·

1238 2407 1346 2477 miliis
1364 2409 1501 2497 magnis
1517 2423 1551 2477 et
1566 2412 1696 2500 parvis.

1339 2508 1391 2578 Ac
1406 2512 1632 2581 manifestum
1650 2527 1720 2597 est,
1746 2527 1857 2588 totam
1882 2513 2085 2583 societatem
2107 2506 2229 2581 homi-

1239 2637 1326 2681 nmn
1357 2614 1549 2704 gubernari
1580 2611 1635 2686 his
1664 2617 1802 2686 duobus
1823 2617 1958 2699 modis,
1990 2639 2228 2707 personarum

1241 2716 1481 2799 ordinatione,
1501 2729 1536 2785 et
1550 2742 1670 2787 rerum
1690 2719 1978 2788 commutatione.
2017 2718 2089 2788 Res
2106 2729 2227 2787 autem

1241 2819 1543 2889 communicamus
1557 2846 1621 2912 per
1631 2834 1854 2905 contractus,
1883 2835 1917 2890 et
1934 2846 2011 2890 cum
2026 2817 2114 2891 haec
2130 2845 2228 2890 com-

1240 2920 1455 3004 municatio,
1480 2947 1570 3015 quae
1588 2925 1628 2992 lit
1639 2924 1752 2995 victus
1770 2948 1895 3009 causa,
1915 2924 1954 2992 in
1968 2923 2151 2995 infinitum
2166 2947 2229 2993 va·

1241 3036 1361 3115 getur,
1393 3038 1606 3096 necesseest
1625 3026 1664 3097 in
1694 3050 1736 3095 ca
1767 3052 1944 3097 summam
1972 3027 2230 3120 aequalitatem

1241 3126 1351 3209 effici,
1389 3121 1458 3197 hoc
1488 3140 1557 3210 est,
1593 3128 1754 3223 aequalia
1784 3154 1851 3222 pro
1883 3129 2091 3224 aequalibus
2112 3129 2232 3201 reddi.

1239 3230 1478 3323 Nequaquam
1508 3230 1603 3300 enim
1636 3246 1807 3323 perpetua
1840 3232 2124 3303 communicatio.
2155 3256 2233 3307 m

1241 3344 1369 3426 posset,
1386 3332 1456 3401 nisi
1470 3346 1614 3404 mutuae
1628 3335 1720 3405 vices
1737 3348 1862 3418 essent,
1878 3336 1961 3429 quia
1977 3335 2085 3430 siqui
2101 3336 2235 3409 dated

1240 3437 1315 3507 sine
1338 3434 1480 3528 aequali
1502 3439 1810 3529 compensatione,
1835 3438 1863 3505 ii
1886 3440 2030 3508 tandem
2053 3433 2229 3520 exhausti,

1240 3543 1334 3608 same
1349 3538 1502 3629 perituri
1516 3554 1642 3612 essent.
1694 3541 1788 3610 Hinc
1809 3554 1892 3610 sunt
1912 3537 1978 3610 hae
1995 3554 2131 3612 veteres
2151 3566 2228 3613 sen·

1242 3641 1372 3711 tentiae
1389 3637 1613 3732 Epicharmi:
1641 3637 1706 3725 δός
1719 3671 1754 3715 τι
1770 3639 1833 3716 καὶ
1848 3638 1939 3738 λάβε
1957 3668 2015 3734 τι,
2042 3656 2088 3713 et·
2098 3648 2147 3738 τῇ
2157 3638 2225 3738 pb

1242 3741 1380 3836 δίδωμι
1405 3740 1499 3837 χειρὶ
1522 3749 1568 3838 τῇ
1589 3741 1630 3818 di
1654 3741 1838 3840 λαμβάνω
1847 3746 1907 3842 ²⁶).
1956 3743 2063 3815 Item:
2094 3745 2145 3818 cai
2165 3743 2224 3818 ta«

1241 3843 1403 3938 πόλεμον
1416 3843 1461 3918 οὐ
1477 3852 1574 3919 ποιεῖ
1581 3845 1641 3942 ²⁸).
1696 3848 1744 3917 Et
1759 3845 1852 3918 hanc
1867 3849 2120 3942 aequalitatem
2132 3850 2221 3941 leges

1242 3949 1429 4040 inscripto
1445 3947 1521 4017 iure
1542 3951 1806 4042 diligentissime
1822 3964 2010 4045 quaerunt.
2147 4006 2164 4021 ..
2192 3962 2212 4017 ἰ
2249 4034 2252 4039 Ι

1343 4048 1426 4119 Ideo
1446 4049 1655 4124 Aristoteles
1676 4055 1836 4124 delinivit
1858 4053 2154 4125 commutativam
2170 4051 2221 4133 ,iu

1244 4154 1377 4228 stitiam
1398 4177 1490 4236 esse,
1518 4180 1608 4249 quae
1626 4157 1664 4224 in
1681 4158 1961 4228 commutatione
1974 4181 2096 4226 rerum
2108 4165 2224 4227 servat

1244 4256 1493 4351 aequalitatem
1505 4260 1738 4350 proportione
1754 4256 1988 4344 arithmetica,
2003 4259 2121 4343 idest,
2137 4278 2224 4353 quae
2259 4323 2269 4331 ,

1244 4359 1451 4452 simpliciter
1474 4362 1726 4455 aequalitatem
1751 4364 1857 4433 efficit
1880 4362 2170 4433 differentiarum·
2189 4359 2225 4434 in
2258 4450 2272 4458 V

1243 4463 1435 4534 infinitum.
2258 4460 2260 4464 Α

1344 4565 1410 4636 Est
1424 4562 1757 4639 animarithmetica
1773 4567 1980 4661 proportio,
1997 4567 2046 4641 ,in
2069 4589 2227 4660 qua²p⁰r
2256 4538 2265 4585 ⁸

1244 4670 1320 4740 sitis
1341 4670 1454 4741 tribus
1473 4683 1536 4738 aut
1556 4672 1718 4760 pluribus
1740 4671 1916 4753 numeris,
1952 4694 2077 4740 omnes
2094 4669 2229 4742 dietam

1245 4773 1452 4867 aequalibus
1474 4772 1701 4856 differentiis,
1733 4774 1809 4844 sine
1839 4786 2001 4864 respectu
2024 4770 2230 4864 propontide
2263 4804 2264 4809 ¹

1245 4901 1355 4948 num..
1384 4877 1435 4944 Ut
1453 4877 1485 4948 1.
1499 4881 1534 4948 2.
1551 4878 1586 4949 3.
1600 4876 1635 4949 4.
1651 4874 1737 4947 5.-6.
1754 4877 1789 4946 7.
1806 4877 1841 4947 8.
1879 4876 2229 4968 Hicinperpeumn
2262 4888 2265 4892 ’

198 4988 311 5067 nem,
338 4991 490 5062 quarum
510 4968 670 5039 confusio
688 4971 873 5065 caliginem
888 4976 1012 5047 lectori
1029 4974 1193 5064 offundit.
1245 4979 1354 5048 distat
1372 5003 1564 5053 ¹numerus.
1585 4982 1767 5072 proximus
1809 5004 1829 5047 a
1870 4979 2035 5070 proximo
2079 4976 2231 5063 ciuitates
2270 4974 2272 4992 ’

208 5068 277 5143 Sed
299 5069 508 5144 Aristoteles
529 5071 644 5143 voluit
670 5075 813 5146 confuse
844 5078 937 5148 dicta
965 5079 1193 5171 distinguere,
1243 5080 1459 5152 Huiusmodi
1471 5090 1657 5153 sumantur
1673 5079 1833 5172 exempla
1847 5082 1919 5153 alia
1934 5081 1970 5153 d.
1986 5081 2021 5152 fl.
2037 5079 2153 5155 9012.
2172 5075 2231 5157 16
2270 5075 2272 5078 ⁴

205 5174 436 5266 rtsapienter
451 5172 663 5264 excogitavit
678 5176 869 5248 discrimen
882 5179 1036 5252 iustitiae
1051 5183 1194 5253 univer·
1244 5191 1449 5260 ‚tp-t...
1610 5250 1613 5255 .
1769 5230 1771 5235 ν
1874 5242 1889 5252 ..
2147 5224 2150 5231 ·
2218 5214 2224 5227 ’
2264 5184 2272 5191 ’

198 5277 348 5387 Ικώεα
368 5275 612 5369 particularis,
639 5303 681 5347 ex
704 5279 852 5351 diversis
873 5282 989 5353 modis
1011 5282 1193 5380 loquendi.
1242 5294 1328 5398 [ω
1346 5336 1420 5385 taem
1438 5336 1538 5385 rictum
1554 5333 1636 5396 panto
1655 5330 1787 5383 mmm
1804 5326 1859 5384 VM·
1878 5345 1902 5395 p,
1920 5325 1981 5384 m·

205 5356 380 5454 llo'minat
410 5392 530 5451 autem
561 5381 708 5474 proprie
741 5385 999 5474 particulareme
1024 5385 1192 5461 iustitiam
1278 5419 1328 5486 n)
1347 5421 1510 5472 mm..
1524 5418 1782 5473 nem-somn.
1796 5420 1835 5470 rc.
1849 5412 2233 5473 momentaneum
2264 5390 2266 5395 ¹

205 4186 271 4278 qui
290 4185 502 4254 conturbato
527 4183 652 4253 ordine
674 4184 806 4255 sciebat
826 4200 994 4258 naturam
1010 4194 1192 4261 destruen-

204 4289 288 4355 dam
306 4298 391 4358 esse.
442 4285 505 4356 Est
520 4286 628 4377 igitur
642 4288 879 4358 eruditissima
895 4291 1056 4363 Platonis
1068 4294 1193 4362 defini-

198 4389 276 4471 tio,
302 4413 393 4482 quae
410 4389 566 4479 primum
582 4391 688 4462 unius
701 4388 858 4462 hominis
873 4407 1039 4465 naturam
1056 4397 1192 4488 aspicit.

206 4490 333 4560 Postea
355 4490 555 4560 Aristotelis
571 4494 729 4563 definitio
759 4495 901 4565 deducit
922 4518 1004 4566 eum
1027 4500 1073 4567 ad
1096 4525 1193 4568 com-

205 4616 351 4662 munem
367 4594 582 4663 societatem.

377 4745 471 4831 Quid
498 4757 556 4818 eat
580 4752 732 4825 iustitio
758 4751 1033 4844 particularis?
1077 4824 1080 4828 .

310 4863 445 4935 Multae
461 4878 543 4933 sunt
558 4867 780 4939 definitiones
795 4872 949 4943 iustitiae
966 4874 1063 4965 apud
1073 4873 1194 4943 Plato·
