4544 5766
120 203 170 276 47
389 197 591 281 SCRIPTA
614 197 692 272 PH.
717 195 921 282 arnual)
944 192 1156 272 ETHIOEN
1180 196 1247 270 ET
1272 196 1530 272 POLlTlCEN
1555 196 1866 273 SPECTANTIA.
1953 285 1967 326 .>
2082 202 2132 276 to

121 390 191 446 tate
207 371 363 444 humana
385 374 475 442 effici
490 371 638 465 possint.
688 370 852 441 Breviter
869 382 988 440 autem
1006 368 1100 439 etde
1152 372 1373 442 voluntatem
1388 369 1475 439 Dei:
1502 371 1593 443 sicut
1606 371 1768 445 videmus
1782 386 1930 444 conatus
1944 371 2136 467 Tyranno-

119 479 188 549 hoc
206 477 327 570 priore
349 477 457 544 inodo
476 477 575 560 dico,
600 475 822 544 voluntatem
844 473 913 542 Dei
936 472 974 542 in
989 472 1100 542 verbo
1152 498 1233 544 rum
1250 473 1489 544 irritosfuisse
1505 488 1629 544 contra
1644 478 1734 568 pios,
1759 489 1800 546 ut
1812 473 2026 562 Pharaonis,
2047 479 2136 551 Sau-

122 581 343 675 propositam
367 578 575 648 intuendam
599 600 692 659 esse,
713 601 788 645 non
814 577 857 645 de
882 599 1012 644 arcana
1033 572 1102 645 Dei
1152 577 1196 646 lis
1212 590 1248 647 et
1262 577 1417 646 aliorum
1435 578 1643 648 multorum.
1988 598 1991 602 ’

123 683 379 776 gubernatione
396 680 471 751 sine
484 681 593 750 verbo
608 681 837 749 iudicandum
853 703 940 750 esse.
978 679 1103 748 Testa·
1255 677 1343 748 Item
1370 677 1560 773 (Proverh.
1586 681 1651 762 16,
1671 679 1724 776 4.)
1757 680 1889 752 Omnia
1912 694 2062 774 propter
2085 709 2139 754 se-

123 802 182 858 tur
206 798 324 855 autem
349 784 498 855 verbum
513 782 601 866 Dei,
627 782 744 852 Deum
765 805 841 851 non
864 805 938 851 esse
960 803 1104 850 causam
1154 791 1228 850 met
1244 781 1362 874 ipsum
1382 781 1467 851 facit
1480 782 1595 865 Deus,
1621 783 1729 852 etiam
1748 783 1900 875 impium
1922 798 1989 857 etc.
2039 785 2137 878 Ergo

124 887 278 982 peccati,
303 912 367 956 uec
384 886 494 969 velle,
518 910 583 955 nec
607 884 773 954 ordinare
789 897 989 975 peccatum:
1022 881 1104 950 ideo
1155 883 1253 954 Deus
1267 896 1320 953 est
1336 907 1440 965 causa
1456 884 1564 953 etiam
1577 884 1709 977 impiae
1723 887 1929 958 voluntatis.

124 991 269 1084 proprie
304 1004 424 1059 ortum
454 1001 506 1058 est
526 1000 710 1082 peccatum
739 988 893 1056 alibera
921 986 1105 1055 voluntate
1257 986 1356 1075 Nego
1391 987 1702 1081 consequentiam,
1742 1002 1777 1057 et
1808 989 1901 1059 ratio
1928 1000 1998 1071 est,
2042 991 2141 1083 quia,

124 1093 269 1165 Diaboli
300 1106 334 1162 et
363 1088 530 1162 hominis.
580 1090 655 1162 Nos
684 1089 793 1181 igitur
814 1088 1008 1159 iudicemus
1031 1108 1106 1155 esse
1158 1087 1297 1158 etiamsi
1316 1088 1412 1158 Deus
1438 1088 1559 1158 condit
1581 1101 1768 1175 naturam,
1795 1117 1864 1186 qua
1889 1104 2010 1184 postea
2037 1093 2142 1186 impii

125 1200 324 1267 libertatem
355 1195 513 1289 aliquam
545 1205 581 1261 et
605 1192 903 1284 contingentiam,
934 1214 1001 1259 nec
1028 1186 1107 1256 tolli
1158 1192 1374 1274 abutuntur,
1398 1202 1609 1261 tamennon
1623 1205 1675 1262 est
1689 1217 1793 1264 causa
1811 1197 1932 1264 efficax
1949 1193 2061 1287 ipsius
2075 1197 2141 1266 im·

127 1297 426 1390 contingentiam,
453 1309 514 1366 aut
528 1296 729 1365 libertatem
745 1307 893 1388 propter
908 1291 1107 1385 praescien-
1159 1293 1319 1385 pietatis,
1345 1317 1407 1362 seu
1427 1294 1574 1387 peccati.
1624 1293 1671 1364 Et
1692 1297 1925 1367 discernenda
1946 1310 1999 1367 est
2011 1312 2141 1370 natura

127 1406 235 1485 tiam,
262 1414 324 1471 aut
336 1398 669 1469 determinadonem
684 1399 723 1467 in
738 1421 877 1488 genere.
917 1394 1109 1465 Praevidet
1160 1408 1304 1466 amotu
1325 1396 1537 1479 voluntatis,
1564 1396 1626 1489 qui
1649 1399 1765 1468 oritur
1785 1401 1830 1468 ab
1854 1402 1928 1492 ipsa
1951 1401 2063 1471 libera
2079 1426 2142 1472 vo-

129 1507 223 1576 enim
239 1504 335 1574 Deus
351 1527 392 1572 ac
406 1501 580 1594 permittit
594 1514 762 1593 peccata,
788 1500 872 1595 quia
891 1497 1072 1568 eveniunt.
1159 1499 1308 1569 luntate.
1358 1496 1406 1567 Et
1427 1513 1547 1569 tamen
1570 1498 1666 1569 Deus
1694 1515 1842 1593 propter
1863 1526 1964 1574 suam
1989 1505 2143 1595 gloriam

231 1607 339 1699 Quod
355 1618 474 1674 autem
491 1602 707 1673 obiiciuntur
722 1602 815 1672 dicta
832 1604 875 1672 de
889 1600 1109 1681 necessitate,
1161 1601 1291 1670 tolerat
1311 1598 1461 1691 impios,
1492 1614 1533 1671 ut
1554 1602 1665 1696 aliqui
1689 1618 1962 1688 convertantur,
1997 1620 2032 1676 et
2055 1607 2144 1678 alio·

129 1711 234 1806 quale
250 1710 317 1778 hoc
340 1720 392 1777 est
418 1704 520 1802 (Luc.
536 1703 603 1791 24,
620 1703 714 1801 46.);
743 1703 915 1796 Oportuit
929 1698 1110 1772 Christum
1161 1727 1243 1773 rum
1260 1727 1376 1793 poena
1394 1705 1557 1775 ostendat
1579 1703 1749 1776 iudicium
1766 1707 1852 1791 Dei,
1879 1709 1969 1779 sicut
1982 1704 2144 1780 Pharao-

127 1814 222 1908 pati,
246 1808 305 1882 hic
326 1811 483 1903 primum
500 1809 652 1880 discerni
666 1809 783 1878 debet.
823 1808 918 1878 Nam
933 1805 993 1873 alii
1008 1825 1111 1872 even·
1162 1806 1241 1889 nis,
1267 1805 1382 1875 Saulis
1398 1819 1433 1876 et
1447 1806 1628 1878 similium.

129 1933 186 1988 tus
210 1929 293 1987 suut
315 1911 471 1982 ordinati
495 1911 629 1996 aDeo,
653 1911 715 2006 qui
738 1911 902 1979 videlicet
917 1905 1061 1999 proprie
1078 1916 1113 1972 et
1264 1906 1330 1977 Est
1349 1921 1466 1979 autem
1482 1911 1680 1979 verecunde
1701 1913 1924 1983 sentiendum
1948 1928 1983 1983 et
1996 1916 2147 2010 loquen-

129 2017 375 2113 principaliter
397 2013 562 2084 oriuntur
583 2039 604 2082 a
621 2016 803 2085 voluntate
820 2011 909 2094 Dei,
935 2021 976 2081 ut
991 2006 1112 2077 missio
1165 2013 1249 2080 dum
1275 2011 1318 2079 de
1339 2006 1406 2081 hac
1429 2025 1504 2082 tota
1521 2013 1745 2105 quaestione,
1772 2015 1855 2110 quia
1871 2041 1972 2087 mens
1987 2013 2147 2088 humana

132 2119 283 2203 Christi,
309 2116 530 2188 resuscitatio
548 2130 792 2188 mortuorum.
841 2113 914 2183 Alii
932 2135 1009 2182 non
1030 2119 1114 2180 sunt
1165 2138 1240 2184 non
1255 2114 1425 2204 perspicit
1439 2116 1588 2183 modum
1603 2116 1870 2204 gubernationis
1885 2120 2038 2191 divinae.
2078 2123 2149 2193 Sed

134 2223 291 2295 ordinati
312 2220 448 2303 aDeo,
473 2216 543 2290 hoc
564 2233 639 2303 est,
664 2243 739 2288 non
755 2216 921 2287 oriuntur
935 2213 1114 2307 principa·
1165 2216 1357 2287 sententias
1387 2216 1425 2284 in
1446 2212 1513 2286 hac
1540 2220 1746 2311 quaestione
1774 2221 1877 2291 utiles
1900 2223 2080 2308 moribus,
2114 2238 2150 2295 et

90 2390 94 2408 ,
131 2329 214 2397 liter
236 2351 254 2394 a
275 2323 458 2393 voluntate
474 2321 561 2401 Dei;
586 2317 656 2391 hoc
677 2345 786 2412 genus
804 2318 973 2390 dissimile
992 2328 1044 2386 est
1058 2339 1115 2384 su·
1167 2331 1421 2389 consentaneas
1442 2319 1657 2411 scripturae,
1687 2334 1722 2391 et
1743 2337 1902 2415 receptas
1925 2325 2064 2397 iudiciis
2084 2329 2151 2397 bo-

134 2427 280 2524 periori.
331 2422 383 2493 lta
409 2437 551 2516 peccata
568 2449 714 2516 prorsus
734 2447 810 2492 non
828 2422 994 2492 oriuntur
1017 2442 1115 2486 avo·
1166 2446 1298 2492 norum
1322 2434 1357 2489 et
1379 2422 1544 2514 piorum,
1571 2435 1772 2508 teneamus,
1799 2429 1896 2520 quod
1918 2429 2083 2499 videlieet
2105 2431 2153 2502 sit

134 2536 271 2604 luntate
288 2527 374 2611 Dei,
400 2530 462 2597 sed
483 2553 503 2596 a
522 2529 705 2596 voluntate
726 2521 884 2596 hominis
901 2536 965 2594 etc.
1016 2516 1118 2591 Nihil
1168 2524 1290 2594 divina
1311 2525 1546 2614 praescientia
1570 2540 1606 2595 et
1626 2527 1899 2614 determinatio,
1926 2544 1961 2601 et
1981 2534 2079 2625 quod
2098 2547 2152 2603 ta-

135 2637 244 2727 igitur
273 2632 453 2723 pertinent
479 2631 573 2700 dicta
606 2630 651 2699 ad
680 2625 749 2698 hoc
775 2628 969 2698 secundum
996 2647 1117 2715 genus,
1169 2652 1253 2697 men
1275 2626 1321 2696 sit
1345 2628 1587 2719 contingentia
1610 2641 1645 2697 et
1664 2629 1808 2701 libertas
1829 2633 1948 2726 aliqua
1970 2629 2151 2706 humanae

136 2763 227 2833 quae
259 2735 457 2828 loquuntur
484 2735 528 2802 de
558 2731 688 2802 divinis
709 2729 1024 2823 promissionibus,
1058 2737 1119 2792 aut
1170 2729 1386 2814 voluntatis,
1413 2732 1496 2824 quia
1512 2729 1695 2801 Deusnon
1709 2747 1876 2805 estcausa
1893 2738 2040 2827 peccati.

137 2837 444 2917 ordinationibus,
477 2836 581 2929 quale
610 2829 679 2902 hoc
708 2846 777 2903 est:
814 2830 985 2924 Oportuit
1016 2824 1119 2896 Chri·
1272 2831 1400 2901 Dicam
1424 2846 1459 2903 et
1480 2835 1523 2901 de
1544 2835 1655 2903 altero
1679 2838 1808 2921 modo,
1835 2862 1907 2932 quo
1930 2840 2076 2911 libertas
2092 2843 2154 2912 de·

138 2956 231 3012 stum
249 2939 323 3029 pati
340 2950 404 3006 etc.
1172 2929 1327 3004 trahitur
1339 2931 1517 3004 humanae
1535 2937 1730 3021 voluntati,
1755 2941 1919 3012 videlicet
1934 2956 2082 3036 propter
2099 2945 2156 3014 in-

239 3039 467 3110 Obiiciuntur
494 3049 530 3106 et
557 3036 625 3105 alia
656 3038 769 3106 multa
790 3034 897 3104 dicta.
946 3028 1121 3125 Ephesios
1172 3037 1376 3106 firmitatem
1399 3039 1531 3107 virium
1551 3034 1814 3125 humanarum,
1841 3068 1911 3137 qua
1926 3046 1983 3128 fit,
2009 3070 2056 3115 ne
2071 3072 2156 3139 pos-

142 3143 298 3240 1,(11.):
318 3142 415 3210 Deus
430 3140 503 3230 agit
516 3139 636 3208 omnia
651 3142 845 3209 seeundum
862 3137 1050 3206 eonsilium
1059 3159 1122 3202 vo·
1172 3141 1283 3210 simus
1299 3164 1383 3209 vere
1403 3141 1548 3210 obedire
1563 3141 1634 3233 legi
1649 3142 1728 3215 Dei.
1771 3142 1859 3214 ltem
1874 3161 2056 3238 praestare
2072 3174 2156 3244 per-

140 3247 285 3318 luntatis
308 3268 403 3316 suae.
462 3241 558 3310 Haec
579 3242 790 3312 universalis
813 3264 889 3309 non
912 3251 963 3309 est
985 3262 1122 3306 accom-
1172 3244 1301 3311 lectam
1331 3244 1582 3315 obedientiam.
1639 3245 1694 3314 De
1725 3243 1794 3318 hoc
1823 3251 1933 3318 modo
1962 3253 2156 3347 praecipue

140 3349 320 3420 modanda
350 3349 395 3414 ad
423 3358 616 3439 utmmque
646 3369 773 3436 genus:
801 3342 966 3411 videlicet
990 3341 1036 3408 ad
1059 3341 1123 3408 bo·
1175 3346 1331 3437 disputat
1345 3347 1496 3429 Paulus,
1522 3359 1557 3416 et
1574 3360 1769 3434 monstrat,
1799 3352 1950 3444 quaesit
1965 3354 2157 3431 infirmitas

141 3480 205 3523 uas
226 3464 260 3521 et
283 3449 394 3520 malas
418 3448 575 3519 actiones
595 3444 805 3530 hominum,
830 3447 892 3517 sed
909 3443 1055 3536 proprie
1071 3443 1124 3511 lo·
1175 3460 1381 3519 nostrarum
1410 3449 1562 3533 virium,
1597 3465 1771 3545 quatenus
1800 3468 1981 3545 praestent
2009 3472 2157 3530 externa

142 3557 264 3650 quitur
285 3555 328 3623 de
352 3551 549 3620 actionibus
571 3550 609 3619 in
626 3549 803 3632 Ecclesia,
830 3549 958 3629 idest,
984 3547 1027 3614 de
1045 3568 1125 3615 san·
1178 3574 1287 3643 opera
1311 3552 1416 3642 legis,
1443 3565 1478 3622 et
1502 3555 1600 3648 quod
1619 3578 1693 3622 non
1714 3557 1851 3646 possint
1873 3558 2049 3649 integram
2073 3565 2159 3634 ohe·

25 3741 34 3763 ⁴
143 3656 375 3737 ctificatione‚
408 3653 612 3724 defensione
636 3665 671 3721 et
692 3651 949 3744 glorificatione
970 3647 1125 3740 piorum.
1177 3654 1348 3723 dientiam
1369 3669 1560 3747 praestare.
1613 3658 1701 3727 Cum
1726 3659 1833 3749 igitur
1855 3663 1897 3729 de
1919 3662 2083 3736 libertate
2097 3691 2159 3737 vo·

143 3760 218 3829 Hos
240 3759 335 3827 enim
358 3756 510 3826 sciamus
533 3754 688 3838 moveri,
714 3754 925 3846 gubemari,
952 3750 1126 3833 exaudiri,
1176 3757 1324 3827 luntatis
1345 3757 1565 3850 disputatur,
1588 3784 1654 3829 nos
1675 3760 1770 3852 ipsos
1785 3762 2007 3849 intueamur,
2032 3782 2070 3838 et
2081 3781 2158 3840 tan·

143 3860 286 3932 delendi
301 3885 321 3928 a
339 3858 430 3927 Deo.
948 3892 954 3901 ·
1179 3861 1288 3952 tisper
1315 3884 1529 3951 seponamus
1557 3860 1634 3932 illas
1661 3887 1807 3935 arcanas
1829 3866 2088 3958 disputationes
2116 3874 2157 3942 de

628 4028 636 4043 ,
1179 3964 1288 4032 modo
1306 3964 1571 4053 gubernationis
1584 3965 1737 4036 divinae.

566 4026 711 4100 Almd·
1281 4064 1337 4133 Sic
1359 4078 1477 4136 autem
1500 4069 1542 4136 de
1567 4063 1635 4136 hoc
1652 4071 1807 4139 secundo
1825 4074 1934 4143 modo
1945 4076 2157 4165 respondeo,

248 4162 585 4260 Proverb.16,(1.):
604 4162 723 4233 Homo
737 4173 930 4255 praeparat
944 4184 1018 4244 cor,
1031 4160 1130 4231 Deus
1182 4167 1279 4260 quod
1300 4168 1345 4237 sit
1365 4169 1508 4240 libertas
1530 4170 1648 4263 aliqua
1671 4172 1716 4240 ad
1739 4186 1900 4245 externas
1923 4176 2080 4246 actiones
2097 4172 2156 4248 ho·

149 4288 266 4343 autem
283 4273 456 4363 gubernat
471 4266 669 4337 consilium.
705 4266 800 4334 Haec
816 4265 989 4335 sententia
1007 4264 1129 4356 etple-
1180 4282 1298 4339 nestas
1328 4271 1547 4355 efficiendas,
1581 4268 1738 4358 horest,
1772 4277 1869 4370 quod
1900 4280 2066 4348 voluntas
2094 4274 2157 4351 hu·

149 4399 280 4468 raeque
303 4374 434 4442 similes
454 4373 498 4440 de
514 4383 642 4440 eventu
659 4370 875 4463 loquuntur,
902 4368 964 4462 qui
978 4366 1130 4437 discerni
1181 4396 1288 4440 mana
1320 4372 1396 4443 sine
1429 4374 1661 4443 renovatione
1690 4381 1802 4469 possit
1833 4382 1970 4450 efficere
1998 4395 2157 4453 externas

150 4480 255 4547 debet
285 4477 330 4544 ab
358 4474 497 4543 actione
520 4472 733 4555 voluntatis,
759 4482 800 4541 ut
820 4470 984 4561 Pompeii
1006 4470 1129 4539 electio
1182 4474 1338 4546 actiones
1359 4477 1454 4567 legis·
1504 4476 1587 4545 ldeo
1611 4479 1705 4547 enim
1724 4481 1897 4572 scriptura
1919 4484 2089 4555 discernit
2108 4485 2158 4555 iu·

151 4594 224 4662 est,
250 4580 346 4673 quod
361 4578 438 4646 vult
452 4576 585 4644 bellum
601 4600 745 4666 gerere,
772 4576 833 4645 sed
851 4585 1017 4643 eventum
1034 4573 1130 4642 Deus
1181 4577 1314 4647 stitiam
1333 4579 1448 4649 carnis
1462 4604 1482 4647 a
1499 4581 1711 4671 sprirituali,
1737 4596 1779 4653 ut
1797 4586 1960 4654 ostendat
1975 4583 2158 4658 hominem

151 4682 272 4753 multis
288 4679 405 4749 modis
421 4678 595 4769 impedire
611 4691 739 4769 potest.
775 4677 911 4769 ,Quare
926 4676 1032 4744 ctiam
1049 4700 1130 4745 cum
1182 4681 1257 4751 sine
1280 4682 1511 4752 renovatione
1527 4709 1629 4774 posse
1645 4684 1703 4753 illa
1725 4710 1834 4777 opera
1852 4690 2000 4760 efficere.
2050 4687 2159 4785 ldque

153 4784 276 4855 electio
289 4808 350 4853 seu
367 4781 459 4851 actio
478 4780 671 4850 voluntatis
687 4793 739 4850 est
753 4780 876 4862 libera,
892 4791 1013 4848 tamen
1027 4782 1131 4848 eve'u-
1183 4784 1228 4852 ad
1248 4780 1399 4853 Ethicen
1421 4786 1505 4855 satis
1528 4800 1589 4856 est.
1639 4787 1732 4858 Nam
1754 4783 1980 4882 philosophia
2001 4792 2160 4887 loquitur

154 4903 227 4969 tus,
255 4887 337 4980 quia
367 4881 476 4953 habet
498 4883 617 4974 plures
646 4882 732 4952 alias
758 4907 880 4954 causas
902 4894 1045 4973 praeter
1066 4905 1131 4950 no·
1184 4888 1226 4955 de
1256 4885 1462 4979 disciplina,
1494 4913 1556 4958 seu
1584 4884 1742 4959 honestis
1771 4896 1924 4964 externis
1949 4895 2161 4978 actionibus,

153 5006 264 5062 stram
296 4989 536 5068 voluntatem,
568 5010 643 5053 non
670 4983 781 5053 estin
801 4998 923 5054 nostra
945 4997 1132 5076 potestate,
1184 5012 1271 5080 quas
1295 5001 1413 5057 tamen
1441 5002 1476 5059 et
1499 4991 1592 5083 ipsas
1614 4991 1765 5086 requirit
1790 4994 1897 5068 Deus.
1949 4999 2018 5067 Sed
2041 5012 2162 5068 tamen

155 5107 189 5163 et
204 5088 289 5160 haec
305 5089 551 5181 interpretatio
568 5089 712 5180 prodest
725 5087 771 5155 ad
790 5087 1013 5155 excitandum
1028 5087 1132 5155 timo-
1184 5087 1271 5159 haec
1295 5091 1370 5182 ipsa
1391 5092 1536 5164 libertas
1559 5118 1662 5184 saepe
1686 5095 1896 5187 impeditur,
1923 5126 2004 5170 cum
2031 5115 2096 5171 aut
2110 5103 2162 5170 in·

155 5221 230 5266 rem
255 5193 334 5264 Dei.
385 5191 510 5261 Monet
534 5192 629 5260 enim
649 5214 715 5258 uos
736 5183 868 5257 hahere
890 5189 1034 5281 quidem
1065 5190 1133 5258 ele·
1184 5193 1350 5263 firmitate
1377 5208 1505 5265 natura
1536 5209 1658 5264 nostra
1678 5197 1725 5292 ⁴⁹)
1763 5201 1936 5286 vincitur,
1973 5216 2035 5274 aut
2065 5218 2164 5295 pote-

155 5299 307 5377 aiones,
324 5297 385 5365 sed
401 5291 464 5365 has
479 5319 555 5364 nou
568 5293 778 5386 procedere,
800 5291 868 5361 nisi
884 5289 962 5359 Deo
978 5292 1133 5375 iuvante,
1184 5349 1389 5362 ...-.-..

156 5403 305 5494 ideoque
323 5401 520 5469 cavendum
536 5423 630 5481 esse,
657 5420 702 5465 ne
719 5394 806 5487 quid
823 5394 993 5485 eligamus
1009 5407 1133 5464 contra
1219 5428 1268 5486 49)
1287 5431 1387 5479 utura
1403 5431 1515 5491 nostro]
1535 5430 1576 5481 stc
1591 5431 1639 5485 aa
1654 5433 1746 5497 totos
1764 5435 1813 5487 aa
1829 5437 1903 5487 roes.
1920 5440 2168 5492 aerumnosam,
