4544 5766
103 180 105 185 ·
194 191 293 273 1265
656 302 659 307 ¹
766 184 900 266 mu.
932 180 1281 262 scansurum
1311 184 1649 268 innocuum
1781 232 1786 243 -
2123 186 2229 271 -uu

297 361 328 459 ᾗ.
354 363 415 436 68·
457 367 551 451 Quod
575 387 622 435 ea·
651 361 751 434 molis
779 357 985 460 bouum⁴⁷)]
1027 357 1097 431 hoc
1123 372 1188 443 est,
1341 360 1429 454 Cap.
1444 361 1599 435 XXXlV.
1622 361 1654 457 ξ.
1669 364 1730 439 74.
1761 370 1846 440 sm
1859 371 1922 439 015⁸·
1934 368 2018 460 M]
2043 378 2105 439 m
2123 368 2231 439 abun.

197 480 432 564 posteaquam
449 467 539 536 vidit
554 477 675 535 tamen
689 489 839 556 regnum
860 489 934 535 esse
955 464 1190 557 publicatum,
1240 466 1314 536 dat.
1367 464 1484 535 Credo
1501 464 1711 538 Ciceronem
1732 465 1801 538 hoc
1823 470 1977 541 voluisse
2004 470 2042 539 in
2065 466 2137 541 hac
2158 495 2229 541 sen-
2268 478 2270 489 '

200 585 235 642 et
251 571 408 666 Cyprum
428 593 500 639 esse
518 568 781 659 occupandam,
807 566 891 661 quia
906 591 981 636 non
995 566 1115 659 potuit
1134 589 1190 636 so·
1241 567 1371 652 tentia,
1398 592 1434 637 se
1451 569 1652 640 subiturum
1669 597 1793 642 omues
1814 584 2041 665 tempestates
2060 585 2096 643 et
2114 574 2225 642 omnia

200 676 258 747 lus
274 674 457 756 resistere,
481 685 516 740 et
533 683 652 741 tamen
668 670 707 738 in
721 669 824 741 malis
840 669 976 764 aliquid
993 667 1191 748 bonifacit,
1241 669 1397 763 pericula
1414 671 1459 738 ad
1475 672 1649 762 populum
1664 676 1735 743 mei
1750 674 1816 743 otii
1830 699 1948 747 causa.
1989 673 2225 748 Estdelectus

203 791 238 849 ct
252 779 435 848 moderate
451 799 486 846 se
505 773 543 842 in
561 772 680 867 Cypro
699 772 815 865 gessit.
888 776 1057 845 Periculia
1071 765 1191 868 ceccit]
1345 771 1432 862 Cap.
1449 772 1587 846 XXXV.
1610 771 1641 867 §.
1657 777 1717 848 76.
1743 782 1786 848 lu
1801 771 2016 876 comitium
2035 776 2222 848 Comitium

203 881 240 950 id
263 892 333 964 est,
366 879 441 972 ipse
463 890 515 949 est
535 878 716 968 ablegatus
736 876 772 945 in
787 874 966 969 Cyprum,
997 873 1100 946 sicuti
1126 896 1191 964 ego
1242 873 1373 943 dicitur
1402 875 1518 960 locus,
1566 877 1706 972 inquo
1738 872 1937 950 habebatdr
1966 893 2131 963 senatus,
2177 881 2222 950 die

204 1008 282 1056 sum
300 982 442 1055 eiectus.
1241 972 1468 1049 Ralrtsstubc.
1521 979 1654 1051 Sestius
1672 1006 1756 1052 reus
1776 981 1845 1051 suit
1866 985 1910 1053 de
1926 1007 1987 1067 co,
2014 983 2100 1078 quia
2119 1006 2221 1056 tense

309 1084 396 1178 Cap.
411 1082 518 1153 XXX.
545 1077 577 1172 §.
592 1077 653 1151 64.
676 1085 719 1151 lu
733 1084 805 1150 εἰιω
819 1073 1059 1176 moyictrutua]
1076 1076 1114 1146 id
1130 1088 1193 1160 est,
1243 1080 1349 1150 batur
1364 1080 1511 1152 armatis
1525 1078 1730 1153 bominibus
1744 1085 1916 1177 templum
1937 1109 2142 1177 occupasse.

205 1187 244 1257 in
262 1187 370 1257 tutela
389 1184 585 1256 consulum.
662 1188 740 1254 Non
760 1187 854 1253 modo
868 1177 1030 1278 uanum]
1055 1178 1193 1270 Ampli-
1347 1177 1378 1272 ξ.
1395 1181 1454 1251 77.
1479 1182 1734 1282 nefarium]
1762 1187 1888 1273 idest,
1913 1187 2068 1280 impleri.

206 1290 339 1361 ficatio.
415 1293 458 1360 Si
472 1293 524 1358 ius
539 1281 808 1381 susceperat⁸⁸)]
837 1284 881 1378 (si
898 1284 971 1352 vim
987 1308 1060 1354 esse
1076 1283 1193 1364 debet,
1347 1283 1433 1375 Cap.
1449 1284 1619 1360 xxxvfl.
1652 1284 1683 1380 §
1701 1288 1762 1359 79,
1801 1286 2011 1387 samum]
2047 1290 2144 1385 Quia
2171 1291 2219 1359 η).

206 1392 283 1475 vel,
307 1392 337 1464 si
354 1392 406 1462 vis
419 1389 636 1482 susceperat)
661 1387 763 1480 quasi
780 1388 891 1457 dicat:
923 1385 995 1456 Aut
1020 1410 1085 1477 ego
1107 1383 1194 1454 cessi
1243 1385 1332 1454 buni
1364 1399 1466 1456 erant
1499 1391 1734 1475 sacrosancti,
1784 1387 1854 1462 hoc
1887 1406 1958 1476 est,
1998 1393 2218 1463 inviolabiles.

208 1495 300 1566 odiis
316 1495 447 1586 plebis,
472 1491 500 1562 si
517 1489 583 1559 erit
600 1490 743 1559 inimica
760 1487 861 1573 mihi,
888 1514 967 1558 cum
985 1501 1194 1558 tamennon
1244 1485 1454 1586 Serretitute]
1496 1491 1532 1560 id
1560 1504 1633 1578 est,
1672 1493 1872 1586 privilegio.
1944 1495 2114 1566 Sacratae
2141 1497 2218 1586 leges

208 1610 316 1680 esset,
342 1610 405 1667 aut
417 1593 502 1664 cessi
515 1592 687 1684 tempori,
714 1605 775 1662 aut
790 1592 955 1677 tribuno,
982 1603 1044 1661 aut
1059 1588 1194 1682 pactio·
1245 1590 1360 1659 dictae
1375 1605 1477 1677 sunt,
1503 1596 1586 1688 quia
1601 1595 1694 1665 latae
1711 1608 1794 1668 sunt
1809 1599 1855 1667 de
1869 1621 1945 1668 non
1959 1598 2141 1670 violandis
2161 1622 2220 1667 ma-

207 1700 314 1769 nibus
334 1697 617 1790 magistratuum.
682 1693 874 1786 Epilogus,
907 1694 944 1762 in
968 1718 1040 1788 quo
1061 1690 1195 1783 colligit
1246 1691 1461 1783 gistratibus.

211 1826 335 1873 omnes
350 1825 492 1884 causas,
518 1821 630 1893 quare
647 1798 798 1868 cesserit.
850 1796 1016 1866 Libertas
1028 1796 1193 1865 Romana
1348 1791 1379 1884 ξ.
1395 1796 1455 1867 80.
1481 1801 1536 1867 De
1550 1794 1635 1897 vii]
1662 1801 1795 1871 scilicet
1809 1827 1889 1872 cum
1905 1802 1982 1897 ipse
2003 1803 2051 1875 sit
2071 1801 2124 1872 sic
2144 1802 2222 1871 male

209 1906 424 1987 vocabatur,
450 1903 548 1996 quod
565 1900 770 1970 Romanum
793 1899 903 1969 civem
928 1921 1005 1968 non
1020 1896 1120 1967 licuit
1137 1920 1195 1965 oc·
1247 1907 1429 1968 tractatus.
1520 1900 1736 2001 Lentidium]
1770 1904 1903 1975 scilicet
1926 1906 1989 2000 qui
2011 1905 2140 1976 debuit
2157 1928 2222 1974 eun

208 2007 344 2090 cidere,
367 2005 437 2077 nisi
452 2005 491 2072 in
508 2001 712 2073 centuriatis
730 2002 883 2072 comitiis
907 2000 951 2069 de
973 2023 1016 2068 eo
1032 2002 1195 2070 serretur.
1247 1997 1454 2072 interlicere.
1545 2009 1630 2074 Tam
1651 2003 1817 2106 tempore]
1851 2008 1983 2079 scilicet
2005 2019 2082 2078 tam
2106 2019 2223 2099 tempe·

210 2109 365 2182 Comitia
388 2104 584 2177 centuriata
608 2105 787 2187 maxima,
819 2104 964 2199 quando
988 2125 1030 2171 ex
1050 2100 1196 2193 singulis
1246 2102 1347 2170 stive.

212 2210 379 2284 centuriis
394 2210 494 2279 ibant
509 2207 547 2275 in
564 2207 720 2278 comitia.
892 2202 895 2207 ’
917 2238 920 2243 ·
1348 2203 1632 2295 Cap.XXXVlll.
1649 2204 1751 2299 §.at
1773 2213 1940 2306 Latrone]
1956 2209 2224 2284 scilieetClodio.

314 2309 345 2406 ξ.
363 2308 424 2383 66.
450 2316 518 2381 Per
534 2334 651 2400 operas
665 2309 864 2400 concitatae]
890 2306 925 2377 id
942 2320 1013 2391 est,
1038 2329 1103 2399 per
1120 2303 1182 2374 vul
1351 2302 1382 2398 ξ.
1399 2307 1459 2381 82.
1485 2313 1563 2380 Non
1577 2314 1747 2404 incautus]
1773 2313 2109 2388 scilicetGracchus.
2144 2313 2224 2383 Dicit

211 2442 274 2512 gus
290 2419 502 2486 conductum
520 2413 565 2480 ad
582 2413 861 2503 suffragandum.
1249 2430 1329 2478 cum
1346 2434 1419 2479 esse
1434 2406 1617 2480 hominem
1635 2412 1841 2504 ignobilem.
1911 2414 2157 2514 Peneum]
2171 2417 2224 2485 Pc-

317 2514 348 2609 ξ.
366 2515 426 2587 66.
452 2517 505 2585 At
527 2525 646 2585 cenum
665 2507 811 2611 petebat]
837 2511 969 2581 Omnia
984 2509 1198 2603 petebantur
1249 2511 1354 2594 nula,
1388 2512 1467 2582 eine
1490 2512 1724 2606 Hispanisclre
1740 2517 1878 2614 Kappe.
1952 2519 2225 2611 Mulionium“)]

213 2621 399 2693 atribuno
415 2618 539 2711 plebis.
1249 2614 1381 2684 scilicet
1394 2639 1501 2708 quam
1518 2618 1695 2689 muliones
1714 2634 1859 2711 gerunt,
1892 2623 1995 2718 quasi
2010 2623 2124 2693 dicat:
2157 2621 2227 2691 Fuit

315 2723 401 2814 Cap.
417 2717 539 2792 XXXl.
567 2716 599 2813 ξ.
614 2720 676 2793 68.
709 2713 834 2816 Liyus]
859 2739 926 2808 pro
945 2714 1076 2807 Ligur,
1108 2712 1199 2784 sicut
1249 2713 1359 2786 homo
1391 2716 1569 2808 ignobilis.
1633 2719 1894 2814 Argumentum
1921 2739 1973 2797 cst
1996 2750 2017 2795 a
2043 2725 2226 2804 contrario,

212 2821 329 2897 honos
351 2850 417 2917 pro
442 2819 572 2895 honor.
662 2814 958 2915 Discesserat⁴⁹)]
992 2818 1123 2900 idest,
1157 2840 1199 2885 ex
1249 2820 1278 2890 si
1312 2819 1386 2910 ipse
1411 2834 1501 2891 esset
1532 2822 1754 2909 interfectus,
1783 2840 1938 2898 statuam
1962 2827 1995 2897 ei
2022 2827 2227 2920 posuissetis.

212 2929 397 3023 provincia
412 2927 450 2996 in
465 2926 604 2997 minore
617 2925 714 2997 Asia.
791 2925 935 2992 Pietatis
954 2923 1051 3012 cuue]
1076 2919 1114 2987 id
1135 2931 1200 3002 est,
1249 2920 1353 3016 Nunc
1368 2946 1447 2992 cum
1464 2948 1538 2993 non
1554 2925 1599 2996 sit
1613 2926 1836 3015 interiectus,
1862 2930 1920 3001 isti
1941 2931 2070 3001 volunt
2086 2954 2167 3001 eum
2182 2929 2227 2998 in·

212 3032 288 3124 ipse
303 3027 392 3100 nihil
407 3030 525 3122 potuit
540 3029 719 3109 obtinere,
746 3048 962 3119 quamquam
980 3022 1029 3113 pii
1051 3045 1118 3112 pro
1140 3045 1199 3090 mc
1250 3026 1419 3096 terlicere.

213 3137 500 3225 deprecarentur.
558 3137 592 3202 A
604 3130 804 3224 propinquo]
821 3125 952 3196 scilicet
967 3125 1098 3194 Pisone
1115 3148 1199 3193 con·
1353 3127 1440 3219 Cap.
1456 3123 1609 3197 XXXJX.
1633 3124 1664 3220 ξ.
1680 3128 1740 3201 84.
1765 3137 1938 3220 Homines,
1963 3141 2088 3231 inquit,
2113 3135 2228 3224 emisti]

213 3238 299 3308 sule.
350 3233 590 3326 Terrrporibus
605 3233 704 3303 duris
720 3230 931 3321 experienda
950 3229 1047 3298 fides.
1250 3228 1429 3300 Hactenus
1444 3225 1535 3297 nihil
1547 3229 1634 3314 fuit,
1660 3234 1730 3304 nisi
1747 3231 1894 3308 historia
1911 3222 2128 3309 tiihunurus.
2177 3236 2228 3305 se

315 3333 563 3430 c;·p.xxx11.
603 3330 635 3426 ᾗ.
664 3333 724 3406 70.
774 3337 815 3402 Ρ.
849 3330 1027 3422 harterius]
1069 3328 1201 3400 scilicet
1250 3332 1337 3404 stius
1354 3345 1502 3402 vocatur
1518 3333 1556 3400 iu
1573 3320 1764 3422 rbdicium‚
1789 3364 1945 3411 curcum
1962 3339 2228 3412 telofuerituna

213 3442 347 3511 consul·
1251 3460 1329 3505 cnm
1346 3435 1494 3505 Milone.
1568 3440 1806 3535 Disturiuret]
1832 3444 1923 3516 sicut
1944 3444 2114 3526 Clodius,
2139 3438 2229 3536 quasi

317 3542 405 3635 Cap.
420 3538 574 3613 XXXlll.
602 3537 633 3633 ᾗ.
650 3540 710 3610 71.
734 3544 827 3610 Hoc.
845 3586 854 3606 .
871 3587 880 3606 .
896 3536 979 3627 uer]
1002 3534 1135 3605 scilicet
1153 3535 1200 3604 ad
1250 3539 1360 3608 dicat:
1387 3538 1547 3608 minime.
1622 3542 1903 3638 lrtflummureti]
1930 3546 2009 3617 Hoc
2024 3547 2132 3627 dicit,
2155 3542 2226 3638 quia

214 3646 413 3716 Caesarem.
523 3643 713 3735 Exierunt]
747 3641 879 3712 scilicet
901 3638 939 3707 in
962 3637 1200 3729 provinciam,
1251 3640 1396 3712 Clodius
1424 3642 1489 3712 ism
1522 3642 1642 3712 omnia
1674 3647 1767 3718 l'ccit.
1830 3648 1962 3721 Noster
1986 3646 2153 3719 adhibuit
2172 3643 2227 3716 sibi

214 3747 390 3820 Gabinius
412 3746 450 3814 in
470 3746 630 3838 Syriam,
655 3745 740 3816 Piso
764 3746 801 3813 in
824 3740 1095 3826 Macedoniam,
1121 3763 1200 3833 pes·
1250 3743 1465 3836 praesidium
1513 3744 1727 3818 defensionis
1768 3774 1899 3836 causa,
1950 3777 2026 3823 non
2062 3747 2227 3821 laedendi·

213 3854 302 3925 sime
316 3850 518 3921 afflixerunt
541 3847 762 3941 provincias,
793 3858 828 3914 ct
851 3844 1047 3915 amiserunt
1068 3843 1201 3914 exerci-
1249 3848 1461 3938 Principem]
1491 3845 1527 3915 id
1559 3860 1630 3932 est,
1671 3851 1897 3944 Pompeium.
2008 3850 2226 3944 conparuit]

213 3969 301 4026 tum.
352 3955 462 4026 Malia
476 3943 706 4045 omnituett),]
725 3948 856 4018 scilicet
871 3945 1062 4017 ominibus.
1117 3949 1201 4018 7611-
1251 3950 1353 4044 quasi
1373 3950 1483 4017 dicat:
1510 3948 1678 4035 minime,
1703 3956 1765 4023 sed
1780 3956 1994 4029 defensionis
2009 3958 2140 4051 gratia.

209 4051 428 4153 turuiue⁶¹)]
459 4079 526 4146 pro
549 4052 694 4126 crudeli.
779 4044 955 4146 Paluduti]
980 4047 1113 4135 idest,
1145 4049 1200 4117 in·
1353 4047 1384 4141 S.
1402 4047 1462 4121 85.
1503 4056 1641 4147 Divina]
1673 4056 1805 4128 scilicet
1827 4060 1993 4144 Milonis,
2031 4060 2096 4156 qui
2116 4054 2227 4129 lrabuit

212 4161 289 4233 duti
313 4159 580 4253 paludamento.
638 4157 936 4228 Paludamentum
967 4152 1075 4223 vestis
1101 4152 1198 4246 regia
1250 4177 1367 4224 secum
1384 4177 1449 4244 per
1463 4155 1615 4247 speciem
1630 4157 1798 4230 ludorum
1813 4188 1981 4256 magnum
2000 4189 2150 4236 nacturum
2165 4159 2227 4253 gla-

209 4265 289 4336 suit.
1251 4256 1444 4328 diatorum.

313 4362 344 4457 8·
366 4365 426 4438 72·
469 4356 672 4461 9181111110]
707 4361 801 4454 Quia
828 4351 983 4430 Glfflhl
1014 4358 1200 4450 Pssflulba·
1354 4374 1441 4469 (up.
1458 4374 1533 4446 XL.
1561 4372 1593 4469 §.
1611 4379 1671 4450 86.
1698 4386 1809 4476 81111]
1835 4385 1967 4458 scilicet
1983 4388 2119 4459 Sustine
2139 4413 2225 4460 accu-

212 4480 299 4540 runt
319 4466 589 4558 rempublicam.
640 4464 718 4534 lloe
743 4465 847 4534 etiam
874 4461 939 4530 istc
964 4474 1111 4531 conatus
1136 4472 1200 4531 est.
1250 4489 1359 4548 sator,
1411 4478 1611 4550 sestius&
1629 4486 1909 4565 condemnatus..

212 4570 357 4662 Colatio]
379 4569 415 4638 id
438 4581 508 4654 est,
539 4568 748 4640 numeratis.
826 4558 962 4660 Calore]
990 4565 1027 4633 id
1050 4577 1113 4647 est,
1137 4589 1199 4632 vo-
1353 4596 1440 4690 Cap.
1457 4596 1561 4670 XLII·
1590 4597 1620 4690 §
1637 4600 1697 4673 90·
1728 4588 1942 4702 gummi]
1967 4608 2108 4681 Maior:
2142 4610 2226 4681 Licet

212 4698 313 4760 care,
340 4694 493 4743 censere.
718 4704 721 4709 ·
1251 4697 1324 4767 vim
1339 4700 1376 4768 vi
1390 4702 1583 4793 depellere;
1616 4703 1749 4778 Sestius
1771 4710 1985 4784 detensionis
2005 4715 2123 4807 gratia
2145 4739 2225 4785 com-

210 4848 416 4870 Μ

245 4949 296 5009 ⁴⁷)
311 4945 427 5006 mm]
446 4939 487 4993 '¹⁰
503 4939 553 4990 Μ’
565 4937 658 5002 Mu
682 4932 733 4991 M·
751 4934 839 4988 ‘mn'
859 4932 939 4986 Μ’
1286 4967 1337 5027 82)
1357 4966 1393 5018 lu
1409 4967 1543 5027 comttto]
1562 4969 1629 5019 boec
1647 4969 1704 5022 cn.
1723 4975 1826 5041 verbu,
1842 4975 1878 5026 ad
1897 4988 1966 5041 quae
1983 4979 2053 5031 tauto
2068 4986 2137 5034 notu
2153 4980 2225 5045 καί.

247 5052 296 5113 18)
314 5051 348 5105 st
369 5050 418 5102 tue
440 5043 622 5108 susceperat]
651 5038 695 5090 alc
715 5037 766 5091 nd.
788 5036 881 5101 18685
915 5034 966 5085 Ed.
992 5035 1080 5089 orell.
1102 5036 1131 5089 st
1154 5036 1201 5090 ctu
1318 5039 1384 5101 net,
1406 5035 1432 5086 el
1450 5035 1511 5097 lpse
1528 5036 1675 5101 adscripsi.

280 5121 410 5175 suderat.
1283 5134 1333 5194 88)
1352 5135 1516 5201 Beserciri]
1535 5137 1586 5187 Ed.
1605 5138 1682 5189 1888.
1700 5152 1798 5195 errore
1814 5147 1943 5211 typogm
1967 5149 2132 5216 iterarem

247 5227 296 5286 19)
313 5219 512 5279 Dtucesserut]
530 5207 749 5272 1118015684
774 5208 824 5260 ffl-
844 5207 932 5260 ⁰'⁸¹¹·
952 5209 1129 5260 ⁰m⁸⁸²¹⁷⁴⁸⁶
1283 5239 1334 5298 81)
1354 5238 1506 5302 mutam]
1524 5241 1593 5291 barre
1611 5241 1669 5296 cle.
1687 5256 1785 5297 uocem
1803 5248 1865 5299 trulc
1882 5256 1966 5301 notae
1984 5251 2044 5315 lpse
2061 5256 2200 5320 :campet

245 5330 296 5390 80)
313 5324 458 5385 coutitur]
476 5320 517 5370 stc
533 5318 585 5368 Ed.
604 5313 696 5377 18883
719 5311 770 5365 Ed.
789 5309 878 5362 orell.
895 5311 1049 5363 omtattuc.
1283 5343 1333 5402 ω)
1351 5341 1543 5406 mmmm]
1569 5343 1611 5396 ηε
1633 5345 1684 5400 m.
1703 5348 1779 5403 m
1805 5354 1832 5402 et
1857 5352 1913 5421 ⁸¹4
1951 5354 2002 5407 m
2020 5358 2109 5412 om..
2136 5358 2223 5414 ww

244 5431 295 5492 u)
315 5423 508 5486 vulturariae]
523 5420 566 5474 ute
582 5418 633 5470 Ed.
653 5415 748 5478 1888.)
771 5412 824 5468 Ed.
841 5410 929 5468 orell.
947 5412 1085 5469 cuumt.
1317 5411 1423 5464 utem

421 5702 486 5730 Δ...
