4544 5766
199 200 268 276 151
458 201 660 274 SCRIPTA
684 203 760 274 PH.
784 188 902 273 MEL.
927 200 993 271 At)
1024 188 1234 274 E'l'fflOEN
1260 190 1611 275 eat-'rotrudem
1635 192 1944 273 SPECTANTIA.
2146 192 2222 271 lfiss

194 399 320 445 catrsas
341 376 380 443 in
402 375 514 444 veteri
538 377 614 445 iure
638 374 721 445 satis
736 374 921 467 perspicua
939 371 1105 449 honestas
1122 390 1184 461 est,
1234 387 1384 445 mrmtur
1403 374 1694 466 despumationes
1720 376 1833 443 factae
1853 372 1929 443 sine
1962 392 2136 440 consensu
2160 394 2223 460 pa-

197 493 232 547 et
243 479 376 548 Paulus
392 481 437 546 ad
456 474 662 547 Corinthios
682 479 787 546 tacite
808 479 934 547 tribuit
955 480 1184 548 autoritatem
1235 491 1391 548 rentum.
1443 479 1510 546 llic
1533 479 1716 569 disputant
1738 477 1905 570 quidam,
1938 499 1984 542 an
2003 473 2074 544 sint
2096 474 2222 540 firmae

196 582 425 674 parentibus,
453 606 533 650 cum
548 581 599 649 ait
614 583 666 674 (1.
686 581 768 650 Cor.
786 581 828 663 7,
845 581 941 677 38.):
969 581 1042 674 Qui
1059 584 1184 665 elocat,
1235 583 1413 664 rationes,
1440 606 1503 650 cur
1518 581 1568 649 ita
1582 603 1676 650 nunc
1691 580 1964 672 pronuntietur,
1988 600 2035 645 an
2058 600 2145 644 reru
2167 597 2223 643 re·

197 698 291 753 recte
306 684 390 752 facit
405 695 469 752 etc.
484 684 685 774 significans
700 684 891 753 autoritate
907 698 1097 776 parentum
1113 686 1185 754 elo·
1236 685 1325 753 etius
1348 697 1439 752 esset
1459 695 1577 751 vetera
1595 683 1672 753 iura
1690 683 1791 776 sequi
1806 695 1841 750 et
1853 681 2051 751 restituere.
2102 678 2221 770 Quam

197 789 330 856 candos
348 810 421 856 esse
436 787 579 856 liberos.
617 785 807 855 Praeterea
825 783 883 855 hic
899 788 1114 878 colliguntur
1132 789 1185 855 in·
1236 812 1301 878 ego
1315 786 1595 876 disputationem
1610 788 1719 854 modo
1736 788 1892 877 prudens
1906 784 2048 865 omitto,
2064 781 2136 849 alio
2151 783 2221 848 lor-

197 891 400 972 eommoda,
424 914 515 982 quae
530 890 707 973 oriuntur,
723 890 753 958 si
766 891 1057 979 desponsationcs
1071 893 1184 960 laetae
1236 914 1299 959 san
1312 891 1393 958 loco
1408 889 1519 959 fusius
1535 913 1614 957 eam
1630 900 1854 959 tractaturus.

197 994 272 1061 siue
292 992 482 1062 autoritate
505 1005 695 1084 parentum
720 993 791 1061 sint
811 1005 929 1074 ratae,
954 1018 1057 1085 saepe
1081 994 1185 1063 liberi
1338 991 1502 1060 Delibari
1515 992 1653 1085 aliquot
1667 991 1925 1082 disputationes
1939 990 1983 1057 de
2002 986 2158 1068 iustitia,
2183 1000 2224 1054 ut

196 1097 281 1164 dolo
299 1108 333 1163 et
348 1097 472 1164 fraude
496 1095 747 1178 circumventi,
775 1091 991 1165 contrahunt
1020 1097 1184 1188 indignas
1235 1108 1469 1187 praeparetur
1483 1107 1604 1164 tenera
1628 1107 1724 1164 aetas
1748 1093 1794 1160 ad
1818 1088 2023 1162 huiusmodi
2042 1088 2223 1171 materias,

196 1198 351 1291 nuptias.
403 1197 545 1267 Etcum
562 1223 713 1289 persona
739 1198 822 1266 dolo
848 1199 1087 1268 circumventa
1109 1224 1184 1268 non
1236 1210 1271 1265 et
1290 1197 1552 1266 animadvertat
1567 1197 1605 1265 in
1620 1191 1846 1289 philosophia
1871 1197 1985 1263 fontes
2002 1219 2075 1264 esse
2090 1189 2222 1262 harum

196 1326 279 1371 vere
311 1302 549 1384 consenserit,
594 1313 714 1370 tamen
745 1313 866 1392 postea
897 1326 971 1369 uon
999 1303 1184 1386 liberatur,
1235 1300 1529 1392 disputationum,
1544 1302 1587 1369 de
1603 1301 1680 1369 iure
1696 1313 1731 1369 et
1743 1301 1787 1367 de
1801 1298 1974 1367 moribus.
2023 1295 2088 1365 Est
2102 1307 2223 1365 antem

196 1404 336 1473 etiamsi
352 1428 391 1471 re
408 1427 559 1495 expensa
577 1404 675 1494 cupit
689 1404 846 1474 liberari.
883 1402 1064 1474 Interdum
1080 1429 1183 1475 caeco
1235 1406 1279 1471 de
1302 1403 1434 1472 iustitia
1460 1405 1538 1494 plus
1568 1403 1751 1496 aliquanto
1781 1399 2083 1492 disputationum,
2111 1422 2222 1491 quam

197 1508 333 1598 impetu
350 1503 568 1576 contrahunt
585 1502 790 1576 inhonestas
806 1508 960 1598 nuptias.
1019 1508 1183 1602 Denique
1236 1509 1279 1574 de
1296 1506 1667 1589 caeterisvirtutibus,
1694 1505 1774 1573 ideo
1793 1506 1959 1593 deinceps
1981 1515 2122 1570 tantum
2143 1502 2223 1568 bre·

197 1613 364 1679 acerbum
380 1623 431 1679 cst
443 1610 665 1702 parentibus,
690 1611 745 1677 vel
760 1611 940 1678 contemni
956 1611 1182 1680 autoritatem
1235 1633 1315 1676 vem
1331 1611 1531 1699 catalogum
1548 1609 1719 1677 virtutum
1735 1607 1955 1701 reliquarum
1974 1606 2118 1687 addam,
2135 1627 2224 1696 quas

197 1738 298 1783 suam
318 1737 338 1781 a
360 1713 502 1796 liberis,
527 1714 584 1781 vel
606 1713 697 1780 affici
719 1714 942 1782 contumeliis
965 1715 1009 1781 ab
1032 1715 1094 1798 iis,
1122 1715 1184 1807 qui
1235 1713 1382 1802 prodest
1395 1712 1539 1805 quidem
1558 1712 1733 1780 illustrare
1757 1723 1793 1780 et
1813 1709 2029 1800 amplificare
2046 1707 2223 1788 oratione,

196 1817 321 1886 furtim
337 1830 372 1884 et
388 1840 430 1884 ex
445 1815 583 1884 insidiis
598 1817 779 1884 abducunt
794 1817 839 1883 ab
854 1815 904 1884 eis
920 1817 1062 1885 liberos.
1236 1817 1297 1884 sed
1321 1815 1358 1881 id
1387 1840 1462 1883 non
1490 1827 1563 1883 tam
1596 1814 1748 1907 requirit
1776 1813 1921 1882 subtiles
1951 1808 2222 1902 disputationes,

299 1919 396 1986 llaec
410 1930 516 2010 atque
543 1917 611 1985 alia
628 1917 756 1986 similia
783 1918 997 2008 colliguntur
1021 1921 1066 1986 ad
1089 1942 1184 1986 com·
1236 1941 1344 2011 quam
1359 1913 1536 1986 rhetorica
1554 1930 1785 1998 ornamenta,
1811 1929 1852 1983 ut
1873 1939 1995 1984 earum
2010 1913 2223 2003 magnitudo

197 2022 382 2112 probanda
409 2032 528 2088 vetera
554 2020 652 2102 iura,
687 2043 778 2113 quae
805 2021 980 2090 dirimunt
1006 2021 1183 2112 sponsalia
1235 2020 1419 2112 aliquanto
1439 2020 1551 2109 magis
1575 2020 1730 2111 conspici
1746 2018 1869 2110 possit.
1921 2016 2093 2085 llecitabo
2115 2016 2224 2105 igitur

195 2123 271 2191 sine
287 2123 478 2192 autoritate
503 2134 693 2213 parentum
711 2124 815 2193 lacta.
867 2124 935 2191 Sed
962 2148 1056 2193 rrum
1082 2124 1184 2191 aliter
1235 2119 1298 2191 has
1316 2123 1480 2192 virtutes:
1506 2122 1722 2204 Veritatem,
1748 2120 2037 2201 Beneficentiam,
2062 2119 2222 2188 Gratitu-

195 2226 450 2321 pronuntiatur
474 2224 605 2294 inforo
629 2225 824 2316 pontificio.
876 2225 958 2296 Non
980 2227 1075 2296 enirn
1100 2227 1184 2294 diri·
1236 2225 1375 2308 dinem,
1401 2225 1616 2295 Amicitiam.

1024 2502 1386 2586 Veritas.

294 2732 348 2803 Sit
364 2734 471 2825 igitur
487 2735 603 2825 prima
621 2735 764 2805 veritas.
797 2734 903 2827 Apud
921 2737 1118 2807 Homerum
1134 2738 1185 2804 ait
1238 2752 1240 2756 “
1337 2736 1490 2805 Materia
1515 2737 1551 2805 in
1575 2758 1665 2830 qua,
1692 2748 1744 2805 est
1768 2735 1932 2805 voluntas
1954 2731 2134 2815 humana,
2162 2733 2223 2803 scd

194 2833 367 2918 Achilles,
402 2863 437 2906 se
463 2837 609 2928 perinde
631 2850 672 2905 ut
693 2851 846 2905 mortem
870 2840 985 2909 odisse
1005 2865 1086 2922 eos,
1121 2840 1184 2932 qui
1233 2841 1381 2908 materia
1398 2839 1488 2907 circa
1507 2863 1634 2933 quam,
1662 2850 1809 2907 vocatur
1826 2839 2014 2907 obiectum.
2098 2856 2104 2869 ’

154 2989 156 2992 ⁴
195 2939 291 3006 aliud
305 2939 474 3020 sentiunt,
489 2939 587 3008 aliud
600 2939 808 3031 loquuntur.
856 2940 907 3009 Ac
920 2943 1182 3032 propemodum
1336 2943 1425 3010 Sunt
1443 2954 1560 3010 autem
1576 2940 1727 3032 triplicia
1743 2941 1901 3024 obiecta,
1928 2941 2019 3008 circa
2035 2962 2223 3033 quaever-
2262 2974 2266 3009 t

195 3040 278 3109 talia
295 3053 379 3110 sunt
393 3037 537 3109 heroica
556 3041 718 3130 ingenia,
740 3055 883 3132 aperta,
908 3042 1049 3113 inimica
1074 3044 1182 3113 simu·
1234 3057 1332 3113 satur
1352 3039 1441 3112 haec
1464 3044 1588 3113 virtus.
1659 3043 1822 3113 Primum
1846 3044 2006 3112 doctrina
2031 3067 2094 3112 seu
2115 3048 2266 3115 artu-'i

193 3145 388 3226 lationum,
416 3143 603 3212 calumniis
620 3155 655 3210 et
670 3139 894 3234 sophisticae,
917 3159 951 3214 et
965 3160 1005 3216 ut
1021 3171 1181 3240 quaeque
1234 3147 1324 3216 Sunt
1344 3147 1437 3214 cuim
1455 3146 1599 3237 ingenia
1615 3147 1805 3239 quaedam,
1830 3172 1920 3239 quae
1934 3142 2026 3215 hanc
2042 3167 2222 3215 summam
2259 3181 2266 3226 t

194 3259 322 3314 natura
337 3245 579 3337 praestantior
591 3258 660 3328 est,
686 3247 734 3314 ita
750 3248 993 3317 amantissima
1020 3262 1072 3318 est
1092 3249 1183 3317 veri-
1233 3250 1376 3317 laudem
1391 3250 1565 3320 acuminis
1580 3272 1653 3318 esse
1669 3249 1846 3333 iudicant,
1871 3273 1974 3340 posse
1989 3247 2109 3316 omnia
2126 3259 2222 3316 recte
2258 3280 2263 3319 ·.

193 3349 288 3418 tatis.
340 3348 421 3441 Qua
445 3374 486 3417 ex
506 3372 545 3416 re
566 3349 714 3440 intelligi
738 3363 872 3441 potest,
900 3353 1085 3421 veritatem
1109 3376 1182 3422 esse
1234 3353 1327 3420 dicta
1342 3365 1499 3421 evertere
1514 3347 1670 3443 strophis
1685 3364 1721 3420 et
1732 3351 1936 3434 calumniis,
1969 3375 2086 3421 serere
2106 3373 2224 3419 novas
2257 3386 2262 3425 ι

195 3452 564 3522 convenientissimam
589 3448 739 3523 homini.
817 3454 1040 3547 Praecipitur
1063 3468 1181 3524 autem
1234 3455 1422 3546 opiniones
1438 3467 1473 3524 et
1494 3454 1729 3546 prodigiosas.
1783 3455 1852 3523 Sed
1874 3454 2058 3524 sciendum
2079 3465 2134 3522 est
2156 3449 2266 3536 hasa

197 3552 283 3624 haec
303 3556 416 3625 virtus
435 3557 473 3623 in
489 3556 676 3646 decalogo,
703 3557 741 3623 in
762 3571 954 3649 praecepto
970 3557 1100 3655 (Exod.
1119 3562 1181 3642 20,
1233 3553 1442 3651 sophisticas
1462 3571 1608 3628 naturas
1632 3568 1851 3627 monstrosas
1873 3582 1947 3627 esse
1976 3571 2010 3625 et
2040 3556 2223 3626 distortas.
2258 3599 2266 3644 Ξ

198 3659 292 3752 16.);
320 3659 402 3727 Non
419 3658 516 3727 dicas
533 3659 661 3728 falsum
679 3658 934 3731 testimonium.
1233 3661 1297 3731 Est
1319 3662 1427 3752 igitur
1449 3663 1620 3730 excellens
1643 3661 1756 3729 virtus
1779 3661 1817 3726 in
1844 3661 1980 3730 artibus
1995 3672 2029 3729 et
2041 3659 2223 3743 doctrina,
2254 3706 2266 3748 2

192 3800 197 3810 ,
294 3760 457 3829 Primum
481 3761 590 3851 igitur
610 3762 822 3830 vocabulum
845 3763 1071 3847 definiemus,
1096 3789 1180 3832 nam
1234 3789 1336 3832 amor
1358 3764 1527 3855 simplicis
1550 3763 1720 3832 veritatis.
1785 3762 1997 3833 'Secundum
2028 3762 2222 3844 obiectum,
2254 3806 2266 3850 p

196 3863 325 3931 veritas
342 3859 409 3931 hoc
425 3863 783 3954 locosignihcatnon
798 3867 982 3949 notitiam,
1007 3869 1068 3936 sed
1081 3864 1182 3935 habi·
1232 3880 1336 3958 pacta
1352 3879 1386 3935 et
1401 3879 1601 3936 contractus
1611 3865 1680 3959 ⁰⁰),
1696 3864 1839 3948 iudicia,
1863 3865 2077 3936 testimonia.
2131 3865 2224 3934 'l'et-
2252 3910 2266 3955 t

195 3981 270 4036 tum
288 3967 494 4049 voluntatis,
521 3966 684 4036 videlicet
699 3990 859 4037 amorem
874 3969 1032 4040 veritatis
1047 3982 1081 4038 et
1099 3970 1181 4040 sim·
1233 3969 1342 4052 tium,
1368 3969 1577 4060 significatio
1600 3968 1794 4037 voluntatis
1817 3992 1898 4057 erga
1920 3969 2029 4053 alios,
2055 3968 2225 4037 riclelicet
2252 4016 2266 4061 t

196 4067 362 4165 plicitatis
380 4069 417 4137 in
435 4069 600 4139 omnibus
616 4070 717 4138 dictis
734 4085 767 4139 et
782 4071 903 4154 factis,
927 4073 966 4140 in
983 4073 1083 4141 omni
1098 4097 1181 4142 con·
1234 4096 1307 4142 esse
1322 4074 1533 4156 candidum,
1558 4096 1633 4141 non
1647 4083 1782 4140 struere
1799 4070 1963 4155 insidias,
1990 4072 2145 4161 ingenue
2167 4070 2224 4140 di·
2254 4120 2266 4163 ,

195 4173 381 4244 suetudine
405 4173 518 4255 vitae,
545 4186 581 4241 ct
604 4174 727 4242 odium
750 4198 829 4242 acre
846 4174 1103 4259 simulationis,
1127 4178 1181 4246 lu·
1234 4200 1311 4243 cere
1326 4199 1405 4244 cum
1427 4201 1516 4267 opus
1530 4188 1599 4258 est,
1627 4175 1724 4267 quod
1738 4174 1877 4243 sentiat.
2250 4224 2266 4269 3

196 4300 339 4357 corum,
374 4273 601 4367 sophistices,
636 4277 916 4360 calumniarum,
952 4275 1180 4371 stropharum
1332 4278 1464 4346 Forma
1479 4293 1531 4347 est
1543 4279 1617 4369 ipsa
1636 4275 1818 4358 delinitio,
1844 4301 1906 4346 seu
1920 4300 1976 4345 res
2000 4276 2094 4368 ipsa,
2122 4278 2225 4347 vide·
2251 4328 2266 4371 3

196 4392 229 4447 et
247 4378 422 4473 ‹pridquid
437 4391 489 4448 est
505 4376 710 4450 huiusmodi
726 4379 972 4451 artificiorum.
1233 4380 1313 4449 licet
1328 4377 1470 4452 habitus
1484 4383 1522 4449 in
1536 4383 1738 4469 voluntate,
1765 4379 1828 4472 qui
1854 4393 1906 4448 est
1927 4404 2029 4449 amor
2048 4403 2221 4451 verarum
2253 4446 2266 4478 a

298 4478 433 4550 Causae
451 4483 639 4551 efficientes
653 4497 735 4552 sunt
750 4486 859 4553 duae:
875 4483 994 4552 Altera
1010 4483 1182 4554 iudicium
1234 4484 1463 4575 opinionum,
1497 4497 1531 4552 et
1553 4482 1712 4552 veritatis
1735 4483 1772 4549 in
1795 4481 1906 4573 pactis
1930 4494 1965 4549 et
1985 4482 2022 4549 in
2044 4481 2222 4554 moribus.
2252 4542 2266 4581 Ι

196 4582 365 4664 rationis,
399 4608 490 4676 quae
521 4584 684 4674 intelligit
706 4586 822 4656 Deum
848 4587 951 4656 uobis
979 4589 1181 4680 praecipere
1337 4588 1451 4658 Causa
1467 4587 1600 4655 finalis:
1628 4585 1785 4654 Virtutes
1809 4596 1956 4676 propter
1980 4610 2017 4654 se
2043 4585 2138 4677 ipsas
2160 4612 2223 4656 ex·
2251 4642 2266 4681 =

196 4712 355 4755 amorem
381 4686 558 4768 veritatis,
585 4711 722 4781 nosqm
746 4692 790 4757 ad
816 4687 884 4765 huc
911 4691 1073 4760 conditos
1096 4717 1181 4775 esse,
1233 4694 1405 4781 petendae
1427 4703 1529 4772 sunt,
1555 4689 1687 4758 scilicet
1708 4688 1791 4781 quia
1817 4687 2036 4757 conveniunt
2053 4701 2223 4775 naturae,
2259 4760 2266 4783 ἶ

195 4791 287 4859 utin
306 4788 537 4885 inquisitione
555 4812 672 4857 rerum
688 4790 887 4861 inveritate
905 4793 1181 4891 acquiescamus,
1235 4794 1314 4862 ideo
1332 4794 1444 4862 rictus
1462 4793 1537 4884 ipsa
1554 4793 1621 4863 sibi
1635 4791 1714 4860 finis
1732 4790 1939 4881 principalis
1956 4804 2019 4873 est,
2046 4795 2225 4885 quemad»
2247 4864 2266 4881 .-

196 4907 230 4959 et
248 4892 556 4961 inconsuetudine
572 4891 665 4960 vitae
680 4917 763 4962 vera
781 4894 1028 4984 paciscamur,¹
1045 4909 1181 4988 etprae
1232 4899 1380 4966 modum
1395 4892 1600 4987 philosophi
1616 4897 1660 4963 de
1673 4895 1804 4962 virtute
1821 4894 2027 4987 loquuntur.
2078 4895 2153 4964 Sed
2167 4910 2226 4969 eet

196 4994 299 5066 nemis
314 4997 481 5065 feramus.
531 4994 728 5087 Praecipue
744 5006 920 5080 ver0,'ne
941 4998 1095 5069 nocendi
1109 5013 1182 5070 stu·
1233 4994 1302 5067 hoc
1334 5024 1476 5092 quoque
1510 4993 1797 5090 philosophicum
1822 5009 1856 5064 et
1882 4996 2006 5087 pium,
2041 4996 2225 5071 rirtutnttt

195 5099 255 5167 dio
269 5099 433 5168 fallamus
448 5122 520 5179 eos,
538 5095 667 5193 quibus
682 5122 811 5169 nocere
825 5100 1007 5176 nonlicet.
1059 5102 1180 5172 Altera
1233 5104 1338 5170 finem
1366 5103 1599 5194 principalem
1623 5100 1837 5169 constituere
1858 5098 2099 5169 obedientiam
2132 5120 2229 5195 erg-u·

196 5226 299 5274 causa
315 5214 368 5271 est
382 5200 548 5271 voluntas
564 5202 814 5293 obtemperans
828 5195 1058 5301 huicjudicio
1071 5206 1182 5287 ratio-
1234 5205 1362 5275 Deum.
1414 5206 1466 5274 Sit
1482 5231 1565 5297 ergo
1580 5204 1659 5273 finis
1674 5202 1852 5283 veritatis,
1879 5215 1922 5271 ut
1934 5202 2011 5271 Deo
2034 5204 2225 5301 obtempe:

195 5307 271 5388 nis,
305 5329 345 5374 ac
369 5316 559 5396 propterea
584 5297 709 5376 amans
730 5304 938 5389 veritatem,
973 5319 1007 5377 et
1027 5308 1182 5399 fugitans

188 5411 292 5478 fucos
308 5421 341 5476 ct
356 5408 553 5479 mendacia.
1265 5437 1313 5506 so)
1330 5445 1504 5505 comanus]
1522 5442 1562 5494 nc
1579 5443 1734 5506 nauum
1751 5443 1819 5496 raa.
1836 5438 1912 5494 reae.
1930 5444 1957 5492 er
1969 5440 2046 5494 isso.
2064 5446 2222 5501 namen
