4544 5766
10 2790 12 2829 ;
54 2732 110 2815 lis,
137 2732 240 2823 quod
253 2732 403 2798 refertur
418 2728 505 2801 haec
520 2733 720 2803 obedientia
737 2740 783 2805 ad
796 2736 945 2827 gloriam
957 2732 1037 2814 Dei,

61 194 137 279 541
559 194 584 269 Ι.
634 192 1004 271 rnomooafflaa
1033 191 1084 266 la
1118 189 1308 265 orclem
1340 190 1601 267 CICERONIS.
2006 192 2082 275 ⁵42

62 368 120 439 tis.
171 367 265 437 Sunt
281 379 400 439 autem
420 369 553 459 agnitio
569 370 655 455 Dei,
680 384 714 441 et
730 383 892 443 motmun
908 369 1048 439 confor-
1098 365 1280 448 incendia,
1305 365 1558 463 sicutAiax¹³),
1584 368 1646 463 qui
1662 367 1837 459 stupravit
1845 367 2081 439 Cassandram

60 471 169 545 rnitas
185 496 268 541 curn
281 467 371 540 Deo.
431 473 488 542 Sic
510 473 549 543 in
562 471 689 567 loseph
712 475 750 545 iu
773 471 839 545 bac
862 475 934 543 vita
963 495 1046 541 vera
1099 469 1136 536 in
1152 469 1283 559 templo
1298 469 1453 540 Palladis
1463 470 1520 565 16).

58 575 175 642 virtus
192 585 242 641 est
260 573 333 662 ipse
348 573 461 655 Deus,
497 571 660 647 habitans
681 580 720 647 in
734 574 862 669 loseph
882 598 947 668 per
968 598 1047 643 ver-
1196 570 1274 641 Etsi
1291 572 1399 663 igitur
1422 587 1456 642 et
1471 574 1552 642 lieri·
1568 587 1718 666 possunt
1736 587 1901 642 externae
1922 573 2079 641 actiones

56 678 168 758 burn,
194 678 370 766 perquod
385 678 459 767 ipse
476 673 709 775 fdyocFilius
723 680 791 750 bei
806 694 857 750 est
874 680 911 749 iu
928 690 1045 746 mente
1096 667 1286 757 honestae,
1328 688 1364 744 et
1392 679 1574 769 quomodo
1606 680 1692 745 fiam
1722 700 1764 745 ex
1797 674 2079 752 consideratione

56 774 207 869 loseph,
234 781 422 848 ostendens
436 778 572 863 Deum,
600 796 634 850 et
655 784 874 853 voluntatem
897 780 985 862 Dei,
1012 792 1047 848 et
1096 800 1303 859 causarum,
1329 780 1371 847 de
1387 778 1514 871 quibus
1530 780 1663 848 dictum
1679 793 1749 860 est,
1774 779 1920 867 intelligi
1944 791 2077 869 potest:

57 881 200 972 spirant
222 881 331 948 Pater
355 894 389 949 et
410 881 521 952 Filius
543 885 714 978 Spiritum
740 899 900 956 sanctum
923 885 961 950 in
984 907 1045 951 cor
1096 889 1215 947 tamen
1231 880 1317 973 quid
1333 880 1378 950 sit
1392 881 1505 952 virtus
1521 883 1559 950 in
1576 883 1757 951 voluntate
1780 895 1815 949 et
1835 885 1940 951 riarde
1962 877 2077 949 homi-

56 979 206 1075 loseph,
250 982 313 1075 qui
347 985 509 1055 flammas
539 1011 579 1056 ac
609 1001 726 1058 motus
758 990 843 1058 tales
874 985 1043 1069 accendit,
1094 981 1151 1050 nis
1166 1006 1240 1051 non
1256 985 1370 1052 renati
1386 985 1445 1052 rix
1461 986 1600 1054 ostendi
1622 998 1755 1076 potest,
1787 997 1827 1053 ut
1847 986 1890 1052 de
1913 983 2074 1075 gregario

58 1087 176 1178 quadis
192 1085 265 1176 ipse
282 1097 345 1154 est.

163 1185 274 1278 Igitur
295 1189 346 1256 ibi
370 1214 512 1282 quoqne
534 1203 585 1260 est
606 1213 689 1258 vera
712 1194 823 1267 virtus
846 1191 921 1284 ipse
934 1190 1043 1272 Deus,

56 1287 225 1359 habitans
241 1290 280 1356 in
295 1287 423 1382 loseph
446 1317 510 1383 per
529 1287 659 1389 λόγον,
694 1308 728 1362 et
749 1308 867 1364 motus
892 1320 954 1364 seu
978 1295 1042 1360 im—

54 1407 180 1483 petus,
215 1392 276 1485 qui
297 1395 469 1462 excitatur
491 1421 553 1486 per
575 1395 748 1486 Spiritum
769 1411 940 1468 sanctum.
996 1393 1043 1463 Et

54 1496 311 1589 unaquaelibet
332 1499 463 1586 species
484 1523 545 1566 seu
568 1498 660 1566 actio
684 1500 823 1570 virtutis
850 1500 887 1568 iu
909 1497 1041 1568 renatis

52 1601 162 1669 simul
185 1599 429 1689 complectitur
450 1600 668 1689 agnitionem
682 1602 769 1687 Dei,
792 1628 914 1673 verum
936 1603 1041 1670 timo-

54 1726 151 1784 rem,
175 1725 298 1771 veram
322 1702 487 1771 fiduciam
500 1702 727 1790 Mediatoris,
753 1719 788 1775 et
810 1706 982 1776 laetitiam
1002 1703 1041 1771 in

54 1806 146 1873 Deo.
199 1803 297 1874 Sicut
312 1805 529 1875 continentia
541 1803 668 1899 loseph
683 1805 790 1879 habet
808 1835 949 1880 causeam
969 1809 1040 1876 effi-

55 1908 209 1975 cientem
223 1907 353 1977 Filium
370 1907 437 1976 Dei
458 1908 629 1979 inruente
644 1913 818 1987 efficacem
833 1938 913 1982 cum
930 1912 1038 1981 verbo

54 2009 192 2091 vocali,
219 2022 254 2077 ct
276 2013 519 2081 ostendentem
541 2038 664 2082 verum
686 2015 823 2099 Deum,
849 2011 1040 2106 prohiben-

53 2128 122 2180 tem
143 2111 360 2181 adulterium
378 2127 412 2182 et
426 2116 684 2206 approbantem
704 2119 941 2189 obedientiam
956 2142 1039 2209 pro-

54 2229 133 2305 pter
163 2214 413 2286 Mediatorem.
485 2215 574 2288 ltem
604 2220 776 2311 Spiritum
808 2235 970 2291 sanctum
1001 2220 1038 2286 in

55 2320 159 2387 corde
179 2320 450 2388 confirmantem
467 2322 725 2408 assensionem,
750 2337 785 2393 et
806 2320 900 2394 hunc
922 2324 1038 2417 ipsum

54 2434 194 2491 motum
211 2420 379 2491 castitatis
397 2427 663 2509 accendentem,
692 2428 773 2519 quia
792 2427 866 2518 ipse
883 2428 961 2496 talis
976 2439 1038 2495 est.

52 2525 267 2594 Praelucent
281 2524 389 2614 igitur
405 2527 509 2610 fides,
530 2528 638 2596 timor
656 2542 691 2597 et
705 2531 845 2599 dilectio
856 2531 943 2615 Dei,
967 2529 1038 2596 lae-

54 2628 129 2696 titia
144 2628 187 2696 in
202 2626 300 2709 Deo,
327 2640 361 2694 et
375 2632 546 2699 accedunt
562 2630 740 2701 invocatio
766 2647 800 2702 et
822 2657 925 2703 causa
951 2633 1038 2699 fina-

1095 1084 1217 1167 milite,
1239 1086 1303 1155 etsi
1319 1087 1533 1175 cogitatione
1549 1114 1611 1158 seu
1622 1087 1895 1158 ratiocinatione
1911 1100 1945 1155 et
1960 1112 2076 1155 assen-

1092 1186 1192 1255 sione
1207 1189 1344 1257 moveri
1361 1202 1496 1280 potest,
1522 1205 1562 1261 ut
1575 1192 1725 1283 imperet
1740 1190 1893 1259 externis
1908 1188 2075 1257 membris

1093 1313 1136 1356 ne
1153 1291 1306 1379 fugiant,
1334 1288 1468 1361 ethaeo
1484 1295 1739 1388 quadiscunque
1758 1293 1907 1362 firmitas
1932 1292 2076 1360 aebuva-

1093 1403 1151 1459 tm·
1167 1407 1468 1482 temperamento,
1495 1409 1615 1466 tamen
1631 1398 1725 1467 intus
1742 1396 1891 1489 quaesit
1906 1394 1981 1465 eius
2003 1398 2075 1461 for-

1093 1493 1206 1563 titudo
1223 1495 1282 1563 vix
1294 1499 1487 1567 monstrari
1506 1512 1633 1590 potest.

1192 1596 1256 1666 Est
1277 1613 1396 1668 autem
1416 1616 1535 1672 motus
1558 1604 1703 1697 quidam
1729 1597 1892 1670 heroicus
1917 1600 1956 1667 in
1989 1599 2074 1669 viris

1091 1701 1352 1789 praestantibus
1375 1704 1481 1773 etiam
1506 1731 1581 1775 non
1601 1707 1753 1786 renatis,
1778 1717 1818 1774 ut
1842 1703 2015 1773 fortitudo
2035 1702 2074 1768 in

1090 1797 1246 1887 Achille,
1269 1803 1492 1891 Alexandro,
1517 1806 1607 1879 lulio
1627 1823 1662 1878 et
1676 1808 1753 1877 aliis
1766 1806 1906 1888 multis,
1933 1803 1995 1897 qui
2008 1803 2074 1873 etsi

1091 1917 1142 1973 est
1160 1909 1295 1977 donum
1307 1908 1396 1992 Dei,
1422 1923 1541 1980 tamen
1559 1913 1622 1980 uhi
1635 1925 1688 1982 est
1704 1912 1779 1982 siue
1794 1935 1876 1980 vera
1893 1907 2073 1996 agnitione

1090 2007 1176 2090 Dei,
1203 2034 1277 2079 non
1292 2011 1501 2083 nominatur
1513 2016 1574 2083 lux
1588 2016 1672 2084 Filii
1685 2013 1754 2082 Dei
1777 2026 1813 2082 et
1834 2013 1977 2081 flamma
1995 2010 2072 2099 Spi-

1089 2111 1180 2180 ritus
1205 2115 1337 2198 sancti,
1364 2115 1448 2208 quia
1471 2116 1509 2184 in
1531 2119 1665 2188 renatis
1685 2118 1806 2186 lucent
1829 2112 1963 2204 agnitio
1989 2137 2071 2181 vera

1089 2213 1176 2297 Dei,
1203 2227 1238 2282 et
1252 2219 1452 2305 praesentia
1467 2219 1620 2311 Spiritus
1634 2221 1758 2291 sancti.

1191 2316 1424 2390 Discernendi
1437 2337 1520 2392 sunt
1545 2324 1653 2414 igitur
1675 2336 1795 2393 motus
1814 2320 1853 2390 in
1869 2318 2004 2389 renatis
2025 2318 2071 2385 ab

1089 2418 1132 2488 iis
1155 2420 1277 2503 donis,
1312 2448 1404 2514 qnae
1426 2439 1575 2495 naturae
1598 2427 1760 2495 attribuit
1781 2425 1878 2494 Deus
1902 2422 2008 2490 ctiam
2033 2419 2069 2487 iu

1089 2545 1163 2589 non
1183 2524 1336 2606 renatis,
1367 2537 1408 2594 ut
1429 2542 1588 2598 servetur
1612 2554 1720 2618 genus
1743 2525 1958 2605 humanum,
1986 2522 2070 2615 quia

1087 2625 1186 2694 nulla
1203 2627 1413 2715 gulJernatio
1431 2644 1535 2714 essct,
1561 2631 1630 2700 nisi
1647 2631 1764 2724 aliqua
1787 2642 1877 2700 esset
1898 2626 2069 2696 excellens

1088 2727 1219 2810 virtus,
1244 2731 1287 2797 de
1308 2725 1363 2799 his
1384 2732 1489 2802 donis
1507 2746 1601 2802 recte
1624 2734 1826 2803 dictumest
1845 2730 2068 2799 aCicerone:

55 2860 96 2902 ne
125 2832 294 2903 doctrina
323 2835 540 2905 deformetur
566 2838 744 2909 scandalo.
806 2839 871 2910 Est
901 2850 935 2907 et
963 2837 1036 2927 ipse
1087 2830 1193 2900 Nulla
1223 2844 1275 2901 est
1305 2836 1473 2905 excellens
1496 2838 1608 2906 virtus
1630 2837 1707 2907 sine
1730 2837 1853 2905 afflatu
1873 2833 1996 2901 divino
2011 2829 2070 2924 ¹⁷).

57 2949 170 3007 motus
194 2935 363 3004 castitatis
384 2936 421 3004 in
445 2941 570 3021 corde,
595 2939 738 3011 flamma
762 2967 906 3013 accensa
921 2968 940 3009 a
959 2939 1037 3032 Spi-
1086 2933 1133 3002 Et
1146 2934 1294 3003 Seneca:
1321 2937 1426 3005 Nulla
1444 2952 1496 3008 est
1511 2941 1682 3010 excellens
1695 2940 1807 3009 virtus
1822 2938 1897 3008 sine
1912 2938 2003 3005 Deo.

58 3042 124 3110 ritu
145 3052 291 3121 sancto,
336 3040 392 3106 cui
416 3043 580 3111 voluntas
602 3043 754 3114 libenter
777 3058 812 3115 et
835 3058 1036 3118 constanter
1188 3035 1235 3103 Et
1250 3038 1334 3130 quia
1351 3035 1390 3107 hi
1405 3055 1522 3112 motus
1535 3039 1672 3111 heroici
1690 3068 1764 3111 uon
1788 3041 1930 3111 suntin
1953 3036 2068 3106 omni-

60 3145 298 3234 obtemperat,
324 3141 462 3213 etiamsi
484 3142 590 3213 sentit
614 3161 870 3239 repugnantem
888 3150 1036 3220 infirmi.
1085 3140 1164 3220 bus,
1190 3153 1284 3209 recte
1298 3141 1380 3211 inde
1396 3144 1630 3215 ratiocinatur
1640 3147 1776 3228 Cicero,
1804 3168 1876 3214 esse
1898 3168 1958 3212 eos
1973 3138 2068 3210 testi-

60 3260 176 3314 tatem.
1087 3241 1228 3324 monia,
1262 3248 1359 3337 quod
1378 3247 1424 3316 sit
1437 3248 1552 3331 Deus,
1587 3261 1622 3317 et
1648 3251 1744 3343 quod
1765 3248 1810 3316 sit
1832 3243 2069 3338 providentia,

152 3347 203 3417 At
218 3345 435 3417 continentia
452 3350 487 3417 in
505 3350 707 3423 Alexandro
730 3379 804 3424 nan
824 3352 932 3425 hahet
950 3358 1036 3425 tales
1087 3345 1170 3439 quia
1188 3340 1227 3412 hi
1245 3361 1363 3418 motus
1386 3349 1562 3443 aliquibus
1583 3351 1787 3421 tribuuntur
1808 3362 1955 3442 propter
1976 3371 2071 3414 com-

60 3476 189 3521 rausas.
239 3448 423 3521 Tenebrae
444 3466 527 3523 sunt
542 3454 579 3520 in
600 3471 718 3526 mente
742 3461 786 3527 de
810 3459 939 3528 iudicio
956 3458 1036 3540 Dei,
1087 3473 1231 3517 munem
1248 3451 1385 3539 generis
1400 3447 1547 3522 hunrani
1564 3454 1725 3523 salutem.

59 3557 155 3623 etde
178 3551 399 3636 Mediatore,
439 3580 504 3625 nec
532 3571 615 3627 sunt
639 3560 676 3628 in
696 3564 802 3630 corde
822 3561 933 3631 timor
956 3561 1036 3643 Dei,
1188 3551 1407 3644 sedsemper
1423 3557 1673 3647 quaesiverunt
1687 3557 1875 3647 sapientes,
1897 3578 1977 3623 ⁰1¹¹ss
1993 3577 2067 3617 ¹¹¹³·

56 3657 189 3727 laetitia
211 3655 252 3724 iu
271 3656 369 3739 Deo,
395 3656 574 3729 invocatio
598 3662 685 3745 Dei,
710 3690 775 3733 nec
796 3687 899 3735 causa
921 3664 1037 3733 finalis
1085 3654 1252 3723 nifestum
1278 3655 1324 3724 sit
1344 3652 1506 3729 heroicos
1529 3660 1682 3751 impetus
1704 3660 1743 3726 in
1764 3656 1887 3749 paucis
1902 3682 1995 3737 esse,
2021 3680 2068 3721 an

57 3774 103 3829 est
124 3758 241 3852 gloria
264 3759 353 3842 Dei,
391 3777 528 3833 tantum
551 3778 729 3860 utcunque
756 3766 904 3857 cogitat,
939 3770 1036 3861 qnod
1087 3756 1149 3824 alii
1164 3751 1593 3830 lrominesassuefactione
1609 3763 1746 3853 possint
1762 3761 1828 3831 sibi
1850 3762 1990 3828 firmam
2013 3758 2067 3825 in·

57 3865 143 3932 ratio
163 3863 263 3931 ridet
275 3866 386 3956 legem
413 3894 484 3937 esse
503 3866 751 3960 prohibentem
777 3871 968 3954 adulteria,
995 3896 1036 3940 ex
1086 3861 1314 3930 letlssllffltflffl
1337 3861 1477 3947 indm,
1504 3889 1594 3958 quae
1619 3866 1664 3935 ⁸51
1685 3866 1815 3947 virius,
1846 3864 1883 3930 id
1904 3862 2068 3931 ¹¹⁰¹¹¹i¹¹³t

56 3963 117 4036 hac
139 3967 218 4057 lege
238 3971 470 4043 ratiocinatur
485 3973 732 4066 imperandum
757 3999 829 4045 esse
850 3974 1037 4043 locomoti·
1086 3963 1291 4033 ΑΐῖδὶθῑθῙθδ
1305 3964 1394 4047 ἴξιν,
1422 3991 1513 4060 quae
1538 3968 1624 4062 quid
1639 3968 1701 4049 Sit,
1729 3981 1790 4037 auf
1806 3968 1866 4037 uhi
1887 3966 1950 4047 Sit,
1978 3963 2067 4032 diffi-

58 4096 138 4153 γαρ,
174 4095 221 4139 ne
244 4074 392 4169 attingat
404 4076 508 4144 Darii
529 4078 733 4169 coniugem,
766 4092 801 4146 aa
822 4072 905 4146 huic
926 4078 1037 4146 ratio.
1087 4067 1152 4134 cile
1174 4080 1225 4137 est
1245 4070 1441 4139 ostendere.
1493 4070 1576 4141 Non
1600 4072 1798 4159 negandum
1822 4081 1891 4149 est,
1923 4066 2068 4135 notitias

56 4175 228 4245 cinationi
252 4176 507 4278 assentitrrr¹⁴).
556 4179 653 4250 Haec
673 4196 745 4252 tota
769 4178 934 4273 cogitatio
959 4207 1037 4249 mo·
1088 4194 1189 4261 {³0⁸8ss
1211 4171 1377 4252 retineri,
1405 4186 1439 4241 θῐ
1461 4187 1553 4242 «tries
1574 4198 1646 4243 0⁵80
1668 4173 1878 4251 m⁰m⁰¹ftts‚
1914 4182 1948 4237 ⁰1
1969 4166 2067 4250 ἵξέἰς,

10 4358 12 4369 Ι
54 4291 110 4349 ret
141 4280 349 4365 cerebrum,
387 4283 523 4352 cerebri
546 4297 646 4352 motu
671 4284 901 4378 impelluntur
923 4283 1037 4366 nervi,
1087 4285 1128 4342 ut
1151 4273 1189 4341 in
1209 4273 1363 4364 pictore,
1404 4276 1444 4343 in
1467 4272 1690 4357 citharaedo,
1721 4299 1820 4344 mens
1843 4274 1973 4341 retinet
1993 4300 2065 4338 me-

10 4382 12 4391 '
54 4397 89 4451 ut
107 4382 411 4455 cicantmotusin
428 4387 597 4456 membris
619 4399 851 4480 congruentes
873 4382 955 4456 huic
979 4413 1036 4455 co·
1087 4374 1239 4444 nutriam
1255 4378 1456 4460 (Ῑθῦῑῐῑῑὶῦθ,
1482 4391 1516 4447 θῑ
1531 4403 1657 4447 ¹1¹³ssssss
1680 4375 1812 4447 habent
1834 4374 1908 4459 ἴξιν
1931 4400 2065 4444 38511111·

54 4484 232 4575 gitationi.

10 4722 13 4881 ,

1086 4491 1185 4570 ptam
1201 4480 1474 4563 assuefactione,
1496 4504 1535 4548 ac
1552 4479 1679 4549 certius
1695 4479 1827 4550 faeirmt
1841 4479 1926 4549 artis
1945 4504 2067 4570 opera,

148 4586 250 4681 Quid
281 4589 388 4681 igitur
418 4605 469 4661 est
496 4587 583 4659 haec
615 4589 706 4659 actio
739 4588 777 4657 in
808 4587 1036 4659 Alexandro?
1088 4606 1193 4675 quam
1212 4583 1273 4650 alii
1287 4606 1362 4651 non
1374 4583 1567 4653 assuefacti.
1620 4582 1715 4652 llaec
1736 4583 1779 4652 de
1802 4585 1936 4653 artibus
1954 4585 2067 4651 ructui·

53 4692 211 4762 Tantum
226 4692 453 4762 ratiocinatio
469 4708 504 4762 et
519 4694 672 4763 assensio
699 4705 751 4761 ost
773 4716 919 4761 movens
943 4717 1036 4761 cere.
1085 4688 1171 4754 festa
1188 4699 1280 4755 sunt.
1330 4685 1528 4754 Fatendum
1546 4699 1597 4754 est
1616 4687 1723 4777 igitur
1735 4689 1845 4755 talem
1866 4714 1939 4758 esse
1963 4701 2065 4756 uatu-

54 4797 178 4879 brnm,
219 4808 255 4864 et
278 4795 413 4877 cerebri
437 4810 554 4866 motus
578 4795 761 4887 impellens
784 4819 933 4875 nervos,
971 4820 1036 4864 nec
1087 4813 1163 4856 ram
1180 4784 1393 4869 humanam,
1419 4800 1459 4857 ut
1474 4785 1614 4858 habitus
1631 4790 1768 4883 aliquos
1784 4816 1962 4862 assumere
1984 4818 2065 4883 pos-

55 4899 120 4969 alia
136 4923 197 4970 res
214 4898 254 4968 in
269 4896 338 4969 isto
356 4898 549 4970 monstrari
564 4911 697 4988 potest,
722 4920 812 4990 quae
829 4897 1036 4968 nominetur
1088 4947 1293 4958 ---

54 5001 192 5073 castitas
207 5024 301 5096 quae
314 5001 360 5071 sit
373 5002 496 5074 virtus.
549 5002 736 5094 Utcunque
758 5012 876 5069 autern
893 4998 1035 5070 iuvatur
1120 5019 1167 5088 aa)
1183 5022 1270 5087 atax,
1289 5019 1376 5087 ortet,
1394 5021 1545 5072 Locrorum
1563 5021 1654 5090 rego,
1671 5023 1751 5076 attus.

54 5101 136 5177 haec
156 5103 407 5190 ratiocinatio,
444 5120 480 5175 et
504 5104 658 5175 assensio
679 5102 837 5173 bonitate
860 5115 1034 5194 tempera·
1120 5122 1166 5180 to)
1185 5122 1243 5170 troc
1271 5120 1386 5168 inurent
1409 5120 1546 5182 hyrenae.
1572 5118 1672 5203 ³577
1685 5120 1728 5172 oo.
1760 5123 1825 5204 ηρ
1843 5136 1882 5185 sq.
1915 5127 1941 5173 et
1974 5126 2062 5185 ouant.

1152 5188 1471 5321 tatf'tlft’tta
1488 5188 1681 5321 fot‘atttt
1693 5193 1810 5311 dat&
1823 5197 2063 5314 ›ill‘lfif'nl‘¹

1118 5360 1166 5420 17)
1181 5359 1260 5411 conr.
1278 5359 1334 5413 cte.
1358 5360 1392 5410 (to
1410 5361 1467 5410 nst.
1484 5361 1567 5411 Deor.
1580 5360 1616 5416 ΙΙ,
1633 5360 1678 5425 tto,
1697 5361 1771 5410 tot:
1803 5363 1887 5413 Nemo
1910 5364 1997 5428 tgttur
2021 5368 2065 5417 vtr

1150 5440 1266 5494 nemus
1284 5428 1346 5480 alno
1361 5429 1453 5493 atiquo
1469 5429 1563 5479 amatu
1581 5428 1675 5480 ovino
1691 5440 1808 5492 uuquam
1825 5431 1891 5481 fult.

53 5220 159 5278 menti
172 5208 213 5277 in
227 5206 452 5292 Alexandro,
479 5210 575 5301 quod
595 5233 670 5277 non
686 5204 793 5276 habet
816 5216 887 5274 tam
909 5206 1032 5298 rapida

81 5444 127 5502 u)
142 5442 224 5497 cont.
242 5443 316 5494 aaut.
333 5444 413 5494 Alex.
429 5456 454 5496 e.
465 5442 510 5495 21.
