4544 5766
122 206 171 282 83

391 204 593 278 SCRIPTA
617 203 693 277 PH.
719 190 831 277 Meu}
858 200 924 274 AD
948 190 1157 276 ETHlCEN
1182 198 1247 275 Er
1272 198 1528 277 POLl'llCEN
1554 200 1864 277 SPECTANTIA.

2089 202 2139 276 at

122 404 199 451 non
225 382 406 473 pertinent
436 380 481 448 ad
504 402 607 448 suum
633 377 807 461 officium,
840 379 897 447 vel
918 400 1010 472 quae
1029 392 1106 445 tien
1155 377 1267 447 nescit
1278 376 1385 448 mori.
1419 377 1700 448 Manetlibertas
1713 370 1963 470 voluntatis‘in
1978 390 2142 447 externo-

124 483 322 554 necessario
349 483 568 569 interrogare
597 481 719 563 debet,
744 493 784 549 ut
807 481 837 551 si
862 481 941 574 quis
964 504 1006 549 ex
1022 503 1106 570 pro-

124 587 234 655 babili
257 609 381 668 causa,
405 582 563 653 nesciens
580 594 768 673 cognatum
789 607 892 652 suum
909 584 1107 664 decessisse,¹

125 712 201 758 non
216 691 319 757 adeat
333 683 610 768 haereditatem,
636 686 666 755 is
681 708 757 754 non
774 687 905 754 amittit
920 687 975 755 ius
992 711 1107 756 suum.

127 786 226 860 Talis
243 802 294 859 est
310 790 406 880 apud
418 789 569 858 Paulum
586 789 788 880 ignorantia
805 795 949 870 cerrima
977 788 1039 881 qui
1056 788 1109 855 in-

127 893 190 962 scii
204 892 437 962 vescebantur
453 887 660 984 idolothytis
687 890 740 987 (1.
756 891 837 962 Cor.
857 894 923 974 10,
940 888 1002 964 25.
1017 888 1108 984 27.).

126 995 173 1063 Εῖ
192 995 283 1064 muti
304 1017 404 1065 casus
427 993 598 1078 citantur,
624 994 812 1086 ignoscunt
833 995 935 1064 enim¹
948 995 1041 1084 leges
1056 993 1110 1060 in-

126 1098 288 1166 firmitati
309 1091 507 1179 humanae,
531 1097 561 1168 si
587 1098 670 1167 dolo
696 1110 825 1167 careat.
877 1095 961 1165 ldeo
984 1109 1018 1164 et
1039 1095 1110 1165 Eu-

127 1200 261 1291 ripides
275 1201 313 1266 in
327 1199 522 1292 Hippolyte
531 1194 569 1292 *)
585 1199 718 1294 inquit:
746 1198 819 1291 Qui
833 1213 955 1292 peccat
969 1198 1110 1280 inscius,

129 1302 213 1370 dolo
229 1314 264 1369 et
278 1303 380 1393 culpa
396 1315 509 1371 vacat.
549 1300 633 1372 Fuit
649 1316 684 1370 et
697 1303 782 1370 lacti
795 1302 1009 1393 ignorantia,
1029 1326 1109 1370 cnm

128 1403 233 1474 lacob
261 1405 442 1495 ignoranti
471 1429 574 1473 soror
598 1428 748 1496 sponsae
775 1406 866 1475 data.
887 1417 939 1475 est
965 1404 1109 1500 (Genes.

129 1508 198 1591 29,
222 1508 283 1581 23.
305 1503 396 1603 25.).
446 1504 529 1575 ldco
559 1507 678 1576 minus
694 1504 984 1599 reprehenditur.
1035 1505 1112 1576 Etsi

130 1623 248 1681 autem
260 1610 513 1679 'iurisconsulti
533 1605 620 1678 haec
642 1611 815 1701 prolixius
832 1612 1033 1702 disputant,
1059 1621 1111 1677 ta-

129 1737 214 1780 men
229 1708 343 1781 abhis
360 1712 469 1781 initiis
486 1707 740 1804 philosophicis
756 1726 892 1782 caetera
910 1713 1111 1803 excidpunt.

129 1815 335 1884 Aristoteles
371 1827 493 1904 argute
527 1815 695 1883 discernit
723 1815 922 1886 affectatam
942 1816 1112 1906 ignoran-

130 1917 218 1986 tiam
242 1917 465 2008 aprobabili.
516 1915 707 2000 Different,
723 1917 853 2012 inquit,
877 1919 973 2012 quod
990 1928 1112 2009 peccat

132 2021 296 2112 ignarus,
323 2032 357 2087 et
379 2021 476 2111 quod
497 2033 663 2110 peccatur
684 2020 842 2116 propter!
858 2017 1111 2112 ignorantiam,

132 2121 327 2192 excusabile
359 2134 428 2203 cst,
458 2121 521 2190 ubi
542 2124 616 2190 sola
645 2123 847 2213 ignorantia
877 2123 986 2192 errati
1007 2146 1111 2192 causa

133 2237 200 2293 est:
229 2236 264 2293 at
281 2223 344 2292 ubi
359 2248 433 2291 nen
449 2224 671 2315 ignorantia,
697 2229 759 2294 sed
774 2238 896 2297 nostra
912 2226 1054 2316 ignavia
1072 2249 1112 2293 ac

133 2327 305 2419 cupiditas
320 2326 509 2418 praecipua
533 2327 642 2395 errati
657 2352 761 2398 causa
780 2342 851 2412 est,
878 2329 928 2397 ibi
944 2329 1112 2419 ignoran-

132 2431 182 2498 tia
207 2453 281 2498 non
307 2441 466 2511 excusat,
499 2441 539 2498 ut
561 2429 651 2497 ebrii
674 2444 840 2522 peccant,
866 2456 941 2500 non
965 2445 1113 2523 propter

133 2532 386 2623 ignorantiam,
407 2533 469 2600 sed
485 2528 700 2621 ignorantes,
714 2547 753 2625 get
768 2534 990 2624 ignorantiae
1010 2558 1112 2603 causa

133 2648 185 2704 est
204 2621 298 2705 mala
324 2637 508 2717 voluntas,
536 2659 626 2727 quae
649 2637 744 2704 ultro
761 2637 945 2707 accersivit
964 2637 1114 2705 ebrieta-

133 2751 216 2807 te'm.
274 2734 359 2805 ldeo
392 2736 599 2806 Aristoteles
627 2737 761 2831 inquit:
784 2738 900 2808 'Ebrii
929 2751 1114 2830 peccatum

134 2840 321 2931 dupliciter
337 2840 558 2930 puniendum
574 2860 659 2907 esse.
912 2848 916 2855 '

258 2995 360 3076 Quae
388 2988 568 3062 dicuntur
592 2991 802 3064 voluntaria
827 2992 997 3067 delicta?

237 3108 452 3178 Voluntaria
475 3109 566 3176 facta
590 3121 690 3191 sunt,
724 3109 763 3178 in
787 3112 915 3204 quibus
944 3127 980 3182 et
1002 3115 1116 3184 consi-

134 3212 239 3294 lium,
267 3223 302 3279 et
312 3211 423 3280 libera
442 3209 606 3279 veluntas
624 3207 823 3284 adhibetur.
869 3212 1114 3287 lnvoluntaria

135 3324 248 3398 sunt,
263 3339 344 3383 cum
370 3314 427 3381 vel
445 3312 630 3383 consilium
653 3339 728 3382 non
745 3312 952 3404 adhibetur,
979 3322 1036 3389 vel
1054 3347 1115 3390 vo-

135 3418 253 3487 luutas
275 3415 313 3483 vi
334 3411 566 3507 prohibetur,
592 3428 653 3485 aut
675 3420 871 3489 succumbit
890 3435 924 3490 et
940 3438 1062 3513 peccat
1077 3424 1115 3492 in

135 3543 174 3589 re
188 3519 412 3609 impossibili.
463 3517 600 3588 Eadem
618 3532 735 3589 autem
752 3521 902 3614 intelligi
916 3527 1047 3596 debent
1061 3526 1115 3595 in-

136 3622 360 3704 voluntaria,
387 3634 422 3689 ct
442 3621 619 3704 violenta,
643 3647 753 3713 quae,
779 3637 819 3694 ut
831 3626 1040 3699 Aristoteles
1061 3630 1115 3698 in-

136 3723 233 3816 quit,
257 3724 472 3793 extrinsecus
488 3718 622 3792 habent
635 3724 871 3817 principium,
898 3744 958 3815 ut,
983 3732 1013 3801 si
1036 3733 1114 3827 quis

135 3839 343 3918 tempestato
368 3828 413 3895 ad
437 3826 623 3918 scopulum
647 3827 802 3921 aliquem
831 3832 1010 3905 allidatur.
1059 3833 1114 3906 lta

136 3954 216 3998 cum
240 3953 382 4011 amore,
415 3929 489 4010 ira,
522 3930 625 4013 odio,
658 3943 756 4000 metu
782 3946 817 4001 et
835 3935 1008 4008 similibus
1030 3938 1114 4007 affe-

136 4032 248 4107 ctibus
264 4030 499 4123 impellimur,
526 4031 618 4100 actio
636 4056 711 4101 non
726 4035 855 4105 dicitur
872 4038 1113 4111 involuntaria

136 4147 198 4207 aut
221 4135 396 4218 violenta,
423 4146 458 4203 et
480 4147 572 4203 recte
600 4134 785 4217 dicuntde
809 4154 925 4223 metu,
955 4154 1114 4212 coactam

136 4238 357 4307 voluntatem
378 4251 498 4307 tamen
521 4261 594 4307 cssc
617 4237 848 4314 voluntatem.
901 4244 1021 4335 Quare
1044 4245 1114 4315 ius-

135 4338 326 4408 iurandum
342 4352 441 4408 metu
452 4351 653 4425 extortum,
678 4346 893 4416 servandum
910 4360 972 4418 est.
1020 4347 1112 4417 Nam

136 4441 301 4510 voluntas
326 4441 446 4512 multis
469 4442 608 4512 damnis
630 4444 839 4534 propositis,
864 4450 995 4531 retinet
1009 4449 1114 4520 liber·

135 4555 244 4611 tatem
266 4543 303 4612 in
320 4544 463 4612 delectu
487 4555 715 4615 externorum
741 4572 911 4638 operum,
938 4565 973 4620 et
997 4566 1114 4642 potest

1156 504 1237 550 rum
1254 503 1403 572 operum
1418 481 1567 565 delectu,
1582 483 1689 549 etiam
1704 480 1976 573 ubirepugnant
1985 481 2142 550 affectus.

1258 582 1465 652 Aristoteles
1497 595 1568 654 tres
1595 585 1725 672 gradus
1749 583 1888 674 posuit,
1921 582 2140 665 voluntaria,

1158 685 1314 754 violenta
1339 697 1374 753 et
1395 685 1517 755 mixta.
1576 684 1788 754 Voluntaria
1815 699 1939 770 vocat,
1966 710 2058 780 quae
2074 685 2142 754 veli-

1159 787 1273 878 gimus
1294 813 1333 856 re
1355 788 1567 870 deliberata,
1601 801 1637 856 et
1659 789 1818 857 volentes
1846 788 1921 876 sine
1945 788 2142 871 coactione,

1160 903 1194 958 et
1215 891 1291 959 sine
1311 903 1425 958 metu:
1460 902 1500 959 ut
1519 887 1649 960 Verres
1671 891 1794 960 volens
1818 890 1948 982 spoliat
1970 889 2142 962 Siciliam.

1160 992 1324 1062 Violenta
1355 1004 1456 1075 stant,
1489 1005 1529 1061 ut
1555 1004 1720 1084 stuprum
1751 1017 1896 1084 prorsus
1929 993 1964 1061 vi
1995 994 2147 1082 factum.

1160 1095 1272 1164 Mixta
1294 1106 1399 1163 vocat
1420 1094 1646 1179 Aristoteles,
1680 1120 1760 1164 cum
1780 1097 1964 1180 voluntas,
1991 1106 2031 1165 ut
2054 1096 2145 1165 vitet

1161 1199 1268 1267 aliam
1285 1197 1459 1266 maiorem
1480 1198 1700 1281 molestiam,
1727 1210 1865 1267 terrore
1880 1199 2054 1290 impulsa,
2082 1198 2145 1268 eli-

1162 1300 1212 1391 git
1225 1301 1415 1382 minorem,
1429 1312 1470 1369 ut
1485 1301 1547 1394 qui
1561 1301 1734 1392 praedoni
1749 1301 1927 1392 promittit
1942 1301 2145 1393 pecuniam,

1161 1429 1206 1472 ue
1222 1426 1350 1495 corpus
1375 1403 1547 1473 laedatur.
1590 1403 1694 1471 'Haec
1711 1404 1820 1472 mixta
1837 1417 1920 1474 sunt
1932 1405 2061 1497 reipsa
2080 1416 2146 1473 'vo-

1160 1505 1336 1589 luntaria,
1369 1507 1431 1574 scd
1452 1518 1573 1574 tamen
1595 1506 1765 1574 differunt
1794 1507 1926 1592 abiis,
1953 1531 2044 1601 quae
2066 1506 2145 1576 sine

1161 1610 1235 1678 ullo
1252 1622 1387 1677 terrore
1404 1608 1593 1698 eliguntur.
1640 1605 1723 1677 ldeo
1741 1608 1779 1677 in
1794 1604 1958 1700 hisleg'es
1973 1606 2165 1693 adhibent,

1163 1713 1320 1807 aliquam
1343 1711 1645 1797 moderationem,
1670 1723 1727 1781 ut:
1752 1711 1834 1781 Non
1852 1712 1941 1780 dant
1954 1713 2134 1782 actionem

1163 1814 1363 1906 petentibus
1378 1814 1553 1905 promissa
1568 1825 1831 1884 metu'cxtorta.

1263 1916 1506 1985 Recenscntur
1529 1928 1564 1985 et
1580 1916 1640 1984 alii
1656 1918 1785 2007 gradus
1798 1917 2028 2001 delictorum,
2053 1942 2148 2013 quos

1163 2020 1361 2088 discernere
1379 2031 1430 2087 est
1444 2019 1548 2103 utile,
1575 2020 1697 2103 dolus,
1722 2021 1794 2088 lata
1816 2020 1937 2111 culpa,
1962 2018 2070 2103 levis,
2095 2021 2147 2090 le-

1163 2122 1326 2205 vissima,
1360 2146 1460 2191 casus
1487 2122 1664 2191 fortuitus.
1716 2123 1767 2191 Ut
1797 2122 1893 2190 enim
1918 2146 2000 2191 vera
2031 2123 2148 2193 virtus

1164 2237 1249 2294 tunc
1273 2237 1342 2307 est,
1369 2249 1448 2293 cum
1472 2220 1685 2293 adhibentur
1709 2237 1844 2294 rectum
1861 2224 2031 2295 iudicium
2053 2238 2089 2295 et
2103 2225 2149 2293 li-

1163 2328 1248 2395 bera
1276 2328 1461 2411 voluntas,
1496 2339 1592 2396 recto
1616 2327 1748 2397 iudicio
1773 2329 2032 2419 obtemperant.
2091 2327 2149 2397 lta

1164 2455 1322 2499 summus
1344 2431 1474 2520 gradus
1497 2429 1726 2515 delictorum,
1760 2455 1840 2499 cum
1863 2431 2024 2500 consulte
2048 2445 2083 2500 et
2103 2431 2152 2499 li-

1164 2534 1249 2601 bera
1272 2533 1454 2601 voluntate
1471 2545 1651 2622 peccatur.
1701 2533 1846 2626 Reliqui
1861 2558 1960 2603 casus
1974 2545 2057 2602 sunt
2072 2534 2156 2602 lata·

1167 2635 1288 2726 culpa,
1313 2646 1491 2729 quaeest,
1516 2660 1593 2704 cum
1618 2635 1838 2729 delinquitur
1860 2637 2021 2704 affectata
2044 2635 2152 2726 igno·

1166 2738 1302 2820 rantia,
1334 2749 1396 2805 aut
1419 2734 1577 2805 affectata
1600 2738 1830 2828 negligentia,
1856 2751 1897 2809 ut
1920 2739 1948 2808 si
1974 2739 2012 2807 in
2035 2741 2151 2832 depe·

1167 2841 1234 2909 sito
1261 2839 1490 2908 custodiendo
1514 2864 1588 2908 non
1611 2853 1767 2931 praestat
1782 2841 1909 2935 aliquis
1926 2841 2148 2910 mediocrem

1168 2941 1407 3032 diligentiam,
1435 2942 1575 3035 qualem
1598 2942 1637 3010 in
1653 2943 1725 3012 suis
1740 2957 1914 3035 praestat,
1941 2956 2003 3012 aut
2019 2943 2049 3014 si
2066 2945 2149 3039 quis

1168 3045 1205 3112 in
1229 3044 1344 3113 officio
1373 3070 1437 3113 suo
1466 3068 1506 3112 ea
1530 3044 1693 3135 negligit,
1726 3058 1883 3115 autnon
1908 3060 2025 3130 curat,
2054 3070 2150 3141 quae

1167 3148 1281 3216 solent
1302 3147 1539 3216 communiter
1561 3148 1661 3230 sciri,
1688 3161 1750 3217 aut
1771 3150 1887 3218 curari
1915 3172 1934 3216 a
1956 3149 2148 3218 mediocri-

1166 3252 1243 3319 bus.
1299 3249 1363 3318 Est
1385 3261 1502 3319 autem
1526 3249 1640 3317 vicina
1663 3251 1765 3335 dolo,
1800 3252 1870 3319 lata
1892 3252 2014 3342 culpa,
2048 3252 2147 3347 quia,

1165 3364 1326 3442 utsupra
1345 3351 1477 3422 dictum
1502 3365 1573 3435 est,
1600 3353 1759 3422 affectata
1777 3354 1988 3445 negligentia
2006 3355 2144 3424 malitia

1167 3467 1237 3537 est,
1270 3467 1310 3524 ut
1340 3455 1457 3548 iuquit
1478 3455 1695 3525 Aristoteles.
1751 3456 1848 3525 Utile
1871 3469 1922 3526 est
1942 3457 2147 3529 meminisse

1164 3559 1297 3648 legem:
1316 3558 1538 3650 quodNerva
1554 3559 1591 3625 in
1601 3555 1753 3650 Digestis
1766 3560 1804 3628 in
1814 3559 1916 3628 titulo
1932 3556 2146 3656 Depositi*),

1165 3657 1331 3729 hortatur
1356 3660 1451 3730 enim
1478 3684 1545 3728 nos
1572 3662 1617 3728 ad
1641 3661 1882 3751 diligentiam,
1914 3672 1949 3730 et
1976 3664 2146 3747 ostendit,

1166 3763 1279 3856 qualis
1295 3762 1507 3854 negligentia
1522 3763 1678 3832 maxime
1694 3763 1991 3855 vituperationem
2006 3788 2148 3834 merea-

1166 3880 1236 3936 tur.
1261 3864 1377 3933 Verba
1391 3860 1478 3933 ha'ec
1492 3877 1591 3935 sunt:
1609 3866 1716 3957 Quod
1727 3866 1845 3936 Nerva
1861 3862 2079 3962 dicebat**):
2094 3864 2154 3938 la-'·

1166 3968 1294 4037 tiorem
1318 3968 1458 4058 culpam
1476 3968 1598 4037 dolum
1623 3994 1715 4053 esse,
1741 3969 1896 4038 Proculo
1913 3968 2145 4067 displicetss),

1164 4066 1254 4138 mihi
1273 4070 1496 4140 verissimum
1512 4072 1663 4139 videtur.
1713 4069 1805 4140 Nam
1822 4084 1856 4140 et
1870 4073 1899 4141 si
1913 4072 1992 4166 quis
2006 4096 2081 4141 non
2100 4076 2155 4165 ad'

1165 4197 1246 4241 eum
1273 4173 1443 4257 modum,
1470 4198 1574 4266 quem
1598 4168 1785 4242 hominum
1806 4186 1932 4243 natura
1956 4175 2148 4262 desiderat,

1165 4275 1314 4366 diligens
1335 4288 1407 4359 est,
1433 4276 1502 4344 nisi
1517 4286 1638 4343 tamen
1660 4277 1706 4342 ad
1726 4301 1828 4345 suum
1852 4279 2000 4347 modum
2022 4302 2149 4349 curam

1164 4378 1203 4445 in
1218 4377 1379 4469 deposito
1396 4390 1570 4470 praestat,
1588 4378 1713 4446 fraude
1730 4402 1805 4447 non
1820 4393 1926 4450 caret.
1957 4380 2032 4452 Nec
2047 4381 2154 4452 enim·-

1164 4481 1261 4550 salva
1284 4482 1353 4550 fide
1373 4482 1550 4550 minorem
1575 4478 1638 4562 iis,
1666 4505 1773 4573 quam
1789 4483 1860 4552 suis
1873 4482 1979 4553 rebus
1996 4484 2149 4574 diligen·

1164 4583 1251 4652 tiam
1273 4584 1476 4675 praestabit.
1526 4580 1776 4674 Levis'culpa,
1801 4598 1835 4653 et
1857 4585 2032 4655 levissima
2050 4586 2147 4657 infra

135 4645 204 4716 alia
227 4658 370 4734 externa
387 4668 496 4738 opera
520 4644 599 4715 aliis
613 4649 807 4735 anteferre,
833 4667 873 4724 ut
888 4655 927 4723 in
941 4655 1036 4724 iactu
1050 4681 1114 4725 na·
1164 4682 1259 4756 hunc
1290 4688 1439 4778 gradum
1467 4698 1570 4768 sum,
1602 4687 1700 4756 deest
1728 4687 1822 4755 enim
1843 4688 2008 4760 voluntas
2032 4688 2148 4761 degn„

134 4749 279 4840 vigans,
305 4749 417 4839 magis
437 4748 669 4835 vultjmerccs
692 4753 873 4841 amittere,
899 4783 1007 4852 quam
1025 4782 1113 4829 nau-

133 4851 287 4941 [regium
302 4851 429 4923 facere.
480 4849 539 4931 Sip
553 4849 646 4921 inter
667 4858 865 4944 praedones
889 4875 1011 4954 captus
1037 4887 1113 4930 ma-

134 5056 251 5126 culum
275 5058 462 5128 adducere.
513 5057 622 5148 Recte
644 5058 752 5151 igitur
773 5062 935 5136 Herculis
958 5068 1112 5136 coniunx

133 5161 179 5244 ad
195 5158 428 5254 Tyrannum,
455 5161 518 5254 qui
539 5161 698 5233 minatur
718 5188 755 5233 se
776 5179 982 5240 coacturum
998 5169 1110 5262 ipsam

132 5264 179 5331 ad
200 5260 288 5332 alias
308 5264 469 5366 nrrptias,
494 5265 680 5356 respondit
695 5265 773 5337 illa:
801 5267 890 5361 Cogi
906 5271 968 5366 qui
983 5285 1111 5365 potest,

138 5385 344 5400 ...η-α

166 5430 199 5487 *t
216 5433 312 5495 uuna.
327 5429 436 5497 lttppot.
453 5444 481 5483 r.
500 5430 576 5487 ¹8⁸4.
595 5432 669 5484 1335.

1164 4787 1316 4882 qucndi,
1342 4813 1407 4858 nec
1423 4788 1558 4858 accedit
1579 4788 1740 4857 affectata
1757 4790 1989 4882 negligentia,
2013 4789 2088 4861 imo
2105 4795 2147 4863 lit

1163 4889 1352 4961 mediocris
1375 4890 1576 4982 diligentia,
1603 4915 1694 4984 quae
1709 4903 1830 4962 tamen
1852 4892 1981 4963 alicubi
1995 4893 2148 4980 fallitur,

133 4954 211 5022 ΝΠ
226 4978 413 5045 Pecussfflffl
434 4967 662 5044 Pf⁰m¹l¹0f⁰³
689 4982 796 5049 ‘luam
822 4987 950 5055 c⁰fP¹¹s
969 4965 1006 5033 5¹¹
1020 4964 1113 5056 Peri·
1163 4992 1201 5061 in
1232 4994 1496 5064 circumstantia
1528 4993 1659 5087 aliqua.
1717 4992 1828 5066 Casus
1858 4994 2026 5066 fortuitus
2059 5022 2146 5069 vere

1196 5161 1228 5228 ¹¹¹)
1246 5161 1352 5225 Digest.
1370 5159 1445 5210 xvi.
1469 5160 1511 5210 ttt.
1530 5159 1556 5210 θ.
1579 5159 1634 5223 leg.
1657 5156 1700 5209 ³2.
1724 5158 1823 5224 (corp.
1847 5160 1900 5212 tur.
1923 5160 1976 5213 etv.
2001 5159 2044 5214 ed.
2069 5163 2146 5215 Beck

1193 5230 1294 5357 asili
1310 5228 1435 5363 digiti}
1447 5230 1564 5347 ididia

1194 5366 1243 5433 24)
1261 5368 1400 5429 displicet]
1418 5367 1460 5416 sio
1476 5366 1525 5417 Ed.
1546 5364 1618 5418 1546.
1628 5378 1638 5431 ;
1654 5365 1704 5416 Ed.
1724 5366 1798 5420 teto.
1816 5367 1969 5433 displiceat.
1988 5394 2022 5408 -
2040 5364 2073 5416 ln
2092 5366 2144 5417 Di·
2173 5368 2188 5401 Ι

1230 5440 1318 5500 gest:
1336 5435 1508 5500 displicebat.
