<?xml version="1.0" encoding="UTF-8"?>
<!DOCTYPE html PUBLIC "-//W3C//DTD XHTML 1.0 Transitional//EN"
    "http://www.w3.org/TR/xhtml1/DTD/xhtml1-transitional.dtd">
<html xmlns="http://www.w3.org/1999/xhtml" xml:lang="en" lang="en">
 <head>
  <title>
</title>
<meta http-equiv="Content-Type" content="text/html;charset=utf-8" />
  <meta name='ocr-system' content='tesseract 3.04.00' />
  <meta name='ocr-capabilities' content='ocr_page ocr_carea ocr_par ocr_line ocrx_word'/>
</head>
<body>
  <div class='ocr_page' id='page_1' title='image "./corpusreformato12melagoog/corpusreformato12melagoog_0155.png"; bbox 0 0 4544 5766; ppageno 0'>
   <div class='ocr_carea' id='block_1_1' title="bbox 192 197 268 276">
    <p class='ocr_par' dir='ltr' id='par_1_1' title="bbox 192 197 268 276">
     <span class='ocr_line' id='line_1_1' title="bbox 192 197 268 276; baseline -0.092 -1"><span class='ocrx_word' id='word_1_1' title='bbox 192 197 268 276; x_wconf 81' lang='lat'>279</span> 
     </span>
    </p>
   </div>
   <div class='ocr_carea' id='block_1_2' title="bbox 193 367 1184 646">
    <p class='ocr_par' dir='ltr' id='par_1_2' title="bbox 193 367 1184 646">
     <span class='ocr_line' id='line_1_2' title="bbox 193 367 1182 461; baseline -0.004 -21"><span class='ocrx_word' id='word_1_2' title='bbox 193 367 261 440; x_wconf 88' lang='lat' dir='ltr'>hae</span> <span class='ocrx_word' id='word_1_3' title='bbox 283 367 540 460; x_wconf 75' lang='lat' dir='ltr'><strong>disputationes</strong></span> <span class='ocrx_word' id='word_1_4' title='bbox 561 380 731 458; x_wconf 76' lang='lat' dir='ltr'>prosunt,</span> <span class='ocrx_word' id='word_1_5' title='bbox 764 392 855 461; x_wconf 88' lang='lat' dir='ltr'>quae</span> <span class='ocrx_word' id='word_1_6' title='bbox 870 393 935 459; x_wconf 94' lang='lat' dir='ltr'>per</span> <span class='ocrx_word' id='word_1_7' title='bbox 951 368 1051 459; x_wconf 89' lang='lat' dir='ltr'>signa</span> <span class='ocrx_word' id='word_1_8' title='bbox 1071 380 1105 437; x_wconf 90' lang='lat' dir='ltr'>et</span> <span class='ocrx_word' id='word_1_9' title='bbox 1122 369 1182 436; x_wconf 90' lang='lat' dir='ltr'>de-</span> 
     </span>
     <span class='ocr_line' id='line_1_3' title="bbox 194 470 1184 562; baseline -0.004 -20"><span class='ocrx_word' id='word_1_10' title='bbox 194 473 471 542; x_wconf 85' lang='lat' dir='ltr'>monstrationes</span> <span class='ocrx_word' id='word_1_11' title='bbox 489 470 660 560; x_wconf 89' lang='lat' dir='ltr'>colligunt</span> <span class='ocrx_word' id='word_1_12' title='bbox 672 473 766 562; x_wconf 86' lang='lat' dir='ltr'>leges</span> <span class='ocrx_word' id='word_1_13' title='bbox 779 484 943 554; x_wconf 88' lang='lat' dir='ltr'>naturae,</span> <span class='ocrx_word' id='word_1_14' title='bbox 968 483 1002 540; x_wconf 90' lang='lat' dir='ltr'>et</span> <span class='ocrx_word' id='word_1_15' title='bbox 1019 471 1184 540; x_wconf 83' lang='lat' dir='ltr'>ordinem</span> 
     </span>
     <span class='ocr_line' id='line_1_4' title="bbox 195 587 409 646; baseline -0.019 0"><span class='ocrx_word' id='word_1_16' title='bbox 195 587 409 646; x_wconf 90' lang='lat' dir='ltr'>monstrant.</span> 
     </span>
    </p>
   </div>
   <div class='ocr_carea' id='block_1_3' title="bbox 607 704 774 775">
    <p class='ocr_par' dir='ltr' id='par_1_3' title="bbox 607 704 774 775">
     <span class='ocr_line' id='line_1_5' title="bbox 607 704 774 775; baseline 0.006 -1"><span class='ocrx_word' id='word_1_17' title='bbox 607 704 774 775; x_wconf 91' lang='lat' dir='ltr'>Tertia.</span> 
     </span>
    </p>
   </div>
   <div class='ocr_carea' id='block_1_4' title="bbox 197 827 1186 1130">
    <p class='ocr_par' dir='ltr' id='par_1_4' title="bbox 197 827 1186 1130">
     <span class='ocr_line' id='line_1_6' title="bbox 299 827 1186 918; baseline -0.007 -18"><span class='ocrx_word' id='word_1_18' title='bbox 299 830 388 900; x_wconf 93' lang='lat' dir='ltr'>Cum</span> <span class='ocrx_word' id='word_1_19' title='bbox 413 831 498 899; x_wconf 87' lang='lat' dir='ltr'>velit</span> <span class='ocrx_word' id='word_1_20' title='bbox 521 829 618 898; x_wconf 87' lang='lat' dir='ltr'>Deus</span> <span class='ocrx_word' id='word_1_21' title='bbox 639 827 774 917; x_wconf 85' lang='lat' dir='ltr'>legibus</span> <span class='ocrx_word' id='word_1_22' title='bbox 803 830 1077 917; x_wconf 76' lang='lat' dir='ltr'>magistratuum</span> <span class='ocrx_word' id='word_1_23' title='bbox 1109 827 1186 918; x_wconf 86' lang='lat' dir='ltr'>regi</span> 
     </span>
     <span class='ocr_line' id='line_1_7' title="bbox 197 926 1185 1023; baseline -0.004 -22"><span class='ocrx_word' id='word_1_24' title='bbox 197 933 316 1002; x_wconf 90' lang='lat' dir='ltr'>civiles</span> <span class='ocrx_word' id='word_1_25' title='bbox 340 958 477 1015; x_wconf 90' lang='lat' dir='ltr'>mores,</span> <span class='ocrx_word' id='word_1_26' title='bbox 512 933 620 1001; x_wconf 90' lang='lat' dir='ltr'>etiarn</span> <span class='ocrx_word' id='word_1_27' title='bbox 648 926 741 998; x_wconf 91' lang='lat' dir='ltr'>hanc</span> <span class='ocrx_word' id='word_1_28' title='bbox 772 932 972 1001; x_wconf 73' lang='lat' dir='ltr'>doctrinam</span> <span class='ocrx_word' id='word_1_29' title='bbox 995 931 1185 1023; x_wconf 84' lang='lat' dir='ltr'>approbat,</span> 
     </span>
     <span class='ocr_line' id='line_1_8' title="bbox 197 1037 598 1130; baseline 0 -25"><span class='ocrx_word' id='word_1_30' title='bbox 197 1062 288 1130; x_wconf 90' lang='lat' dir='ltr'>quae</span> <span class='ocrx_word' id='word_1_31' title='bbox 303 1037 421 1126; x_wconf 88' lang='lat' dir='ltr'>legum</span> <span class='ocrx_word' id='word_1_32' title='bbox 437 1038 517 1104; x_wconf 85' lang='lat' dir='ltr'>lons</span> <span class='ocrx_word' id='word_1_33' title='bbox 536 1048 598 1105; x_wconf 90' lang='lat' dir='ltr'>est.</span> 
     </span>
    </p>
   </div>
   <div class='ocr_carea' id='block_1_5' title="bbox 594 1170 782 1264">
    <p class='ocr_par' dir='ltr' id='par_1_5' title="bbox 594 1170 782 1264">
     <span class='ocr_line' id='line_1_9' title="bbox 594 1170 782 1264; baseline -0.005 -25"><span class='ocrx_word' id='word_1_34' title='bbox 594 1170 782 1264; x_wconf 85' lang='lat' dir='ltr'>Quarta.</span> 
     </span>
    </p>
   </div>
   <div class='ocr_carea' id='block_1_6' title="bbox 199 1283 1187 1479">
    <p class='ocr_par' dir='ltr' id='par_1_6' title="bbox 199 1283 1187 1479">
     <span class='ocr_line' id='line_1_10' title="bbox 302 1283 1187 1360; baseline -0.01 0"><span class='ocrx_word' id='word_1_35' title='bbox 302 1291 391 1360; x_wconf 89' lang='lat' dir='ltr'>Cum</span> <span class='ocrx_word' id='word_1_36' title='bbox 408 1290 549 1360; x_wconf 90' lang='lat' dir='ltr'>discunt</span> <span class='ocrx_word' id='word_1_37' title='bbox 563 1286 726 1357; x_wconf 88' lang='lat' dir='ltr'>homines</span> <span class='ocrx_word' id='word_1_38' title='bbox 744 1287 883 1356; x_wconf 92' lang='lat' dir='ltr'>erudita</span> <span class='ocrx_word' id='word_1_39' title='bbox 903 1287 1043 1356; x_wconf 87' lang='lat' dir='ltr'>ratione</span> <span class='ocrx_word' id='word_1_40' title='bbox 1066 1283 1187 1355; x_wconf 90' lang='lat' dir='ltr'>metiri</span> 
     </span>
     <span class='ocr_line' id='line_1_11' title="bbox 199 1392 769 1479; baseline -0.002 -18"><span class='ocrx_word' id='word_1_41' title='bbox 199 1393 333 1479; x_wconf 82' lang='lat' dir='ltr'>officia,</span> <span class='ocrx_word' id='word_1_42' title='bbox 359 1396 450 1463; x_wconf 86' lang='lat' dir='ltr'>liunt</span> <span class='ocrx_word' id='word_1_43' title='bbox 464 1417 582 1462; x_wconf 92' lang='lat' dir='ltr'>mores</span> <span class='ocrx_word' id='word_1_44' title='bbox 598 1392 769 1460; x_wconf 84' lang='lat' dir='ltr'>mitiores.</span> 
     </span>
    </p>
   </div>
   <div class='ocr_carea' id='block_1_7' title="bbox 299 1529 1113 1742">
    <p class='ocr_par' dir='ltr' id='par_1_7' title="bbox 299 1529 1113 1742">
     <span class='ocr_line' id='line_1_12' title="bbox 605 1529 784 1622; baseline -0.022 -23"><span class='ocrx_word' id='word_1_45' title='bbox 605 1529 784 1622; x_wconf 86' lang='lat' dir='ltr'>Quinta.</span> 
     </span>
     <span class='ocr_line' id='line_1_13' title="bbox 299 1640 1113 1742; baseline -0.005 -24"><span class='ocrx_word' id='word_1_46' title='bbox 299 1649 376 1719; x_wconf 89' lang='lat' dir='ltr'>Hac</span> <span class='ocrx_word' id='word_1_47' title='bbox 391 1651 648 1742; x_wconf 83' lang='lat' dir='ltr'>disputationes</span> <span class='ocrx_word' id='word_1_48' title='bbox 664 1659 747 1717; x_wconf 87' lang='lat' dir='ltr'>sunt</span> <span class='ocrx_word' id='word_1_49' title='bbox 764 1644 924 1736; x_wconf 77' lang='lat' dir='ltr'>exempla</span> <span class='ocrx_word' id='word_1_50' title='bbox 941 1640 1113 1715; x_wconf 85' lang='lat' dir='ltr'>methodi.</span> 
     </span>
    </p>
   </div>
   <div class='ocr_carea' id='block_1_8' title="bbox 619 1783 764 1852">
    <p class='ocr_par' dir='ltr' id='par_1_8' title="bbox 619 1783 764 1852">
     <span class='ocr_line' id='line_1_14' title="bbox 619 1783 764 1852; baseline -0.014 0"><span class='ocrx_word' id='word_1_51' title='bbox 619 1783 764 1852; x_wconf 83' lang='lat' dir='ltr'>Sexta.</span> 
     </span>
    </p>
   </div>
   <div class='ocr_carea' id='block_1_9' title="bbox 198 1897 1187 2612">
    <p class='ocr_par' dir='ltr' id='par_1_9' title="bbox 198 1897 1187 2612">
     <span class='ocr_line' id='line_1_15' title="bbox 300 1897 1186 1990; baseline -0.011 -18"><span class='ocrx_word' id='word_1_52' title='bbox 300 1903 421 1972; x_wconf 89' lang='lat' dir='ltr'>Etiam</span> <span class='ocrx_word' id='word_1_53' title='bbox 437 1903 474 1970; x_wconf 90' lang='lat' dir='ltr'>in</span> <span class='ocrx_word' id='word_1_54' title='bbox 490 1900 646 1970; x_wconf 87' lang='lat' dir='ltr'>Ecclesia</span> <span class='ocrx_word' id='word_1_55' title='bbox 662 1901 700 1969; x_wconf 91' lang='lat' dir='ltr'>in</span> <span class='ocrx_word' id='word_1_56' title='bbox 714 1897 1015 1990; x_wconf 85' lang='lat' dir='ltr'>disputationibus</span> <span class='ocrx_word' id='word_1_57' title='bbox 1036 1900 1078 1965; x_wconf 91' lang='lat' dir='ltr'>de</span> <span class='ocrx_word' id='word_1_58' title='bbox 1102 1897 1186 1965; x_wconf 81' lang='lat' dir='ltr'>ciri-</span> 
     </span>
     <span class='ocr_line' id='line_1_16' title="bbox 198 1996 1187 2087; baseline -0.008 -11"><span class='ocrx_word' id='word_1_59' title='bbox 198 2008 292 2077; x_wconf 91' lang='lat' dir='ltr'>libus</span> <span class='ocrx_word' id='word_1_60' title='bbox 306 2005 429 2075; x_wconf 87' lang='lat' dir='ltr'>officiis</span> <span class='ocrx_word' id='word_1_61' title='bbox 446 2017 481 2072; x_wconf 91' lang='lat' dir='ltr'>et</span> <span class='ocrx_word' id='word_1_62' title='bbox 495 2004 674 2087; x_wconf 90' lang='lat' dir='ltr'>moribus,</span> <span class='ocrx_word' id='word_1_63' title='bbox 701 2004 813 2071; x_wconf 87' lang='lat' dir='ltr'>multa</span> <span class='ocrx_word' id='word_1_64' title='bbox 837 2013 1027 2071; x_wconf 91' lang='lat' dir='ltr'>sumuntur</span> <span class='ocrx_word' id='word_1_65' title='bbox 1054 2025 1096 2069; x_wconf 80' lang='lat' dir='ltr'>ex</span> <span class='ocrx_word' id='word_1_66' title='bbox 1120 1996 1187 2068; x_wconf 90' lang='lat' dir='ltr'>hac</span> 
     </span>
     <span class='ocr_line' id='line_1_17' title="bbox 199 2104 1186 2196; baseline -0.006 -19"><span class='ocrx_word' id='word_1_67' title='bbox 199 2108 381 2189; x_wconf 87' lang='lat' dir='ltr'>doctrina,</span> <span class='ocrx_word' id='word_1_68' title='bbox 408 2106 572 2175; x_wconf 91' lang='lat' dir='ltr'>videlicet</span> <span class='ocrx_word' id='word_1_69' title='bbox 593 2132 640 2176; x_wconf 89' lang='lat' dir='ltr'>ex</span> <span class='ocrx_word' id='word_1_70' title='bbox 662 2109 737 2196; x_wconf 90' lang='lat' dir='ltr'>lege</span> <span class='ocrx_word' id='word_1_71' title='bbox 758 2117 927 2186; x_wconf 91' lang='lat' dir='ltr'>naturae,</span> <span class='ocrx_word' id='word_1_72' title='bbox 954 2116 1012 2187; x_wconf 91' lang='lat' dir='ltr'>ut,</span> <span class='ocrx_word' id='word_1_73' title='bbox 1039 2129 1120 2173; x_wconf 90' lang='lat' dir='ltr'>curn</span> <span class='ocrx_word' id='word_1_74' title='bbox 1144 2104 1186 2171; x_wconf 93' lang='lat' dir='ltr'>dc</span> 
     </span>
     <span class='ocr_line' id='line_1_18' title="bbox 200 2207 1187 2298; baseline -0.006 -18"><span class='ocrx_word' id='word_1_75' title='bbox 200 2210 461 2294; x_wconf 89' lang='lat' dir='ltr'>contractibus,</span> <span class='ocrx_word' id='word_1_76' title='bbox 488 2213 531 2278; x_wconf 93' lang='lat' dir='ltr'>de</span> <span class='ocrx_word' id='word_1_77' title='bbox 550 2209 672 2278; x_wconf 86' lang='lat' dir='ltr'>officiis</span> <span class='ocrx_word' id='word_1_78' title='bbox 690 2209 983 2298; x_wconf 85' lang='lat' dir='ltr'>magistratuum,</span> <span class='ocrx_word' id='word_1_79' title='bbox 1009 2209 1053 2274; x_wconf 95' lang='lat' dir='ltr'>de</span> <span class='ocrx_word' id='word_1_80' title='bbox 1076 2207 1187 2275; x_wconf 87' lang='lat' dir='ltr'>virtu-</span> 
     </span>
     <span class='ocr_line' id='line_1_19' title="bbox 200 2305 1186 2406; baseline -0.005 -23"><span class='ocrx_word' id='word_1_81' title='bbox 200 2315 294 2383; x_wconf 91' lang='lat' dir='ltr'>tibus</span> <span class='ocrx_word' id='word_1_82' title='bbox 325 2312 524 2406; x_wconf 82' lang='lat' dir='ltr'>plerisque,</span> <span class='ocrx_word' id='word_1_83' title='bbox 559 2314 602 2380; x_wconf 95' lang='lat' dir='ltr'>de</span> <span class='ocrx_word' id='word_1_84' title='bbox 631 2312 767 2402; x_wconf 85' lang='lat' dir='ltr'>legibus</span> <span class='ocrx_word' id='word_1_85' title='bbox 796 2305 962 2378; x_wconf 90' lang='lat' dir='ltr'>humanis</span> <span class='ocrx_word' id='word_1_86' title='bbox 992 2308 1186 2378; x_wconf 87' lang='lat' dir='ltr'>disseritur.</span> 
     </span>
     <span class='ocr_line' id='line_1_20' title="bbox 198 2412 1187 2505; baseline -0.003 -19"><span class='ocrx_word' id='word_1_87' title='bbox 198 2414 246 2486; x_wconf 89' lang='lat' dir='ltr'>Et</span> <span class='ocrx_word' id='word_1_88' title='bbox 260 2415 389 2484; x_wconf 92' lang='lat' dir='ltr'>maiori</span> <span class='ocrx_word' id='word_1_89' title='bbox 406 2415 613 2483; x_wconf 79' lang='lat' dir='ltr'>dexteritate</span> <span class='ocrx_word' id='word_1_90' title='bbox 629 2415 803 2505; x_wconf 81' lang='lat' dir='ltr'>explicare</span> <span class='ocrx_word' id='word_1_91' title='bbox 821 2413 907 2482; x_wconf 91' lang='lat' dir='ltr'>tales</span> <span class='ocrx_word' id='word_1_92' title='bbox 922 2412 1091 2481; x_wconf 88' lang='lat' dir='ltr'>materias</span> <span class='ocrx_word' id='word_1_93' title='bbox 1106 2439 1187 2504; x_wconf 90' lang='lat' dir='ltr'>pos-</span> 
     </span>
     <span class='ocr_line' id='line_1_21' title="bbox 199 2510 1161 2612; baseline -0.002 -23"><span class='ocrx_word' id='word_1_94' title='bbox 199 2532 301 2602; x_wconf 86' lang='lat' dir='ltr'>sunt,</span> <span class='ocrx_word' id='word_1_95' title='bbox 327 2518 391 2612; x_wconf 89' lang='lat' dir='ltr'>qui</span> <span class='ocrx_word' id='word_1_96' title='bbox 407 2517 669 2589; x_wconf 79' lang='lat' dir='ltr'>recte‘instituti</span> <span class='ocrx_word' id='word_1_97' title='bbox 684 2529 767 2587; x_wconf 90' lang='lat' dir='ltr'>sunt</span> <span class='ocrx_word' id='word_1_98' title='bbox 782 2515 821 2582; x_wconf 92' lang='lat' dir='ltr'>in</span> <span class='ocrx_word' id='word_1_99' title='bbox 837 2510 903 2583; x_wconf 93' lang='lat' dir='ltr'>hac</span> <span class='ocrx_word' id='word_1_100' title='bbox 919 2511 1161 2608; x_wconf 89' lang='lat' dir='ltr'>philosophia.</span> 
     </span>
    </p>
   </div>
   <div class='ocr_carea' id='block_1_10' title="bbox 298 2652 1187 2855">
    <p class='ocr_par' dir='ltr' id='par_1_10' title="bbox 298 2652 1187 2855">
     <span class='ocr_line' id='line_1_22' title="bbox 587 2652 799 2744; baseline -0.009 -21"><span class='ocrx_word' id='word_1_101' title='bbox 587 2652 799 2744; x_wconf 90' lang='lat' dir='ltr'>Septima.</span> 
     </span>
     <span class='ocr_line' id='line_1_23' title="bbox 298 2770 1187 2855; baseline -0.008 -10"><span class='ocrx_word' id='word_1_102' title='bbox 298 2774 501 2845; x_wconf 86' lang='lat' dir='ltr'>Plurimum</span> <span class='ocrx_word' id='word_1_103' title='bbox 518 2775 627 2843; x_wconf 88' lang='lat' dir='ltr'>relert</span> <span class='ocrx_word' id='word_1_104' title='bbox 643 2786 763 2841; x_wconf 92' lang='lat' dir='ltr'>tenere</span> <span class='ocrx_word' id='word_1_105' title='bbox 780 2770 984 2839; x_wconf 89' lang='lat' dir='ltr'>discrimina</span> <span class='ocrx_word' id='word_1_106' title='bbox 1002 2770 1187 2855; x_wconf 71' lang='lat' dir='ltr'>rirtutnm,</span> 
     </span>
    </p>
   </div>
   <div class='ocr_carea' id='block_1_11' title="bbox 196 2872 1187 3051">
    <p class='ocr_par' dir='ltr' id='par_1_11' title="bbox 196 2872 1187 3051">
     <span class='ocr_line' id='line_1_24' title="bbox 198 2872 1187 2967; baseline -0.004 -21"><span class='ocrx_word' id='word_1_107' title='bbox 198 2879 411 2960; x_wconf 85' lang='lat' dir='ltr'>affectuum,</span> <span class='ocrx_word' id='word_1_108' title='bbox 463 2887 849 2967; x_wconf 87' lang='lat' dir='ltr'>temperamentorum,</span> <span class='ocrx_word' id='word_1_109' title='bbox 901 2872 1187 2959; x_wconf 87' lang='lat' dir='ltr'>inclinationum,</span> 
     </span>
     <span class='ocr_line' id='line_1_25' title="bbox 196 2976 396 3051; baseline 0.005 -1"><span class='ocrx_word' id='word_1_110' title='bbox 196 2976 396 3051; x_wconf 90' lang='lat' dir='ltr'>habituum.</span> 
     </span>
    </p>
   </div>
   <div class='ocr_carea' id='block_1_12' title="bbox 298 3096 1187 3319">
    <p class='ocr_par' dir='ltr' id='par_1_12' title="bbox 298 3096 1187 3319">
     <span class='ocr_line' id='line_1_26' title="bbox 603 3096 788 3178; baseline -0.011 0"><span class='ocrx_word' id='word_1_111' title='bbox 603 3096 788 3178; x_wconf 84' lang='lat' dir='ltr'>Octava.</span> 
     </span>
     <span class='ocr_line' id='line_1_27' title="bbox 298 3222 1187 3319; baseline -0.002 -21"><span class='ocrx_word' id='word_1_112' title='bbox 298 3230 339 3298; x_wconf 93' lang='lat' dir='ltr'>ln</span> <span class='ocrx_word' id='word_1_113' title='bbox 366 3230 516 3298; x_wconf 92' lang='lat' dir='ltr'>dicendo</span> <span class='ocrx_word' id='word_1_114' title='bbox 542 3241 577 3296; x_wconf 91' lang='lat' dir='ltr'>et</span> <span class='ocrx_word' id='word_1_115' title='bbox 598 3227 785 3298; x_wconf 90' lang='lat' dir='ltr'>scribendo</span> <span class='ocrx_word' id='word_1_116' title='bbox 810 3222 897 3292; x_wconf 92' lang='lat' dir='ltr'>haec</span> <span class='ocrx_word' id='word_1_117' title='bbox 921 3226 1081 3295; x_wconf 86' lang='lat' dir='ltr'>doctrina</span> <span class='ocrx_word' id='word_1_118' title='bbox 1106 3252 1187 3319; x_wconf 92' lang='lat' dir='ltr'>sup·</span> 
     </span>
    </p>
   </div>
   <div class='ocr_carea' id='block_1_13' title="bbox 197 3329 1186 3526">
    <p class='ocr_par' dir='ltr' id='par_1_13' title="bbox 197 3329 1186 3526">
     <span class='ocr_line' id='line_1_28' title="bbox 197 3329 1186 3426; baseline -0.005 -23"><span class='ocrx_word' id='word_1_119' title='bbox 197 3334 332 3426; x_wconf 86' lang='lat' dir='ltr'>peditat</span> <span class='ocrx_word' id='word_1_120' title='bbox 346 3333 457 3401; x_wconf 88' lang='lat' dir='ltr'>nndta</span> <span class='ocrx_word' id='word_1_121' title='bbox 475 3331 614 3422; x_wconf 87' lang='lat' dir='ltr'>egregia</span> <span class='ocrx_word' id='word_1_122' title='bbox 629 3330 779 3400; x_wconf 86' lang='lat' dir='ltr'>lumina.</span> <span class='ocrx_word' id='word_1_123' title='bbox 830 3329 941 3421; x_wconf 89' lang='lat' dir='ltr'>Saepe</span> <span class='ocrx_word' id='word_1_124' title='bbox 956 3331 1051 3398; x_wconf 91' lang='lat' dir='ltr'>enim</span> <span class='ocrx_word' id='word_1_125' title='bbox 1069 3331 1186 3400; x_wconf 90' lang='lat' dir='ltr'>iucur-</span> 
     </span>
     <span class='ocr_line' id='line_1_29' title="bbox 197 3429 847 3526; baseline -0.008 -19"><span class='ocrx_word' id='word_1_126' title='bbox 197 3449 282 3507; x_wconf 91' lang='lat' dir='ltr'>runt</span> <span class='ocrx_word' id='word_1_127' title='bbox 297 3435 438 3526; x_wconf 87' lang='lat' dir='ltr'>negotia</span> <span class='ocrx_word' id='word_1_128' title='bbox 456 3436 494 3502; x_wconf 93' lang='lat' dir='ltr'>in</span> <span class='ocrx_word' id='word_1_129' title='bbox 511 3436 609 3503; x_wconf 93' lang='lat' dir='ltr'>locos</span> <span class='ocrx_word' id='word_1_130' title='bbox 627 3429 732 3502; x_wconf 90' lang='lat' dir='ltr'>huius</span> <span class='ocrx_word' id='word_1_131' title='bbox 750 3430 847 3502; x_wconf 89' lang='lat' dir='ltr'>artis.</span> 
     </span>
    </p>
   </div>
   <div class='ocr_carea' id='block_1_14' title="bbox 622 3569 762 3641">
    <p class='ocr_par' dir='ltr' id='par_1_14' title="bbox 622 3569 762 3641">
     <span class='ocr_line' id='line_1_30' title="bbox 622 3569 762 3641; baseline -0.021 0"><span class='ocrx_word' id='word_1_132' title='bbox 622 3569 762 3641; x_wconf 68' lang='lat' dir='ltr'>Nona</span> 
     </span>
    </p>
   </div>
   <div class='ocr_carea' id='block_1_15' title="bbox 119 3687 1186 4188">
    <p class='ocr_par' dir='ltr' id='par_1_15' title="bbox 119 3687 1186 4188">
     <span class='ocr_line' id='line_1_31' title="bbox 298 3687 1184 3780; baseline -0.006 -19"><span class='ocrx_word' id='word_1_133' title='bbox 298 3692 395 3761; x_wconf 90' lang='lat' dir='ltr'>Utile</span> <span class='ocrx_word' id='word_1_134' title='bbox 412 3703 463 3758; x_wconf 91' lang='lat' dir='ltr'>cst</span> <span class='ocrx_word' id='word_1_135' title='bbox 478 3691 688 3772; x_wconf 86' lang='lat' dir='ltr'>ohservare,</span> <span class='ocrx_word' id='word_1_136' title='bbox 725 3711 815 3780; x_wconf 67' lang='lat' dir='ltr'>(puae</span> <span class='ocrx_word' id='word_1_137' title='bbox 833 3687 982 3755; x_wconf 90' lang='lat' dir='ltr'>notitiae</span> <span class='ocrx_word' id='word_1_138' title='bbox 1000 3689 1184 3758; x_wconf 89' lang='lat' dir='ltr'>nobiscum</span> 
     </span>
     <span class='ocr_line' id='line_1_32' title="bbox 195 3805 1186 3875; baseline -0.005 -11"><span class='ocrx_word' id='word_1_139' title='bbox 195 3807 407 3875; x_wconf 89' lang='lat' dir='ltr'>nascantur,</span> <span class='ocrx_word' id='word_1_140' title='bbox 445 3805 504 3873; x_wconf 93' lang='lat' dir='ltr'>ut,</span> <span class='ocrx_word' id='word_1_141' title='bbox 535 3815 788 3872; x_wconf 85' lang='lat' dir='ltr'>numerorum,</span> <span class='ocrx_word' id='word_1_142' title='bbox 822 3815 1094 3875; x_wconf 89' lang='lat' dir='ltr'>mensurarum,</span> <span class='ocrx_word' id='word_1_143' title='bbox 1129 3817 1186 3859; x_wconf 93' lang='lat' dir='ltr'>or-</span> 
     </span>
     <span class='ocr_line' id='line_1_33' title="bbox 119 3892 1186 3985; baseline -0.004 -19"><span class='ocrx_word' id='word_1_144' title='bbox 119 3931 121 3936; x_wconf 48' lang='lat'>*</span> <span class='ocrx_word' id='word_1_145' title='bbox 197 3898 309 3981; x_wconf 93' lang='lat' dir='ltr'>dinis,</span> <span class='ocrx_word' id='word_1_146' title='bbox 345 3898 405 3966; x_wconf 91' lang='lat' dir='ltr'>scd</span> <span class='ocrx_word' id='word_1_147' title='bbox 421 3896 533 3962; x_wconf 92' lang='lat' dir='ltr'>multo</span> <span class='ocrx_word' id='word_1_148' title='bbox 549 3892 827 3985; x_wconf 85' lang='lat' dir='ltr'>praestantiores</span> <span class='ocrx_word' id='word_1_149' title='bbox 845 3906 927 3960; x_wconf 90' lang='lat' dir='ltr'>snut</span> <span class='ocrx_word' id='word_1_150' title='bbox 942 3892 1090 3961; x_wconf 85' lang='lat' dir='ltr'>notitiae</span> <span class='ocrx_word' id='word_1_151' title='bbox 1109 3921 1186 3963; x_wconf 90' lang='lat' dir='ltr'>mo-</span> 
     </span>
     <span class='ocr_line' id='line_1_34' title="bbox 196 3994 1184 4093; baseline -0.004 -23"><span class='ocrx_word' id='word_1_152' title='bbox 196 4003 308 4083; x_wconf 89' lang='lat' dir='ltr'>rales,</span> <span class='ocrx_word' id='word_1_153' title='bbox 336 4024 426 4093; x_wconf 92' lang='lat' dir='ltr'>quac</span> <span class='ocrx_word' id='word_1_154' title='bbox 450 4009 653 4066; x_wconf 89' lang='lat' dir='ltr'>monstrant</span> <span class='ocrx_word' id='word_1_155' title='bbox 675 3994 814 4077; x_wconf 90' lang='lat' dir='ltr'>Deum,</span> <span class='ocrx_word' id='word_1_156' title='bbox 843 4007 877 4063; x_wconf 91' lang='lat' dir='ltr'>et</span> <span class='ocrx_word' id='word_1_157' title='bbox 898 3997 1090 4065; x_wconf 90' lang='lat' dir='ltr'>ostendunt</span> <span class='ocrx_word' id='word_1_158' title='bbox 1115 3998 1184 4066; x_wconf 93' lang='lat' dir='ltr'>dis-</span> 
     </span>
     <span class='ocr_line' id='line_1_35' title="bbox 198 4097 827 4188; baseline -0.011 -15"><span class='ocrx_word' id='word_1_159' title='bbox 198 4105 332 4173; x_wconf 88' lang='lat' dir='ltr'>crimen</span> <span class='ocrx_word' id='word_1_160' title='bbox 349 4100 584 4171; x_wconf 89' lang='lat' dir='ltr'>honestornm</span> <span class='ocrx_word' id='word_1_161' title='bbox 603 4111 638 4166; x_wconf 91' lang='lat' dir='ltr'>ct</span> <span class='ocrx_word' id='word_1_162' title='bbox 657 4097 827 4188; x_wconf 91' lang='lat' dir='ltr'>turpium.</span> 
     </span>
    </p>
   </div>
   <div class='ocr_carea' id='block_1_16' title="bbox 589 4249 784 4319">
    <p class='ocr_par' dir='ltr' id='par_1_16' title="bbox 589 4249 784 4319">
     <span class='ocr_line' id='line_1_36' title="bbox 589 4249 784 4319; baseline 0.005 -1"><span class='ocrx_word' id='word_1_163' title='bbox 589 4249 784 4319; x_wconf 88' lang='lat' dir='ltr'>Decima.</span> 
     </span>
    </p>
   </div>
   <div class='ocr_carea' id='block_1_17' title="bbox 191 4368 1185 5487">
    <p class='ocr_par' dir='ltr' id='par_1_17' title="bbox 191 4368 1185 5487">
     <span class='ocr_line' id='line_1_37' title="bbox 299 4368 1185 4442; baseline 0 0"><span class='ocrx_word' id='word_1_164' title='bbox 299 4373 346 4442; x_wconf 87' lang='lat' dir='ltr'>Et</span> <span class='ocrx_word' id='word_1_165' title='bbox 366 4369 494 4441; x_wconf 88' lang='lat' dir='ltr'>harum</span> <span class='ocrx_word' id='word_1_166' title='bbox 515 4371 725 4440; x_wconf 89' lang='lat' dir='ltr'>notitiarum</span> <span class='ocrx_word' id='word_1_167' title='bbox 752 4368 988 4438; x_wconf 88' lang='lat' dir='ltr'>consideratio</span> <span class='ocrx_word' id='word_1_168' title='bbox 1016 4372 1185 4442; x_wconf 91' lang='lat' dir='ltr'>admonet</span> 
     </span>
     <span class='ocr_line' id='line_1_38' title="bbox 198 4467 1183 4566; baseline 0.002 -22"><span class='ocrx_word' id='word_1_169' title='bbox 198 4501 283 4558; x_wconf 90' lang='lat' dir='ltr'>nos,</span> <span class='ocrx_word' id='word_1_170' title='bbox 325 4501 367 4543; x_wconf 85' lang='lat' dir='ltr'>ex</span> <span class='ocrx_word' id='word_1_171' title='bbox 397 4487 529 4566; x_wconf 86' lang='lat' dir='ltr'>quanta</span> <span class='ocrx_word' id='word_1_172' title='bbox 569 4475 741 4564; x_wconf 85' lang='lat' dir='ltr'>dignitate</span> <span class='ocrx_word' id='word_1_173' title='bbox 777 4472 973 4540; x_wconf 85' lang='lat' dir='ltr'>deciderint</span> <span class='ocrx_word' id='word_1_174' title='bbox 1007 4467 1183 4546; x_wconf 82' lang='lat' dir='ltr'>hornines.</span> 
     </span>
     <span class='ocr_line' id='line_1_39' title="bbox 191 4575 1183 4666; baseline 0.001 -21"><span class='ocrx_word' id='word_1_175' title='bbox 191 4579 459 4648; x_wconf 78' lang='lat' dir='ltr'>Transsuderat</span> <span class='ocrx_word' id='word_1_176' title='bbox 474 4575 568 4644; x_wconf 86' lang='lat' dir='ltr'>Deus</span> <span class='ocrx_word' id='word_1_177' title='bbox 584 4577 775 4666; x_wconf 81' lang='lat' dir='ltr'>imaginem</span> <span class='ocrx_word' id='word_1_178' title='bbox 791 4601 910 4658; x_wconf 73' lang='lat' dir='ltr'>suzim,</span> <span class='ocrx_word' id='word_1_179' title='bbox 938 4575 973 4642; x_wconf 89' lang='lat' dir='ltr'>id</span> <span class='ocrx_word' id='word_1_180' title='bbox 994 4589 1064 4659; x_wconf 89' lang='lat' dir='ltr'>est,</span> <span class='ocrx_word' id='word_1_181' title='bbox 1091 4580 1183 4646; x_wconf 90' lang='lat' dir='ltr'>noti-</span> 
     </span>
     <span class='ocr_line' id='line_1_40' title="bbox 199 4676 1183 4770; baseline -0.001 -19"><span class='ocrx_word' id='word_1_182' title='bbox 199 4682 288 4751; x_wconf 89' lang='lat' dir='ltr'>tiam</span> <span class='ocrx_word' id='word_1_183' title='bbox 305 4679 385 4762; x_wconf 86' lang='lat' dir='ltr'>Dei,</span> <span class='ocrx_word' id='word_1_184' title='bbox 410 4690 445 4745; x_wconf 90' lang='lat' dir='ltr'>et</span> <span class='ocrx_word' id='word_1_185' title='bbox 461 4678 653 4747; x_wconf 87' lang='lat' dir='ltr'>discrimen</span> <span class='ocrx_word' id='word_1_186' title='bbox 667 4676 900 4747; x_wconf 91' lang='lat' dir='ltr'>honestorum</span> <span class='ocrx_word' id='word_1_187' title='bbox 918 4691 952 4746; x_wconf 90' lang='lat' dir='ltr'>et</span> <span class='ocrx_word' id='word_1_188' title='bbox 969 4679 1127 4770; x_wconf 91' lang='lat' dir='ltr'>turpium</span> <span class='ocrx_word' id='word_1_189' title='bbox 1146 4683 1183 4750; x_wconf 94' lang='lat' dir='ltr'>in</span> 
     </span>
     <span class='ocr_line' id='line_1_41' title="bbox 199 4778 1183 4873; baseline 0.001 -21"><span class='ocrx_word' id='word_1_190' title='bbox 199 4796 335 4853; x_wconf 89' lang='lat' dir='ltr'>mentes</span> <span class='ocrx_word' id='word_1_191' title='bbox 357 4778 554 4863; x_wconf 87' lang='lat' dir='ltr'>humanas,</span> <span class='ocrx_word' id='word_1_192' title='bbox 579 4794 750 4873; x_wconf 90' lang='lat' dir='ltr'>tanquam</span> <span class='ocrx_word' id='word_1_193' title='bbox 774 4781 810 4847; x_wconf 92' lang='lat' dir='ltr'>in</span> <span class='ocrx_word' id='word_1_194' title='bbox 831 4782 1033 4871; x_wconf 83' lang='lat' dir='ltr'>speculum,</span> <span class='ocrx_word' id='word_1_195' title='bbox 1063 4796 1097 4852; x_wconf 90' lang='lat' dir='ltr'>ct</span> <span class='ocrx_word' id='word_1_196' title='bbox 1117 4787 1183 4853; x_wconf 85' lang='lat' dir='ltr'>sul-</span> 
     </span>
     <span class='ocr_line' id='line_1_42' title="bbox 200 4882 1182 4964; baseline -0.002 -7"><span class='ocrx_word' id='word_1_197' title='bbox 200 4889 326 4957; x_wconf 90' lang='lat' dir='ltr'>sissent</span> <span class='ocrx_word' id='word_1_198' title='bbox 340 4882 407 4955; x_wconf 92' lang='lat' dir='ltr'>hae</span> <span class='ocrx_word' id='word_1_199' title='bbox 424 4882 572 4951; x_wconf 90' lang='lat' dir='ltr'>notitiae</span> <span class='ocrx_word' id='word_1_200' title='bbox 588 4883 701 4951; x_wconf 91' lang='lat' dir='ltr'>multo</span> <span class='ocrx_word' id='word_1_201' title='bbox 716 4883 864 4964; x_wconf 91' lang='lat' dir='ltr'>clarius,</span> <span class='ocrx_word' id='word_1_202' title='bbox 892 4897 926 4951; x_wconf 94' lang='lat' dir='ltr'>ct</span> <span class='ocrx_word' id='word_1_203' title='bbox 940 4883 1104 4954; x_wconf 83' lang='lat' dir='ltr'>voluntas</span> <span class='ocrx_word' id='word_1_204' title='bbox 1120 4888 1182 4955; x_wconf 87' lang='lat' dir='ltr'>lla-</span> 
     </span>
     <span class='ocr_line' id='line_1_43' title="bbox 200 4984 1180 5082; baseline -0.002 -23"><span class='ocrx_word' id='word_1_205' title='bbox 200 5003 334 5082; x_wconf 86' lang='lat' dir='ltr'>grasset</span> <span class='ocrx_word' id='word_1_206' title='bbox 348 5010 470 5058; x_wconf 89' lang='lat' dir='ltr'>amore</span> <span class='ocrx_word' id='word_1_207' title='bbox 486 4984 572 5068; x_wconf 89' lang='lat' dir='ltr'>Dei,</span> <span class='ocrx_word' id='word_1_208' title='bbox 597 4998 632 5053; x_wconf 90' lang='lat' dir='ltr'>et</span> <span class='ocrx_word' id='word_1_209' title='bbox 656 4984 821 5052; x_wconf 90' lang='lat' dir='ltr'>omnibus</span> <span class='ocrx_word' id='word_1_210' title='bbox 844 4985 1033 5056; x_wconf 90' lang='lat' dir='ltr'>virtutibus</span> <span class='ocrx_word' id='word_1_211' title='bbox 1055 5004 1180 5058; x_wconf 89' lang='lat' dir='ltr'>ornata</span> 
     </span>
     <span class='ocr_line' id='line_1_44' title="bbox 198 5084 1182 5184; baseline -0.001 -20"><span class='ocrx_word' id='word_1_212' title='bbox 198 5093 339 5177; x_wconf 83' lang='lat' dir='ltr'>suisset,</span> <span class='ocrx_word' id='word_1_213' title='bbox 373 5091 403 5160; x_wconf 93' lang='lat' dir='ltr'>si</span> <span class='ocrx_word' id='word_1_214' title='bbox 417 5103 547 5158; x_wconf 86' lang='lat' dir='ltr'>natura</span> <span class='ocrx_word' id='word_1_215' title='bbox 563 5084 750 5159; x_wconf 90' lang='lat' dir='ltr'>hominum</span> <span class='ocrx_word' id='word_1_216' title='bbox 763 5087 949 5157; x_wconf 87' lang='lat' dir='ltr'>mansisset</span> <span class='ocrx_word' id='word_1_217' title='bbox 963 5088 1182 5184; x_wconf 89' lang='lat' dir='ltr'>incorrupta.</span> 
     </span>
     <span class='ocr_line' id='line_1_45' title="bbox 199 5188 1182 5278; baseline -0.006 -10"><span class='ocrx_word' id='word_1_218' title='bbox 199 5197 303 5268; x_wconf 88' lang='lat' dir='ltr'>Nunc</span> <span class='ocrx_word' id='word_1_219' title='bbox 317 5218 403 5263; x_wconf 87' lang='lat' dir='ltr'>vero</span> <span class='ocrx_word' id='word_1_220' title='bbox 418 5205 499 5263; x_wconf 91' lang='lat' dir='ltr'>sunt</span> <span class='ocrx_word' id='word_1_221' title='bbox 514 5192 682 5261; x_wconf 87' lang='lat' dir='ltr'>obscurae</span> <span class='ocrx_word' id='word_1_222' title='bbox 698 5188 863 5257; x_wconf 89' lang='lat' dir='ltr'>notitiae:</span> <span class='ocrx_word' id='word_1_223' title='bbox 889 5204 1038 5261; x_wconf 89' lang='lat' dir='ltr'>manent</span> <span class='ocrx_word' id='word_1_224' title='bbox 1050 5206 1182 5278; x_wconf 86' lang='lat' dir='ltr'>tamen,</span> 
     </span>
     <span class='ocr_line' id='line_1_46' title="bbox 201 5290 1182 5390; baseline -0.002 -22"><span class='ocrx_word' id='word_1_225' title='bbox 201 5313 235 5368; x_wconf 92' lang='lat' dir='ltr'>et</span> <span class='ocrx_word' id='word_1_226' title='bbox 250 5312 333 5370; x_wconf 91' lang='lat' dir='ltr'>sunt</span> <span class='ocrx_word' id='word_1_227' title='bbox 348 5295 571 5378; x_wconf 89' lang='lat' dir='ltr'>testimonia,</span> <span class='ocrx_word' id='word_1_228' title='bbox 598 5294 694 5386; x_wconf 91' lang='lat' dir='ltr'>quod</span> <span class='ocrx_word' id='word_1_229' title='bbox 710 5292 755 5360; x_wconf 89' lang='lat' dir='ltr'>sit</span> <span class='ocrx_word' id='word_1_230' title='bbox 769 5290 886 5375; x_wconf 90' lang='lat' dir='ltr'>Deus,</span> <span class='ocrx_word' id='word_1_231' title='bbox 914 5296 1011 5385; x_wconf 88' lang='lat' dir='ltr'>quod</span> <span class='ocrx_word' id='word_1_232' title='bbox 1031 5297 1078 5367; x_wconf 92' lang='lat' dir='ltr'>sit</span> <span class='ocrx_word' id='word_1_233' title='bbox 1099 5322 1182 5390; x_wconf 93' lang='lat' dir='ltr'>pro-</span> 
     </span>
     <span class='ocr_line' id='line_1_47' title="bbox 192 5395 1029 5487; baseline 0.006 -24"><span class='ocrx_word' id='word_1_234' title='bbox 192 5401 372 5482; x_wconf 75' lang='lat' dir='ltr'>videntia,</span> <span class='ocrx_word' id='word_1_235' title='bbox 400 5398 540 5483; x_wconf 80' lang='lat' dir='ltr'>etiamsi</span> <span class='ocrx_word' id='word_1_236' title='bbox 556 5399 663 5467; x_wconf 86' lang='lat' dir='ltr'>corda</span> <span class='ocrx_word' id='word_1_237' title='bbox 679 5419 753 5465; x_wconf 89' lang='lat' dir='ltr'>non</span> <span class='ocrx_word' id='word_1_238' title='bbox 769 5395 1029 5487; x_wconf 86' lang='lat' dir='ltr'>obtemperant.</span> 
     </span>
    </p>
   </div>
   <div class='ocr_carea' id='block_1_18' title="bbox 460 183 1939 271">
    <p class='ocr_par' dir='ltr' id='par_1_18' title="bbox 460 183 1939 271">
     <span class='ocr_line' id='line_1_48' title="bbox 460 183 1939 271; baseline -0.001 -2"><span class='ocrx_word' id='word_1_239' title='bbox 460 191 662 269; x_wconf 80' lang='lat' dir='ltr'>SCRIPTA</span> <span class='ocrx_word' id='word_1_240' title='bbox 685 193 761 269; x_wconf 87' lang='grc' dir='ltr'>ΡΗ.</span> <span class='ocrx_word' id='word_1_241' title='bbox 787 191 902 267; x_wconf 88' lang='lat' dir='ltr'>MEL.</span> <span class='ocrx_word' id='word_1_242' title='bbox 926 191 992 264; x_wconf 87' lang='lat' dir='ltr'>AD</span> <span class='ocrx_word' id='word_1_243' title='bbox 1018 190 1227 269; x_wconf 84' lang='lat' dir='ltr'><strong>ETHIOEN</strong></span> <span class='ocrx_word' id='word_1_244' title='bbox 1253 195 1319 269; x_wconf 87' lang='lat' dir='ltr'>ET</span> <span class='ocrx_word' id='word_1_245' title='bbox 1344 195 1601 271; x_wconf 86' lang='lat' dir='ltr'><strong>POLITICEN</strong></span> <span class='ocrx_word' id='word_1_246' title='bbox 1627 183 1939 269; x_wconf 57' lang='lat' dir='ltr'>spectaturis.</span> 
     </span>
    </p>
   </div>
   <div class='ocr_carea' id='block_1_19' title="bbox 2143 196 2221 273">
    <p class='ocr_par' dir='ltr' id='par_1_19' title="bbox 2143 196 2221 273">
     <span class='ocr_line' id='line_1_49' title="bbox 2143 196 2221 273; baseline -0.038 -1"><span class='ocrx_word' id='word_1_247' title='bbox 2143 196 2221 273; x_wconf 73' lang='lat'>280</span> 
     </span>
    </p>
   </div>
   <div class='ocr_carea' id='block_1_20' title="bbox 1598 370 1860 440">
    <p class='ocr_par' dir='ltr' id='par_1_20' title="bbox 1598 370 1860 440">
     <span class='ocr_line' id='line_1_50' title="bbox 1598 370 1860 440; baseline -0.004 0"><span class='ocrx_word' id='word_1_248' title='bbox 1598 370 1860 440; x_wconf 87' lang='lat' dir='ltr'>Undecima.</span> 
     </span>
    </p>
   </div>
   <div class='ocr_carea' id='block_1_21' title="bbox 1236 485 2227 890">
    <p class='ocr_par' dir='ltr' id='par_1_21' title="bbox 1236 485 2227 890">
     <span class='ocr_line' id='line_1_51' title="bbox 1337 485 2224 581; baseline 0 -22"><span class='ocrx_word' id='word_1_249' title='bbox 1337 489 1433 581; x_wconf 87' lang='lat' dir='ltr'>Ergo</span> <span class='ocrx_word' id='word_1_250' title='bbox 1449 485 1536 558; x_wconf 91' lang='lat' dir='ltr'>haec</span> <span class='ocrx_word' id='word_1_251' title='bbox 1552 489 1788 559; x_wconf 87' lang='lat' dir='ltr'>consideratio</span> <span class='ocrx_word' id='word_1_252' title='bbox 1798 488 1884 580; x_wconf 91' lang='lat' dir='ltr'>legis</span> <span class='ocrx_word' id='word_1_253' title='bbox 1894 503 2045 560; x_wconf 88' lang='lat' dir='ltr'>naturae</span> <span class='ocrx_word' id='word_1_254' title='bbox 2056 492 2093 560; x_wconf 90' lang='lat' dir='ltr'>in</span> <span class='ocrx_word' id='word_1_255' title='bbox 2103 505 2224 560; x_wconf 88' lang='lat' dir='ltr'>mente</span> 
     </span>
     <span class='ocr_line' id='line_1_52' title="bbox 1236 586 2227 686; baseline 0.006 -28"><span class='ocrx_word' id='word_1_256' title='bbox 1236 586 1392 662; x_wconf 90' lang='lat' dir='ltr'>hominis</span> <span class='ocrx_word' id='word_1_257' title='bbox 1422 592 1565 674; x_wconf 89' lang='lat' dir='ltr'>evidens</span> <span class='ocrx_word' id='word_1_258' title='bbox 1588 593 1831 662; x_wconf 90' lang='lat' dir='ltr'>testimonium</span> <span class='ocrx_word' id='word_1_259' title='bbox 1857 605 1926 676; x_wconf 88' lang='lat' dir='ltr'>est,</span> <span class='ocrx_word' id='word_1_260' title='bbox 1970 596 2066 686; x_wconf 88' lang='lat' dir='ltr'>quod</span> <span class='ocrx_word' id='word_1_261' title='bbox 2099 607 2227 664; x_wconf 92' lang='lat' dir='ltr'>monet</span> 
     </span>
     <span class='ocr_line' id='line_1_53' title="bbox 1238 694 2226 789; baseline 0.005 -28"><span class='ocrx_word' id='word_1_262' title='bbox 1238 717 1310 764; x_wconf 93' lang='lat' dir='ltr'>esse</span> <span class='ocrx_word' id='word_1_263' title='bbox 1333 695 1470 779; x_wconf 88' lang='lat' dir='ltr'>Deum,</span> <span class='ocrx_word' id='word_1_264' title='bbox 1497 708 1532 763; x_wconf 91' lang='lat' dir='ltr'>et</span> <span class='ocrx_word' id='word_1_265' title='bbox 1554 719 1626 763; x_wconf 90' lang='lat' dir='ltr'>esse</span> <span class='ocrx_word' id='word_1_266' title='bbox 1651 694 1926 786; x_wconf 91' lang='lat' dir='ltr'>providentiam.</span> <span class='ocrx_word' id='word_1_267' title='bbox 1994 696 2115 789; x_wconf 86' lang='lat' dir='ltr'>Quare</span> <span class='ocrx_word' id='word_1_268' title='bbox 2139 722 2226 766; x_wconf 92' lang='lat' dir='ltr'>con-</span> 
     </span>
     <span class='ocr_line' id='line_1_54' title="bbox 1237 794 2226 890; baseline 0.007 -25"><span class='ocrx_word' id='word_1_269' title='bbox 1237 798 1355 866; x_wconf 89' lang='lat' dir='ltr'>firmat</span> <span class='ocrx_word' id='word_1_270' title='bbox 1368 796 1444 889; x_wconf 88' lang='lat' dir='ltr'>pias</span> <span class='ocrx_word' id='word_1_271' title='bbox 1460 797 1647 888; x_wconf 89' lang='lat' dir='ltr'>opiniones</span> <span class='ocrx_word' id='word_1_272' title='bbox 1662 797 1698 865; x_wconf 93' lang='lat' dir='ltr'>in</span> <span class='ocrx_word' id='word_1_273' title='bbox 1709 794 1777 880; x_wconf 91' lang='lat' dir='ltr'>his,</span> <span class='ocrx_word' id='word_1_274' title='bbox 1795 799 1856 890; x_wconf 91' lang='lat' dir='ltr'>qui</span> <span class='ocrx_word' id='word_1_275' title='bbox 1865 811 1958 871; x_wconf 89' lang='lat' dir='ltr'>recte</span> <span class='ocrx_word' id='word_1_276' title='bbox 1968 799 2121 869; x_wconf 89' lang='lat' dir='ltr'>instituti</span> <span class='ocrx_word' id='word_1_277' title='bbox 2130 815 2226 872; x_wconf 91' lang='lat' dir='ltr'>sunt.</span> 
     </span>
    </p>
   </div>
   <div class='ocr_carea' id='block_1_22' title="bbox 1585 934 1877 1004">
    <p class='ocr_par' dir='ltr' id='par_1_22' title="bbox 1585 934 1877 1004">
     <span class='ocr_line' id='line_1_55' title="bbox 1585 934 1877 1004; baseline 0.007 -2"><span class='ocrx_word' id='word_1_278' title='bbox 1585 934 1877 1004; x_wconf 84' lang='lat' dir='ltr'>Duodecimn.</span> 
     </span>
    </p>
   </div>
   <div class='ocr_carea' id='block_1_23' title="bbox 1238 1052 2226 1661">
    <p class='ocr_par' dir='ltr' id='par_1_23' title="bbox 1238 1052 2226 1661">
     <span class='ocr_line' id='line_1_56' title="bbox 1337 1052 2226 1147; baseline 0.002 -24"><span class='ocrx_word' id='word_1_279' title='bbox 1337 1053 1391 1123; x_wconf 85' lang='lat' dir='ltr'>Eo</span> <span class='ocrx_word' id='word_1_280' title='bbox 1417 1052 1523 1120; x_wconf 91' lang='lat' dir='ltr'>etiam</span> <span class='ocrx_word' id='word_1_281' title='bbox 1547 1052 1754 1123; x_wconf 85' lang='lat' dir='ltr'>testificatur</span> <span class='ocrx_word' id='word_1_282' title='bbox 1774 1054 1817 1122; x_wconf 93' lang='lat' dir='ltr'>de</span> <span class='ocrx_word' id='word_1_283' title='bbox 1842 1054 2003 1122; x_wconf 87' lang='lat' dir='ltr'>doctrina</span> <span class='ocrx_word' id='word_1_284' title='bbox 2028 1055 2226 1147; x_wconf 89' lang='lat' dir='ltr'>religionis,</span> 
     </span>
     <span class='ocr_line' id='line_1_57' title="bbox 1239 1150 2226 1251; baseline 0.001 -24"><span class='ocrx_word' id='word_1_285' title='bbox 1239 1157 1322 1251; x_wconf 87' lang='lat' dir='ltr'>quia</span> <span class='ocrx_word' id='word_1_286' title='bbox 1346 1150 1573 1247; x_wconf 87' lang='lat' dir='ltr'>philosophia</span> <span class='ocrx_word' id='word_1_287' title='bbox 1590 1157 1710 1224; x_wconf 88' lang='lat' dir='ltr'>&#39;cernit</span> <span class='ocrx_word' id='word_1_288' title='bbox 1738 1157 1982 1225; x_wconf 88' lang='lat' dir='ltr'>infirmitatem</span> <span class='ocrx_word' id='word_1_289' title='bbox 2006 1157 2044 1224; x_wconf 93' lang='lat' dir='ltr'>in</span> <span class='ocrx_word' id='word_1_290' title='bbox 2066 1155 2226 1228; x_wconf 91' lang='lat' dir='ltr'>hominis</span> 
     </span>
     <span class='ocr_line' id='line_1_58' title="bbox 1238 1259 2225 1342; baseline 0.002 -14"><span class='ocrx_word' id='word_1_291' title='bbox 1238 1273 1387 1342; x_wconf 88' lang='lat' dir='ltr'>natura,</span> <span class='ocrx_word' id='word_1_292' title='bbox 1412 1273 1456 1326; x_wconf 57' lang='lat' dir='ltr'>‘ct</span> <span class='ocrx_word' id='word_1_293' title='bbox 1477 1259 1607 1325; x_wconf 89' lang='lat' dir='ltr'>fatetur</span> <span class='ocrx_word' id='word_1_294' title='bbox 1629 1284 1665 1327; x_wconf 93' lang='lat' dir='ltr'>se</span> <span class='ocrx_word' id='word_1_295' title='bbox 1696 1283 1837 1329; x_wconf 87' lang='lat' dir='ltr'>causam</span> <span class='ocrx_word' id='word_1_296' title='bbox 1869 1271 1988 1328; x_wconf 86' lang='lat' dir='ltr'>tantae</span> <span class='ocrx_word' id='word_1_297' title='bbox 2011 1261 2225 1330; x_wconf 88' lang='lat' dir='ltr'>calamitatis</span> 
     </span>
     <span class='ocr_line' id='line_1_59' title="bbox 1239 1357 2225 1433; baseline 0.003 -3"><span class='ocrx_word' id='word_1_298' title='bbox 1239 1388 1313 1430; x_wconf 93' lang='lat' dir='ltr'>non</span> <span class='ocrx_word' id='word_1_299' title='bbox 1336 1362 1469 1429; x_wconf 76' lang='lat' dir='ltr'>videre.</span> <span class='ocrx_word' id='word_1_300' title='bbox 1540 1357 1623 1428; x_wconf 93' lang='lat' dir='ltr'>Ideo</span> <span class='ocrx_word' id='word_1_301' title='bbox 1647 1387 1726 1430; x_wconf 89' lang='lat' dir='ltr'>cum</span> <span class='ocrx_word' id='word_1_302' title='bbox 1753 1362 1872 1430; x_wconf 90' lang='lat' dir='ltr'>divina</span> <span class='ocrx_word' id='word_1_303' title='bbox 1895 1362 2056 1431; x_wconf 92' lang='lat' dir='ltr'>doctrina</span> <span class='ocrx_word' id='word_1_304' title='bbox 2080 1388 2225 1433; x_wconf 89' lang='lat' dir='ltr'>causam</span> 
     </span>
     <span class='ocr_line' id='line_1_60' title="bbox 1240 1461 2225 1556; baseline 0.001 -21"><span class='ocrx_word' id='word_1_305' title='bbox 1240 1464 1411 1547; x_wconf 85' lang='lat' dir='ltr'>ostendit,</span> <span class='ocrx_word' id='word_1_306' title='bbox 1438 1476 1472 1531; x_wconf 92' lang='lat' dir='ltr'>et</span> <span class='ocrx_word' id='word_1_307' title='bbox 1490 1461 1594 1531; x_wconf 79' lang='lat' dir='ltr'>offert</span> <span class='ocrx_word' id='word_1_308' title='bbox 1614 1465 1790 1554; x_wconf 89' lang='lat' dir='ltr'>remedia,</span> <span class='ocrx_word' id='word_1_309' title='bbox 1818 1466 2089 1556; x_wconf 77' lang='lat' dir='ltr'>agnoscendum-z</span> <span class='ocrx_word' id='word_1_310' title='bbox 2101 1481 2154 1537; x_wconf 90' lang='lat' dir='ltr'>est</span> <span class='ocrx_word' id='word_1_311' title='bbox 2168 1493 2225 1537; x_wconf 90' lang='lat' dir='ltr'>su-</span> 
     </span>
     <span class='ocr_line' id='line_1_61' title="bbox 1239 1565 2050 1661; baseline -0.004 -23"><span class='ocrx_word' id='word_1_312' title='bbox 1239 1569 1359 1661; x_wconf 89' lang='lat' dir='ltr'>perius</span> <span class='ocrx_word' id='word_1_313' title='bbox 1373 1565 1556 1636; x_wconf 83' lang='lat' dir='ltr'>doctrinae</span> <span class='ocrx_word' id='word_1_314' title='bbox 1571 1590 1692 1655; x_wconf 88' lang='lat' dir='ltr'>genus.</span> <span class='ocrx_word' id='word_1_315' title='bbox 1764 1566 1767 1571; x_wconf 74' lang='grc'>’</span> <span class='ocrx_word' id='word_1_316' title='bbox 2047 1567 2050 1572; x_wconf 75' lang='grc'><strong>’</strong></span> 
     </span>
    </p>
   </div>
   <div class='ocr_carea' id='block_1_24' title="bbox 1549 1702 1907 1777">
    <p class='ocr_par' dir='ltr' id='par_1_24' title="bbox 1549 1702 1907 1777">
     <span class='ocr_line' id='line_1_62' title="bbox 1549 1702 1907 1777; baseline 0.017 -7"><span class='ocrx_word' id='word_1_317' title='bbox 1549 1702 1729 1772; x_wconf 90' lang='lat' dir='ltr'>Decima</span> <span class='ocrx_word' id='word_1_318' title='bbox 1758 1706 1907 1777; x_wconf 88' lang='lat' dir='ltr'>tertia.</span> 
     </span>
    </p>
   </div>
   <div class='ocr_carea' id='block_1_25' title="bbox 1238 1818 2227 2954">
    <p class='ocr_par' dir='ltr' id='par_1_25' title="bbox 1238 1818 2227 2954">
     <span class='ocr_line' id='line_1_63' title="bbox 1339 1818 2224 1919; baseline 0.002 -23"><span class='ocrx_word' id='word_1_319' title='bbox 1339 1826 1421 1896; x_wconf 89' lang='lat' dir='ltr'>Una</span> <span class='ocrx_word' id='word_1_320' title='bbox 1438 1836 1490 1892; x_wconf 94' lang='lat' dir='ltr'>est</span> <span class='ocrx_word' id='word_1_321' title='bbox 1504 1847 1588 1890; x_wconf 84' lang='lat' dir='ltr'>vera</span> <span class='ocrx_word' id='word_1_322' title='bbox 1608 1818 1855 1914; x_wconf 88' lang='lat' dir='ltr'>philosophia,</span> <span class='ocrx_word' id='word_1_323' title='bbox 1883 1849 1973 1919; x_wconf 88' lang='lat' dir='ltr'>quae</span> <span class='ocrx_word' id='word_1_324' title='bbox 1996 1826 2089 1894; x_wconf 86' lang='lat' dir='ltr'>intra</span> <span class='ocrx_word' id='word_1_325' title='bbox 2111 1842 2224 1900; x_wconf 90' lang='lat' dir='ltr'>metas</span> 
     </span>
     <span class='ocr_line' id='line_1_64' title="bbox 1239 1924 2225 2025; baseline 0.002 -27"><span class='ocrx_word' id='word_1_326' title='bbox 1239 1925 1584 1999; x_wconf 89' lang='lat' dir='ltr'>demonstrationum</span> <span class='ocrx_word' id='word_1_327' title='bbox 1601 1938 1782 2025; x_wconf 72' lang='lat' dir='ltr'>uersatur,</span> <span class='ocrx_word' id='word_1_328' title='bbox 1812 1953 1877 2012; x_wconf 90' lang='lat' dir='ltr'>nec</span> <span class='ocrx_word' id='word_1_329' title='bbox 1892 1928 1983 1997; x_wconf 89' lang='lat' dir='ltr'>ludit</span> <span class='ocrx_word' id='word_1_330' title='bbox 1996 1924 2225 2023; x_wconf 85' lang='lat' dir='ltr'>sophismati-</span> 
     </span>
     <span class='ocr_line' id='line_1_65' title="bbox 1238 2027 2225 2119; baseline 0 -17"><span class='ocrx_word' id='word_1_331' title='bbox 1238 2035 1315 2104; x_wconf 91' lang='lat' dir='ltr'>bus.</span> <span class='ocrx_word' id='word_1_332' title='bbox 1374 2030 1426 2099; x_wconf 83' lang='lat' dir='ltr'>Ac</span> <span class='ocrx_word' id='word_1_333' title='bbox 1445 2027 1671 2111; x_wconf 84' lang='lat' dir='ltr'>Aristoteles,</span> <span class='ocrx_word' id='word_1_334' title='bbox 1687 2060 1690 2067; x_wconf 97' lang='lat'><em>·</em></span> <span class='ocrx_word' id='word_1_335' title='bbox 1706 2054 1786 2098; x_wconf 89' lang='lat' dir='ltr'>cum</span> <span class='ocrx_word' id='word_1_336' title='bbox 1818 2031 1863 2099; x_wconf 93' lang='lat' dir='ltr'>sit</span> <span class='ocrx_word' id='word_1_337' title='bbox 1895 2056 2019 2108; x_wconf 82' lang='lat' dir='ltr'>amans</span> <span class='ocrx_word' id='word_1_338' title='bbox 2048 2029 2225 2119; x_wconf 84' lang='lat' dir='ltr'>methodi,</span> 
     </span>
     <span class='ocr_line' id='line_1_66' title="bbox 1238 2131 2225 2230; baseline 0.004 -26"><span class='ocrx_word' id='word_1_339' title='bbox 1238 2138 1408 2228; x_wconf 90' lang='lat' dir='ltr'>pleraque</span> <span class='ocrx_word' id='word_1_340' title='bbox 1439 2131 1569 2200; x_wconf 87' lang='lat' dir='ltr'>rectius</span> <span class='ocrx_word' id='word_1_341' title='bbox 1595 2131 1681 2200; x_wconf 90' lang='lat' dir='ltr'>dicit</span> <span class='ocrx_word' id='word_1_342' title='bbox 1712 2157 1819 2225; x_wconf 88' lang='lat' dir='ltr'>quam</span> <span class='ocrx_word' id='word_1_343' title='bbox 1849 2136 1984 2202; x_wconf 89' lang='lat' dir='ltr'>caeteri</span> <span class='ocrx_word' id='word_1_344' title='bbox 2005 2131 2225 2230; x_wconf 86' lang='lat' dir='ltr'>philosophi.</span> 
     </span>
     <span class='ocr_line' id='line_1_67' title="bbox 1240 2231 2226 2329; baseline 0.004 -24"><span class='ocrx_word' id='word_1_345' title='bbox 1240 2239 1370 2329; x_wconf 89' lang='lat' dir='ltr'>Magna</span> <span class='ocrx_word' id='word_1_346' title='bbox 1396 2247 1448 2305; x_wconf 92' lang='lat' dir='ltr'>est</span> <span class='ocrx_word' id='word_1_347' title='bbox 1476 2247 1595 2303; x_wconf 89' lang='lat' dir='ltr'>autern</span> <span class='ocrx_word' id='word_1_348' title='bbox 1625 2233 1760 2303; x_wconf 90' lang='lat' dir='ltr'>utilitas</span> <span class='ocrx_word' id='word_1_349' title='bbox 1790 2231 1929 2319; x_wconf 85' lang='lat' dir='ltr'>videre,</span> <span class='ocrx_word' id='word_1_350' title='bbox 1962 2237 2024 2307; x_wconf 91' lang='lat' dir='ltr'>ubi</span> <span class='ocrx_word' id='word_1_351' title='bbox 2057 2241 2226 2309; x_wconf 90' lang='lat' dir='ltr'>deerrent</span> 
     </span>
     <span class='ocr_line' id='line_1_68' title="bbox 1239 2329 2226 2432; baseline 0.003 -21"><span class='ocrx_word' id='word_1_352' title='bbox 1239 2354 1363 2412; x_wconf 89' lang='lat' dir='ltr'>sectae.</span> <span class='ocrx_word' id='word_1_353' title='bbox 1426 2336 1522 2404; x_wconf 87' lang='lat' dir='ltr'>Haec</span> <span class='ocrx_word' id='word_1_354' title='bbox 1539 2336 1680 2405; x_wconf 92' lang='lat' dir='ltr'>collatio</span> <span class='ocrx_word' id='word_1_355' title='bbox 1698 2338 1811 2427; x_wconf 87' lang='lat' dir='ltr'>magis</span> <span class='ocrx_word' id='word_1_356' title='bbox 1827 2329 1978 2408; x_wconf 83' lang='lat' dir='ltr'>illustrat</span> <span class='ocrx_word' id='word_1_357' title='bbox 1992 2341 2104 2432; x_wconf 83' lang='lat' dir='ltr'>legem</span> <span class='ocrx_word' id='word_1_358' title='bbox 2121 2358 2226 2414; x_wconf 90' lang='lat' dir='ltr'>natu-</span> 
     </span>
     <span class='ocr_line' id='line_1_69' title="bbox 1239 2437 2227 2535; baseline 0 -21"><span class='ocrx_word' id='word_1_359' title='bbox 1239 2470 1320 2527; x_wconf 90' lang='lat' dir='ltr'>rae,</span> <span class='ocrx_word' id='word_1_360' title='bbox 1348 2455 1382 2510; x_wconf 91' lang='lat' dir='ltr'>et</span> <span class='ocrx_word' id='word_1_361' title='bbox 1395 2439 1524 2508; x_wconf 88' lang='lat' dir='ltr'>clarius</span> <span class='ocrx_word' id='word_1_362' title='bbox 1539 2439 1694 2508; x_wconf 90' lang='lat' dir='ltr'>ostendit</span> <span class='ocrx_word' id='word_1_363' title='bbox 1709 2441 1854 2510; x_wconf 91' lang='lat' dir='ltr'>morbos</span> <span class='ocrx_word' id='word_1_364' title='bbox 1873 2437 2061 2535; x_wconf 83' lang='lat' dir='ltr'>humanos.</span> <span class='ocrx_word' id='word_1_365' title='bbox 2113 2446 2227 2516; x_wconf 92' lang='lat' dir='ltr'>Deni-</span> 
     </span>
     <span class='ocr_line' id='line_1_70' title="bbox 1240 2540 2226 2642; baseline 0.004 -26"><span class='ocrx_word' id='word_1_366' title='bbox 1240 2573 1308 2642; x_wconf 90' lang='lat' dir='ltr'>que</span> <span class='ocrx_word' id='word_1_367' title='bbox 1326 2540 1513 2637; x_wconf 86' lang='lat' dir='ltr'>Cyclopica</span> <span class='ocrx_word' id='word_1_368' title='bbox 1539 2542 1712 2612; x_wconf 88' lang='lat' dir='ltr'>stoliditas</span> <span class='ocrx_word' id='word_1_369' title='bbox 1729 2556 1766 2610; x_wconf 93' lang='lat' dir='ltr'>et</span> <span class='ocrx_word' id='word_1_370' title='bbox 1786 2547 1989 2634; x_wconf 81' lang='lat' dir='ltr'>arrogantia</span> <span class='ocrx_word' id='word_1_371' title='bbox 2004 2561 2076 2638; x_wconf 82' lang='lat' dir='ltr'>¹est,</span> <span class='ocrx_word' id='word_1_372' title='bbox 2104 2574 2226 2642; x_wconf 89' lang='lat' dir='ltr'>asper·</span> 
     </span>
     <span class='ocr_line' id='line_1_71' title="bbox 1240 2643 2225 2738; baseline 0.003 -18"><span class='ocrx_word' id='word_1_373' title='bbox 1240 2651 1320 2720; x_wconf 92' lang='lat' dir='ltr'>nari</span> <span class='ocrx_word' id='word_1_374' title='bbox 1334 2646 1534 2717; x_wconf 84' lang='lat' dir='ltr'>doctrinam</span> <span class='ocrx_word' id='word_1_375' title='bbox 1548 2643 1659 2728; x_wconf 91' lang='lat' dir='ltr'>hanc,</span> <span class='ocrx_word' id='word_1_376' title='bbox 1686 2671 1776 2738; x_wconf 89' lang='lat' dir='ltr'>quae</span> <span class='ocrx_word' id='word_1_377' title='bbox 1798 2648 1916 2737; x_wconf 83' lang='lat' dir='ltr'>legum</span> <span class='ocrx_word' id='word_1_378' title='bbox 1940 2662 1975 2717; x_wconf 91' lang='lat' dir='ltr'>et</span> <span class='ocrx_word' id='word_1_379' title='bbox 1990 2643 2225 2723; x_wconf 86' lang='lat' dir='ltr'>historiarum</span> 
     </span>
     <span class='ocr_line' id='line_1_72' title="bbox 1239 2749 2226 2839; baseline 0.003 -16"><span class='ocrx_word' id='word_1_380' title='bbox 1239 2757 1361 2825; x_wconf 91' lang='lat' dir='ltr'>lumen</span> <span class='ocrx_word' id='word_1_381' title='bbox 1377 2763 1447 2833; x_wconf 90' lang='lat' dir='ltr'>est,</span> <span class='ocrx_word' id='word_1_382' title='bbox 1474 2774 1514 2816; x_wconf 86' lang='lat' dir='ltr'>ac</span> <span class='ocrx_word' id='word_1_383' title='bbox 1530 2749 1854 2839; x_wconf 89' lang='lat' dir='ltr'>splendidissimum</span> <span class='ocrx_word' id='word_1_384' title='bbox 1876 2767 2126 2822; x_wconf 88' lang='lat' dir='ltr'>ornamentum</span> <span class='ocrx_word' id='word_1_385' title='bbox 2153 2759 2226 2826; x_wconf 93' lang='lat' dir='ltr'>elo-</span> 
     </span>
     <span class='ocr_line' id='line_1_73' title="bbox 1241 2850 2225 2954; baseline 0.004 -27"><span class='ocrx_word' id='word_1_386' title='bbox 1241 2855 1419 2952; x_wconf 89' lang='lat' dir='ltr'>quentiae,</span> <span class='ocrx_word' id='word_1_387' title='bbox 1431 2865 1466 2920; x_wconf 91' lang='lat' dir='ltr'>ct</span> <span class='ocrx_word' id='word_1_388' title='bbox 1479 2850 1600 2942; x_wconf 86' lang='lat' dir='ltr'>regula</span> <span class='ocrx_word' id='word_1_389' title='bbox 1614 2851 1850 2942; x_wconf 85' lang='lat' dir='ltr'>plurimarum</span> <span class='ocrx_word' id='word_1_390' title='bbox 1859 2852 2039 2934; x_wconf 85' lang='lat' dir='ltr'>actionum</span> <span class='ocrx_word' id='word_1_391' title='bbox 2050 2857 2088 2924; x_wconf 92' lang='lat' dir='ltr'>in</span> <span class='ocrx_word' id='word_1_392' title='bbox 2098 2859 2173 2928; x_wconf 82' lang='lat' dir='ltr'>rita</span> <span class='ocrx_word' id='word_1_393' title='bbox 2182 2861 2225 2954; x_wconf 86' lang='lat'>¹).</span> 
     </span>
    </p>
   </div>
   <div class='ocr_carea' id='block_1_26' title="bbox 1241 2994 1447 3011">
    <p class='ocr_par' dir='ltr' id='par_1_26' title="bbox 1241 2994 1447 3011">
     <span class='ocr_line' id='line_1_74' title="bbox 1241 2994 1447 3011; baseline 0 -6"><span class='ocrx_word' id='word_1_394' title='bbox 1241 2994 1447 3011; x_wconf 42' lang='grc' dir='ltr'>’.φ’-ι-</span> 
     </span>
    </p>
   </div>
   <div class='ocr_carea' id='block_1_27' title="bbox 1275 3045 2226 3392">
    <p class='ocr_par' dir='ltr' id='par_1_27' title="bbox 1275 3045 2226 3392">
     <span class='ocr_line' id='line_1_75' title="bbox 1275 3045 2226 3191; baseline 0.009 -20"><span class='ocrx_word' id='word_1_395' title='bbox 1275 3045 2226 3191; x_wconf 60' lang='lat' dir='ltr'>itatillemontiustilithi·:tiniae</span> 
     </span>
     <span class='ocr_line' id='line_1_76' title="bbox 1306 3191 2225 3261; baseline 0.011 -21"><span class='ocrx_word' id='word_1_396' title='bbox 1306 3192 1358 3241; x_wconf 80' lang='lat' dir='ltr'>tias</span> <span class='ocrx_word' id='word_1_397' title='bbox 1377 3192 1484 3253; x_wconf 79' lang='lat' dir='ltr'>autem,</span> <span class='ocrx_word' id='word_1_398' title='bbox 1503 3191 1564 3240; x_wconf 86' lang='lat' dir='ltr'>siue</span> <span class='ocrx_word' id='word_1_399' title='bbox 1582 3191 1639 3239; x_wconf 84' lang='lat' dir='ltr'>utta</span> <span class='ocrx_word' id='word_1_400' title='bbox 1657 3192 1850 3253; x_wconf 82' lang='lat' dir='ltr'>inscriptione,</span> <span class='ocrx_word' id='word_1_401' title='bbox 1869 3194 1954 3243; x_wconf 72' lang='lat' dir='ltr'>merito</span> <span class='ocrx_word' id='word_1_402' title='bbox 1974 3196 2084 3245; x_wconf 84' lang='lat' dir='ltr'>hrevtus</span> <span class='ocrx_word' id='word_1_403' title='bbox 2102 3202 2225 3261; x_wconf 83' lang='lat' dir='ltr'>exponit.</span> 
     </span>
     <span class='ocr_line' id='line_1_77' title="bbox 1307 3259 2223 3323; baseline 0.009 -13"><span class='ocrx_word' id='word_1_404' title='bbox 1307 3259 1411 3310; x_wconf 80' lang='lat' dir='ltr'>Deinde</span> <span class='ocrx_word' id='word_1_405' title='bbox 1434 3271 1520 3321; x_wconf 83' lang='lat' dir='ltr'>pauca</span> <span class='ocrx_word' id='word_1_406' title='bbox 1543 3260 1577 3308; x_wconf 83' lang='lat' dir='ltr'>de</span> <span class='ocrx_word' id='word_1_407' title='bbox 1600 3261 1687 3308; x_wconf 86' lang='lat' dir='ltr'>vertis</span> <span class='ocrx_word' id='word_1_408' title='bbox 1711 3260 1932 3323; x_wconf 82' lang='lat' dir='ltr'>philosophorum</span> <span class='ocrx_word' id='word_1_409' title='bbox 1957 3266 2042 3315; x_wconf 85' lang='lat' dir='ltr'>sectis</span> <span class='ocrx_word' id='word_1_410' title='bbox 2067 3274 2223 3323; x_wconf 86' lang='lat' dir='ltr'>monentur.</span> 
     </span>
     <span class='ocr_line' id='line_1_78' title="bbox 1308 3330 1848 3392; baseline 0.002 -13"><span class='ocrx_word' id='word_1_411' title='bbox 1308 3330 1374 3379; x_wconf 77' lang='lat' dir='ltr'>Tum</span> <span class='ocrx_word' id='word_1_412' title='bbox 1394 3331 1545 3391; x_wconf 85' lang='lat' dir='ltr'>sequuntur</span> <span class='ocrx_word' id='word_1_413' title='bbox 1562 3330 1629 3377; x_wconf 83' lang='lat' dir='ltr'>haec</span> <span class='ocrx_word' id='word_1_414' title='bbox 1647 3330 1699 3378; x_wconf 92' lang='lat' dir='ltr'>duo</span> <span class='ocrx_word' id='word_1_415' title='bbox 1718 3331 1823 3391; x_wconf 75' lang='lat' dir='ltr'>eapite:</span> <span class='ocrx_word' id='word_1_416' title='bbox 1844 3383 1848 3392; x_wconf 68' lang='grc'>,</span> 
     </span>
    </p>
   </div>
   <div class='ocr_carea' id='block_1_28' title="bbox 1388 3414 2136 3545">
    <p class='ocr_par' dir='ltr' id='par_1_28' title="bbox 1388 3414 2136 3545">
     <span class='ocr_line' id='line_1_79' title="bbox 1388 3414 2136 3486; baseline 0.011 -22"><span class='ocrx_word' id='word_1_417' title='bbox 1388 3415 1437 3464; x_wconf 84' lang='lat' dir='ltr'>De</span> <span class='ocrx_word' id='word_1_418' title='bbox 1454 3414 1662 3464; x_wconf 85' lang='lat' dir='ltr'>discrimine</span> <span class='ocrx_word' id='word_1_419' title='bbox 1681 3414 1914 3466; x_wconf 83' lang='lat' dir='ltr'>Christianae</span> <span class='ocrx_word' id='word_1_420' title='bbox 1931 3418 2136 3486; x_wconf 80' lang='lat' dir='ltr'>doctrinae,</span> 
     </span>
     <span class='ocr_line' id='line_1_80' title="bbox 1605 3484 1922 3545; baseline 0.009 -12"><span class='ocrx_word' id='word_1_421' title='bbox 1605 3486 1639 3533; x_wconf 90' lang='lat' dir='ltr'>et</span> <span class='ocrx_word' id='word_1_422' title='bbox 1657 3484 1922 3545; x_wconf 82' lang='lat' dir='ltr'>Philosophiae.</span> 
     </span>
    </p>
   </div>
   <div class='ocr_carea' id='block_1_29' title="bbox 1301 3568 2226 5423">
    <p class='ocr_par' dir='ltr' id='par_1_29' title="bbox 1303 3568 2226 4444">
     <span class='ocr_line' id='line_1_81' title="bbox 1377 3568 2226 3636; baseline 0.018 -21"><span class='ocrx_word' id='word_1_423' title='bbox 1377 3568 1429 3629; x_wconf 76' lang='lat' dir='ltr'>Qui</span> <span class='ocrx_word' id='word_1_424' title='bbox 1451 3569 1518 3617; x_wconf 77' lang='lat' dir='ltr'>rihni</span> <span class='ocrx_word' id='word_1_425' title='bbox 1540 3568 1614 3618; x_wconf 87' lang='lat' dir='ltr'>inter</span> <span class='ocrx_word' id='word_1_426' title='bbox 1637 3569 1837 3636; x_wconf 77' lang='lat' dir='ltr'>Philosophiana</span> <span class='ocrx_word' id='word_1_427' title='bbox 1861 3574 1887 3619; x_wconf 90' lang='lat' dir='ltr'>et</span> <span class='ocrx_word' id='word_1_428' title='bbox 1913 3571 2095 3625; x_wconf 81' lang='lat' dir='ltr'>christianam</span> <span class='ocrx_word' id='word_1_429' title='bbox 2120 3578 2226 3629; x_wconf 87' lang='lat' dir='ltr'>doetri-</span> 
     </span>
     <span class='ocr_line' id='line_1_82' title="bbox 1306 3638 2225 3707; baseline 0.011 -19"><span class='ocrx_word' id='word_1_430' title='bbox 1306 3649 1370 3689; x_wconf 86' lang='lat' dir='ltr'>nam</span> <span class='ocrx_word' id='word_1_431' title='bbox 1391 3639 1529 3687; x_wconf 87' lang='lat' dir='ltr'>interesse</span> <span class='ocrx_word' id='word_1_432' title='bbox 1547 3639 1721 3698; x_wconf 84' lang='lat' dir='ltr'>existimant,</span> <span class='ocrx_word' id='word_1_433' title='bbox 1739 3641 1767 3686; x_wconf 90' lang='lat' dir='ltr'>et</span> <span class='ocrx_word' id='word_1_434' title='bbox 1785 3638 1854 3687; x_wconf 86' lang='lat' dir='ltr'>idem</span> <span class='ocrx_word' id='word_1_435' title='bbox 1872 3640 2013 3693; x_wconf 77' lang='lat' dir='ltr'>doctrinae</span> <span class='ocrx_word' id='word_1_436' title='bbox 2024 3657 2113 3707; x_wconf 76' lang='lat' dir='ltr'>genus</span> <span class='ocrx_word' id='word_1_437' title='bbox 2128 3648 2225 3699; x_wconf 84' lang='lat' dir='ltr'>Philo·</span> 
     </span>
     <span class='ocr_line' id='line_1_83' title="bbox 1307 3706 2224 3776; baseline 0.009 -20"><span class='ocrx_word' id='word_1_438' title='bbox 1307 3706 1430 3769; x_wconf 86' lang='lat' dir='ltr'>sophiam</span> <span class='ocrx_word' id='word_1_439' title='bbox 1448 3718 1480 3755; x_wconf 88' lang='lat' dir='ltr'>ac</span> <span class='ocrx_word' id='word_1_440' title='bbox 1498 3707 1648 3755; x_wconf 84' lang='lat' dir='ltr'>doctrinam</span> <span class='ocrx_word' id='word_1_441' title='bbox 1666 3706 1812 3768; x_wconf 77' lang='lat' dir='ltr'>Evangelii</span> <span class='ocrx_word' id='word_1_442' title='bbox 1830 3721 1892 3758; x_wconf 84' lang='lat' dir='ltr'>esse</span> <span class='ocrx_word' id='word_1_443' title='bbox 1910 3711 2021 3775; x_wconf 83' lang='lat' dir='ltr'>putent,</span> <span class='ocrx_word' id='word_1_444' title='bbox 2039 3708 2059 3761; x_wconf 89' lang='lat' dir='ltr'>li</span> <span class='ocrx_word' id='word_1_445' title='bbox 2076 3714 2103 3763; x_wconf 88' lang='lat' dir='ltr'>in</span> <span class='ocrx_word' id='word_1_446' title='bbox 2123 3729 2224 3776; x_wconf 75' lang='lat' dir='ltr'>magne</span> 
     </span>
     <span class='ocr_line' id='line_1_84' title="bbox 1307 3775 2223 3844; baseline 0.013 -19"><span class='ocrx_word' id='word_1_447' title='bbox 1307 3788 1404 3825; x_wconf 86' lang='lat' dir='ltr'>errore</span> <span class='ocrx_word' id='word_1_448' title='bbox 1430 3780 1596 3834; x_wconf 84' lang='lat' dir='ltr'>versantur,</span> <span class='ocrx_word' id='word_1_449' title='bbox 1633 3776 1660 3823; x_wconf 90' lang='lat' dir='ltr'>et</span> <span class='ocrx_word' id='word_1_450' title='bbox 1691 3779 1782 3835; x_wconf 81' lang='lat' dir='ltr'>tamen</span> <span class='ocrx_word' id='word_1_451' title='bbox 1815 3777 1877 3826; x_wconf 88' lang='lat' dir='ltr'>huic</span> <span class='ocrx_word' id='word_1_452' title='bbox 1907 3779 2028 3839; x_wconf 88' lang='lat' dir='ltr'>opinioni</span> <span class='ocrx_word' id='word_1_453' title='bbox 2051 3775 2223 3844; x_wconf 74' lang='lat' dir='ltr'>applaudunt</span> 
     </span>
     <span class='ocr_line' id='line_1_85' title="bbox 1305 3844 2223 3913; baseline 0.01 -18"><span class='ocrx_word' id='word_1_454' title='bbox 1305 3845 1384 3895; x_wconf 87' lang='lat' dir='ltr'>multi</span> <span class='ocrx_word' id='word_1_455' title='bbox 1401 3845 1510 3906; x_wconf 75' lang='lat' dir='ltr'>mugiit,</span> <span class='ocrx_word' id='word_1_456' title='bbox 1528 3848 1558 3891; x_wconf 89' lang='lat' dir='ltr'>ut</span> <span class='ocrx_word' id='word_1_457' title='bbox 1576 3844 1705 3893; x_wconf 83' lang='lat' dir='ltr'>videntur</span> <span class='ocrx_word' id='word_1_458' title='bbox 1722 3844 1855 3895; x_wconf 84' lang='lat' dir='ltr'>homines.</span> <span class='ocrx_word' id='word_1_459' title='bbox 1885 3848 1954 3897; x_wconf 78' lang='lat' dir='ltr'>Sunt</span> <span class='ocrx_word' id='word_1_460' title='bbox 1971 3849 2019 3899; x_wconf 85' lang='lat' dir='ltr'>etii</span> <span class='ocrx_word' id='word_1_461' title='bbox 2033 3851 2147 3913; x_wconf 66' lang='lat' dir='ltr'>gretiam</span> <span class='ocrx_word' id='word_1_462' title='bbox 2163 3856 2223 3904; x_wconf 88' lang='lat' dir='ltr'>itit-</span> 
     </span>
     <span class='ocr_line' id='line_1_86' title="bbox 1305 3913 2222 3985; baseline 0.012 -23"><span class='ocrx_word' id='word_1_463' title='bbox 1305 3914 1404 3975; x_wconf 82' lang='lat' dir='ltr'>terati,</span> <span class='ocrx_word' id='word_1_464' title='bbox 1436 3913 1481 3974; x_wconf 90' lang='lat' dir='ltr'>qui</span> <span class='ocrx_word' id='word_1_465' title='bbox 1499 3913 1686 3961; x_wconf 75' lang='lat' dir='ltr'>vociferantur</span> <span class='ocrx_word' id='word_1_466' title='bbox 1704 3917 1850 3973; x_wconf 79' lang='lat' dir='ltr'>praecepta</span> <span class='ocrx_word' id='word_1_467' title='bbox 1868 3916 2053 3978; x_wconf 80' lang='lat' dir='ltr'>philosophice</span> <span class='ocrx_word' id='word_1_468' title='bbox 2075 3934 2135 3971; x_wconf 89' lang='lat' dir='ltr'>cum</span> <span class='ocrx_word' id='word_1_469' title='bbox 2159 3926 2222 3985; x_wconf 91' lang='lat' dir='ltr'>pie-</span> 
     </span>
     <span class='ocr_line' id='line_1_87' title="bbox 1305 3981 2222 4052; baseline 0.014 -22"><span class='ocrx_word' id='word_1_470' title='bbox 1305 3985 1364 4037; x_wconf 85' lang='lat' dir='ltr'>tate</span> <span class='ocrx_word' id='word_1_471' title='bbox 1383 3993 1521 4045; x_wconf 76' lang='lat' dir='ltr'>pngnare,</span> <span class='ocrx_word' id='word_1_472' title='bbox 1554 3993 1638 4042; x_wconf 85' lang='lat' dir='ltr'>eaque</span> <span class='ocrx_word' id='word_1_473' title='bbox 1661 3981 1822 4041; x_wconf 86' lang='lat' dir='ltr'>simpliciter</span> <span class='ocrx_word' id='word_1_474' title='bbox 1846 3983 1989 4037; x_wconf 85' lang='lat' dir='ltr'>damnant:</span> <span class='ocrx_word' id='word_1_475' title='bbox 2020 3989 2066 4049; x_wconf 83' lang='lat' dir='ltr'>qni</span> <span class='ocrx_word' id='word_1_476' title='bbox 2093 3993 2222 4052; x_wconf 74' lang='lat' dir='ltr'>quonian</span> 
     </span>
     <span class='ocr_line' id='line_1_88' title="bbox 1305 4050 2221 4123; baseline 0.013 -24"><span class='ocrx_word' id='word_1_477' title='bbox 1305 4051 1432 4100; x_wconf 84' lang='lat' dir='ltr'>inscitiae</span> <span class='ocrx_word' id='word_1_478' title='bbox 1449 4061 1481 4098; x_wconf 88' lang='lat' dir='ltr'>ac</span> <span class='ocrx_word' id='word_1_479' title='bbox 1500 4050 1633 4097; x_wconf 84' lang='lat' dir='ltr'>stultitiae</span> <span class='ocrx_word' id='word_1_480' title='bbox 1651 4062 1719 4098; x_wconf 76' lang='lat' dir='ltr'>stiae</span> <span class='ocrx_word' id='word_1_481' title='bbox 1744 4051 1904 4112; x_wconf 75' lang='lat' dir='ltr'>religionem</span> <span class='ocrx_word' id='word_1_482' title='bbox 1928 4056 2107 4123; x_wconf 83' lang='lat' dir='ltr'>praetexunt,</span> <span class='ocrx_word' id='word_1_483' title='bbox 2139 4061 2221 4122; x_wconf 81' lang='lat' dir='ltr'>plane</span> 
     </span>
     <span class='ocr_line' id='line_1_89' title="bbox 1307 4113 2221 4190; baseline 0.012 -23"><span class='ocrx_word' id='word_1_484' title='bbox 1307 4123 1387 4180; x_wconf 84' lang='lat' dir='ltr'>sunt,</span> <span class='ocrx_word' id='word_1_485' title='bbox 1407 4122 1436 4167; x_wconf 91' lang='lat' dir='ltr'>ut</span> <span class='ocrx_word' id='word_1_486' title='bbox 1454 4122 1496 4166; x_wconf 86' lang='lat' dir='ltr'>cst</span> <span class='ocrx_word' id='word_1_487' title='bbox 1515 4119 1542 4165; x_wconf 89' lang='lat' dir='ltr'>iu</span> <span class='ocrx_word' id='word_1_488' title='bbox 1556 4118 1716 4178; x_wconf 80' lang='lat' dir='ltr'>proverbio.</span> <span class='ocrx_word' id='word_1_489' title='bbox 1734 4113 1793 4166; x_wconf 81' lang='grc' dir='ltr'>ὄνοι</span> <span class='ocrx_word' id='word_1_490' title='bbox 1810 4115 1925 4184; x_wconf 71' lang='grc' dir='ltr'>ἄγοντες</span> <span class='ocrx_word' id='word_1_491' title='bbox 1940 4119 2085 4188; x_wconf 72' lang='grc' dir='ltr'><strong><em>μυστήρια.</em></strong></span> <span class='ocrx_word' id='word_1_492' title='bbox 2125 4130 2221 4190; x_wconf 77' lang='lat' dir='ltr'>orran-</span> 
     </span>
     <span class='ocr_line' id='line_1_90' title="bbox 1305 4187 2221 4256; baseline 0.014 -21"><span class='ocrx_word' id='word_1_493' title='bbox 1305 4200 1384 4250; x_wconf 84' lang='lat' dir='ltr'>qnaru</span> <span class='ocrx_word' id='word_1_494' title='bbox 1403 4191 1492 4235; x_wconf 89' lang='lat' dir='ltr'>antem</span> <span class='ocrx_word' id='word_1_495' title='bbox 1511 4187 1574 4248; x_wconf 83' lang='lat' dir='ltr'>quid</span> <span class='ocrx_word' id='word_1_496' title='bbox 1598 4187 1766 4237; x_wconf 78' lang='lat' dir='ltr'>seruiendum</span> <span class='ocrx_word' id='word_1_497' title='bbox 1791 4189 1829 4236; x_wconf 85' lang='lat' dir='ltr'>sit</span> <span class='ocrx_word' id='word_1_498' title='bbox 1852 4191 1885 4239; x_wconf 88' lang='lat' dir='ltr'>de</span> <span class='ocrx_word' id='word_1_499' title='bbox 1909 4192 1951 4238; x_wconf 86' lang='lat' dir='ltr'>his</span> <span class='ocrx_word' id='word_1_500' title='bbox 1975 4193 2073 4242; x_wconf 82' lang='lat' dir='ltr'>studiis</span> <span class='ocrx_word' id='word_1_501' title='bbox 2094 4197 2221 4256; x_wconf 85' lang='lat' dir='ltr'>philoso-</span> 
     </span>
     <span class='ocr_line' id='line_1_91' title="bbox 1303 4255 2221 4329; baseline 0.015 -25"><span class='ocrx_word' id='word_1_502' title='bbox 1303 4257 1406 4320; x_wconf 85' lang='lat' dir='ltr'>phicis,</span> <span class='ocrx_word' id='word_1_503' title='bbox 1424 4268 1507 4318; x_wconf 84' lang='lat' dir='ltr'>saepe</span> <span class='ocrx_word' id='word_1_504' title='bbox 1524 4256 1594 4304; x_wconf 84' lang='lat' dir='ltr'>alies</span> <span class='ocrx_word' id='word_1_505' title='bbox 1612 4255 1743 4305; x_wconf 81' lang='lat' dir='ltr'>diximus:</span> <span class='ocrx_word' id='word_1_506' title='bbox 1769 4261 1859 4307; x_wconf 65' lang='lat' dir='ltr'>umen</span> <span class='ocrx_word' id='word_1_507' title='bbox 1870 4259 2051 4320; x_wconf 83' lang='lat' dir='ltr'>qnoniamhic</span> <span class='ocrx_word' id='word_1_508' title='bbox 2064 4265 2141 4314; x_wconf 84' lang='lat' dir='ltr'>iocus</span> <span class='ocrx_word' id='word_1_509' title='bbox 2154 4280 2221 4329; x_wconf 86' lang='lat' dir='ltr'>pro-</span> 
     </span>
     <span class='ocr_line' id='line_1_92' title="bbox 1305 4324 2219 4388; baseline 0.014 -15"><span class='ocrx_word' id='word_1_510' title='bbox 1305 4327 1365 4388; x_wconf 87' lang='lat' dir='ltr'>prie</span> <span class='ocrx_word' id='word_1_511' title='bbox 1383 4326 1409 4373; x_wconf 92' lang='lat' dir='ltr'>id</span> <span class='ocrx_word' id='word_1_512' title='bbox 1427 4325 1535 4388; x_wconf 85' lang='lat' dir='ltr'>poscit,</span> <span class='ocrx_word' id='word_1_513' title='bbox 1565 4324 1684 4372; x_wconf 85' lang='lat' dir='ltr'>hreviter</span> <span class='ocrx_word' id='word_1_514' title='bbox 1709 4327 1738 4374; x_wconf 86' lang='lat' dir='ltr'>et</span> <span class='ocrx_word' id='word_1_515' title='bbox 1760 4325 1804 4375; x_wconf 88' lang='lat' dir='ltr'>hle</span> <span class='ocrx_word' id='word_1_516' title='bbox 1821 4327 1986 4377; x_wconf 85' lang='lat' dir='ltr'>senteutiam</span> <span class='ocrx_word' id='word_1_517' title='bbox 2005 4334 2128 4385; x_wconf 82' lang='lat' dir='ltr'>nostran</span> <span class='ocrx_word' id='word_1_518' title='bbox 2146 4337 2219 4386; x_wconf 86' lang='lat' dir='ltr'>reci-</span> 
     </span>
     <span class='ocr_line' id='line_1_93' title="bbox 1305 4394 1433 4444; baseline 0 0"><span class='ocrx_word' id='word_1_519' title='bbox 1305 4394 1433 4444; x_wconf 79' lang='lat' dir='ltr'>tahiunts.</span> 
     </span>
    </p>

    <p class='ocr_par' dir='ltr' id='par_1_30' title="bbox 1301 4460 2219 5423">
     <span class='ocr_line' id='line_1_94' title="bbox 1369 4460 2217 4523; baseline 0.017 -13"><span class='ocrx_word' id='word_1_520' title='bbox 1369 4461 1543 4523; x_wconf 78' lang='lat' dir='ltr'>Philosophia</span> <span class='ocrx_word' id='word_1_521' title='bbox 1561 4460 1625 4508; x_wconf 78' lang='lat' dir='ltr'>nant</span> <span class='ocrx_word' id='word_1_522' title='bbox 1643 4461 1727 4511; x_wconf 67' lang='lat' dir='ltr'>trion</span> <span class='ocrx_word' id='word_1_523' title='bbox 1743 4463 1776 4511; x_wconf 72' lang='lat' dir='ltr'>oe</span> <span class='ocrx_word' id='word_1_524' title='bbox 1791 4465 1934 4514; x_wconf 77' lang='lat' dir='ltr'>voluntate</span> <span class='ocrx_word' id='word_1_525' title='bbox 1947 4467 2014 4523; x_wconf 76' lang='lat' dir='ltr'>uer,</span> <span class='ocrx_word' id='word_1_526' title='bbox 2032 4470 2098 4519; x_wconf 79' lang='lat' dir='ltr'>nino</span> <span class='ocrx_word' id='word_1_527' title='bbox 2118 4472 2153 4522; x_wconf 76' lang='lat' dir='ltr'>oe</span> <span class='ocrx_word' id='word_1_528' title='bbox 2170 4460 2217 4523; x_wconf 58' lang='lat' dir='ltr'>ie</span> 
     </span>
     <span class='ocr_line' id='line_1_95' title="bbox 1303 4526 2219 4600; baseline 0.011 -18"><span class='ocrx_word' id='word_1_529' title='bbox 1303 4532 1435 4582; x_wconf 87' lang='lat' dir='ltr'>missione</span> <span class='ocrx_word' id='word_1_530' title='bbox 1460 4535 1647 4594; x_wconf 87' lang='lat' dir='ltr'>peccatorum,</span> <span class='ocrx_word' id='word_1_531' title='bbox 1680 4532 1745 4579; x_wconf 87' lang='lat' dir='ltr'>nihii</span> <span class='ocrx_word' id='word_1_532' title='bbox 1771 4533 1804 4580; x_wconf 88' lang='lat' dir='ltr'>de</span> <span class='ocrx_word' id='word_1_533' title='bbox 1828 4533 1942 4598; x_wconf 88' lang='lat' dir='ltr'>timore,</span> <span class='ocrx_word' id='word_1_534' title='bbox 1970 4526 2010 4585; x_wconf 59' lang='lat' dir='ltr'>de&#39;</span> <span class='ocrx_word' id='word_1_535' title='bbox 2028 4538 2128 4590; x_wconf 76' lang='lat' dir='ltr'>fiducie</span> <span class='ocrx_word' id='word_1_536' title='bbox 2150 4555 2219 4600; x_wconf 70' lang='lat' dir='ltr'>erre</span> 
     </span>
     <span class='ocr_line' id='line_1_96' title="bbox 1303 4599 2218 4661; baseline 0.013 -12"><span class='ocrx_word' id='word_1_537' title='bbox 1303 4603 1397 4650; x_wconf 80' lang='lat' dir='ltr'>licum.</span> <span class='ocrx_word' id='word_1_538' title='bbox 1437 4602 1550 4648; x_wconf 81' lang='lat' dir='ltr'>Tantum</span> <span class='ocrx_word' id='word_1_539' title='bbox 1569 4601 1647 4649; x_wconf 88' lang='lat' dir='ltr'>docet</span> <span class='ocrx_word' id='word_1_540' title='bbox 1664 4604 1810 4661; x_wconf 79' lang='lat' dir='ltr'>praecepta</span> <span class='ocrx_word' id='word_1_541' title='bbox 1828 4602 1861 4650; x_wconf 90' lang='lat' dir='ltr'>de</span> <span class='ocrx_word' id='word_1_542' title='bbox 1879 4607 1992 4654; x_wconf 84' lang='lat' dir='ltr'>externa</span> <span class='ocrx_word' id='word_1_543' title='bbox 2011 4610 2038 4655; x_wconf 90' lang='lat' dir='ltr'>et</span> <span class='ocrx_word' id='word_1_544' title='bbox 2056 4609 2131 4658; x_wconf 84' lang='lat' dir='ltr'>civiti</span> <span class='ocrx_word' id='word_1_545' title='bbox 2149 4599 2218 4661; x_wconf 85' lang='lat' dir='ltr'>con-</span> 
     </span>
     <span class='ocr_line' id='line_1_97' title="bbox 1304 4668 2218 4733; baseline 0 -15"><span class='ocrx_word' id='word_1_546' title='bbox 1304 4668 1448 4718; x_wconf 88' lang='lat' dir='ltr'>suetudine</span> <span class='ocrx_word' id='word_1_547' title='bbox 1469 4669 1558 4732; x_wconf 84' lang='lat' dir='ltr'>vitae,</span> <span class='ocrx_word' id='word_1_548' title='bbox 1578 4669 1648 4718; x_wconf 87' lang='lat' dir='ltr'>sicut</span> <span class='ocrx_word' id='word_1_549' title='bbox 1667 4669 1789 4730; x_wconf 81' lang='lat' dir='ltr'>publicae</span> <span class='ocrx_word' id='word_1_550' title='bbox 1802 4670 1877 4731; x_wconf 75' lang='lat' dir='ltr'>teges</span> <span class='ocrx_word' id='word_1_551' title='bbox 1891 4672 2040 4724; x_wconf 82' lang='lat' dir='ltr'>civitatum.</span> <span class='ocrx_word' id='word_1_552' title='bbox 2073 4679 2218 4733; x_wconf 62' lang='lat' dir='ltr'>Attvan.</span> 
     </span>
     <span class='ocr_line' id='line_1_98' title="bbox 1303 4732 2217 4813; baseline 0.015 -28"><span class='ocrx_word' id='word_1_553' title='bbox 1303 4739 1404 4801; x_wconf 83' lang='lat' dir='ltr'>getium</span> <span class='ocrx_word' id='word_1_554' title='bbox 1430 4738 1540 4798; x_wconf 81' lang='lat' dir='ltr'>exponit</span> <span class='ocrx_word' id='word_1_555' title='bbox 1561 4740 1639 4786; x_wconf 77' lang='lat' dir='ltr'>tiohis</span> <span class='ocrx_word' id='word_1_556' title='bbox 1661 4734 1829 4786; x_wconf 77' lang='lat' dir='ltr'>voluntatem</span> <span class='ocrx_word' id='word_1_557' title='bbox 1853 4732 1943 4801; x_wconf 82' lang='lat' dir='ltr'>Dei,‘&#39;</span> <span class='ocrx_word' id='word_1_558' title='bbox 1956 4732 2074 4792; x_wconf 71' lang='lat' dir='ltr'>remittit</span> <span class='ocrx_word' id='word_1_559' title='bbox 2092 4736 2217 4813; x_wconf 77' lang='lat' dir='ltr'>peccata,</span> 
     </span>
     <span class='ocr_line' id='line_1_99' title="bbox 1303 4806 2217 4880; baseline 0.015 -26"><span class='ocrx_word' id='word_1_560' title='bbox 1303 4808 1445 4868; x_wconf 86' lang='lat' dir='ltr'>pollicetur</span> <span class='ocrx_word' id='word_1_561' title='bbox 1464 4806 1594 4867; x_wconf 71' lang='lat' dir='ltr'>spiritum</span> <span class='ocrx_word' id='word_1_562' title='bbox 1611 4809 1747 4866; x_wconf 78' lang='lat' dir='ltr'>sanctino,</span> <span class='ocrx_word' id='word_1_563' title='bbox 1769 4806 1813 4868; x_wconf 84' lang='lat' dir='ltr'>qui</span> <span class='ocrx_word' id='word_1_564' title='bbox 1830 4808 1914 4857; x_wconf 83' lang='lat' dir='ltr'>corda</span> <span class='ocrx_word' id='word_1_565' title='bbox 1931 4810 2037 4871; x_wconf 87' lang='lat' dir='ltr'>piorum</span> <span class='ocrx_word' id='word_1_566' title='bbox 2053 4818 2217 4880; x_wconf 71' lang='lat' dir='ltr'>sordificat,</span> 
     </span>
     <span class='ocr_line' id='line_1_100' title="bbox 1303 4876 2216 4937; baseline 0.014 -13"><span class='ocrx_word' id='word_1_567' title='bbox 1303 4881 1330 4924; x_wconf 89' lang='lat' dir='ltr'>et</span> <span class='ocrx_word' id='word_1_568' title='bbox 1348 4876 1591 4925; x_wconf 80' lang='lat' dir='ltr'>vitarn&#39;eetcrnnm</span> <span class='ocrx_word' id='word_1_569' title='bbox 1608 4877 1696 4937; x_wconf 78' lang='lat' dir='ltr'>affert.</span> <span class='ocrx_word' id='word_1_570' title='bbox 1732 4877 1841 4925; x_wconf 87' lang='lat' dir='ltr'>interea</span> <span class='ocrx_word' id='word_1_571' title='bbox 1859 4878 1928 4924; x_wconf 86' lang='lat' dir='ltr'>toris</span> <span class='ocrx_word' id='word_1_572' title='bbox 1944 4879 2011 4928; x_wconf 81' lang='lat' dir='ltr'>sinit</span> <span class='ocrx_word' id='word_1_573' title='bbox 2028 4892 2080 4931; x_wconf 81' lang='lat' dir='ltr'>nos</span> <span class='ocrx_word' id='word_1_574' title='bbox 2098 4886 2138 4934; x_wconf 89' lang='lat' dir='ltr'>uti</span> <span class='ocrx_word' id='word_1_575' title='bbox 2155 4897 2216 4936; x_wconf 81' lang='lat' dir='ltr'>nio-</span> 
     </span>
     <span class='ocr_line' id='line_1_101' title="bbox 1302 4943 2219 5013; baseline 0.014 -21"><span class='ocrx_word' id='word_1_576' title='bbox 1302 4945 1378 4993; x_wconf 82' lang='lat' dir='ltr'>rihns</span> <span class='ocrx_word' id='word_1_577' title='bbox 1394 4943 1533 5002; x_wconf 82' lang='lat' dir='ltr'>civilibus,</span> <span class='ocrx_word' id='word_1_578' title='bbox 1560 4945 1630 4993; x_wconf 79' lang='lat' dir='ltr'>sterit</span> <span class='ocrx_word' id='word_1_579' title='bbox 1647 4945 1722 5007; x_wconf 86' lang='lat' dir='ltr'>etho,</span> <span class='ocrx_word' id='word_1_580' title='bbox 1745 4948 1823 5006; x_wconf 85' lang='lat' dir='ltr'>potu,</span> <span class='ocrx_word' id='word_1_581' title='bbox 1848 4945 1951 4995; x_wconf 81' lang='lat' dir='ltr'>vestitu</span> <span class='ocrx_word' id='word_1_582' title='bbox 1974 4949 2083 5001; x_wconf 89' lang='lat' dir='ltr'>utimur.</span> <span class='ocrx_word' id='word_1_583' title='bbox 2131 4955 2169 5004; x_wconf 76' lang='lat' dir='ltr'>ut</span> <span class='ocrx_word' id='word_1_584' title='bbox 2184 4958 2219 5013; x_wconf 76' lang='lat' dir='ltr'>ut</span> 
     </span>
     <span class='ocr_line' id='line_1_102' title="bbox 1302 5013 2217 5087; baseline 0.01 -27"><span class='ocrx_word' id='word_1_585' title='bbox 1302 5015 1391 5074; x_wconf 79' lang='lat' dir='ltr'>othris,</span> <span class='ocrx_word' id='word_1_586' title='bbox 1423 5016 1516 5073; x_wconf 89' lang='lat' dir='ltr'>potus,</span> <span class='ocrx_word' id='word_1_587' title='bbox 1549 5013 1682 5066; x_wconf 85' lang='lat' dir='ltr'>vestitus.</span> <span class='ocrx_word' id='word_1_588' title='bbox 1716 5025 1761 5061; x_wconf 81' lang='lat' dir='ltr'>res</span> <span class='ocrx_word' id='word_1_589' title='bbox 1786 5016 1945 5076; x_wconf 77' lang='lat' dir='ltr'>corporales</span> <span class='ocrx_word' id='word_1_590' title='bbox 1962 5021 2041 5080; x_wconf 76' lang='lat' dir='ltr'>sunt,</span> <span class='ocrx_word' id='word_1_591' title='bbox 2071 5016 2217 5087; x_wconf 61' lang='lat' dir='ltr'>quee&#39;noj</span> 
     </span>
     <span class='ocr_line' id='line_1_103' title="bbox 1302 5082 2218 5155; baseline 0.014 -24"><span class='ocrx_word' id='word_1_592' title='bbox 1302 5083 1441 5145; x_wconf 87' lang='lat' dir='ltr'>pertinent</span> <span class='ocrx_word' id='word_1_593' title='bbox 1459 5082 1493 5130; x_wconf 84' lang='lat' dir='ltr'>ad</span> <span class='ocrx_word' id='word_1_594' title='bbox 1511 5083 1573 5131; x_wconf 86' lang='lat' dir='ltr'>fidei</span> <span class='ocrx_word' id='word_1_595' title='bbox 1592 5082 1736 5147; x_wconf 83' lang='lat' dir='ltr'>iustitiam:</span> <span class='ocrx_word' id='word_1_596' title='bbox 1755 5083 1794 5130; x_wconf 84' lang='lat' dir='ltr'>ita</span> <span class='ocrx_word' id='word_1_597' title='bbox 1811 5096 1902 5131; x_wconf 82' lang='lat' dir='ltr'>mores</span> <span class='ocrx_word' id='word_1_598' title='bbox 1919 5085 2016 5136; x_wconf 77' lang='lat' dir='ltr'>civiter</span> <span class='ocrx_word' id='word_1_599' title='bbox 2033 5099 2089 5139; x_wconf 86' lang='lat' dir='ltr'>nou</span> <span class='ocrx_word' id='word_1_600' title='bbox 2104 5093 2218 5155; x_wconf 80' lang='lat' dir='ltr'>pariunt</span> 
     </span>
     <span class='ocr_line' id='line_1_104' title="bbox 1301 5149 2217 5218; baseline 0.012 -18"><span class='ocrx_word' id='word_1_601' title='bbox 1301 5151 1393 5200; x_wconf 87' lang='lat' dir='ltr'>cordis</span> <span class='ocrx_word' id='word_1_602' title='bbox 1410 5150 1548 5202; x_wconf 82' lang='lat' dir='ltr'>iustitiam.</span> <span class='ocrx_word' id='word_1_603' title='bbox 1581 5149 1702 5199; x_wconf 80' lang='lat' dir='ltr'>Proinde</span> <span class='ocrx_word' id='word_1_604' title='bbox 1720 5152 1778 5199; x_wconf 87' lang='lat' dir='ltr'>toto</span> <span class='ocrx_word' id='word_1_605' title='bbox 1796 5152 1873 5201; x_wconf 86' lang='lat' dir='ltr'>coeto</span> <span class='ocrx_word' id='word_1_606' title='bbox 1892 5158 2002 5217; x_wconf 86' lang='lat' dir='ltr'>errant,</span> <span class='ocrx_word' id='word_1_607' title='bbox 2020 5158 2066 5218; x_wconf 73' lang='lat' dir='ltr'>qui</span> <span class='ocrx_word' id='word_1_608' title='bbox 2083 5160 2151 5209; x_wconf 75' lang='lat' dir='ltr'>nihii</span> <span class='ocrx_word' id='word_1_609' title='bbox 2171 5160 2217 5211; x_wconf 77' lang='lat' dir='ltr'>in·</span> 
     </span>
     <span class='ocr_line' id='line_1_105' title="bbox 1302 5220 2219 5283; baseline 0.012 -15"><span class='ocrx_word' id='word_1_610' title='bbox 1302 5223 1345 5269; x_wconf 88' lang='lat' dir='ltr'>ter</span> <span class='ocrx_word' id='word_1_611' title='bbox 1365 5220 1565 5281; x_wconf 80' lang='lat' dir='ltr'>Philosophiam</span> <span class='ocrx_word' id='word_1_612' title='bbox 1585 5221 1613 5267; x_wconf 87' lang='lat' dir='ltr'>et</span> <span class='ocrx_word' id='word_1_613' title='bbox 1629 5220 1811 5282; x_wconf 70' lang='lat' dir='ltr'>Euangeliou</span> <span class='ocrx_word' id='word_1_614' title='bbox 1831 5221 1965 5271; x_wconf 78' lang='lat' dir='ltr'>iuteresse</span> <span class='ocrx_word' id='word_1_615' title='bbox 1983 5224 2111 5282; x_wconf 77' lang='lat' dir='ltr'>iudicent.</span> <span class='ocrx_word' id='word_1_616' title='bbox 2146 5229 2219 5283; x_wconf 71' lang='lat' dir='ltr'>nn</span> 
     </span>
     <span class='ocr_line' id='line_1_106' title="bbox 1301 5288 2219 5354; baseline 0.014 -16"><span class='ocrx_word' id='word_1_617' title='bbox 1301 5289 1476 5351; x_wconf 82' lang='lat' dir='ltr'>Philosophia</span> <span class='ocrx_word' id='word_1_618' title='bbox 1492 5291 1551 5337; x_wconf 89' lang='lat' dir='ltr'>tota</span> <span class='ocrx_word' id='word_1_619' title='bbox 1569 5288 1637 5335; x_wconf 91' lang='lat' dir='ltr'>nihii</span> <span class='ocrx_word' id='word_1_620' title='bbox 1654 5290 1793 5350; x_wconf 87' lang='lat' dir='ltr'>continet,</span> <span class='ocrx_word' id='word_1_621' title='bbox 1813 5289 1865 5337; x_wconf 86' lang='lat' dir='ltr'>nisi</span> <span class='ocrx_word' id='word_1_622' title='bbox 1883 5296 2029 5354; x_wconf 79' lang='lat' dir='ltr'>praecepta</span> <span class='ocrx_word' id='word_1_623' title='bbox 2047 5295 2081 5345; x_wconf 82' lang='lat' dir='ltr'>de</span> <span class='ocrx_word' id='word_1_624' title='bbox 2099 5302 2219 5351; x_wconf 68' lang='lat' dir='ltr'>externe</span> 
     </span>
     <span class='ocr_line' id='line_1_107' title="bbox 1302 5356 2219 5423; baseline 0.012 -16"><span class='ocrx_word' id='word_1_625' title='bbox 1302 5358 1424 5414; x_wconf 83' lang='lat' dir='ltr'>actione,</span> <span class='ocrx_word' id='word_1_626' title='bbox 1444 5369 1512 5422; x_wconf 73' lang='lat' dir='ltr'>qiua,</span> <span class='ocrx_word' id='word_1_627' title='bbox 1532 5360 1562 5405; x_wconf 91' lang='lat' dir='ltr'>ut</span> <span class='ocrx_word' id='word_1_628' title='bbox 1580 5357 1619 5404; x_wconf 89' lang='lat' dir='ltr'>ita</span> <span class='ocrx_word' id='word_1_629' title='bbox 1636 5356 1738 5423; x_wconf 74' lang='lat' dir='ltr'>dimin,</span> <span class='ocrx_word' id='word_1_630' title='bbox 1756 5361 1885 5420; x_wconf 82' lang='lat' dir='ltr'>tanquam</span> <span class='ocrx_word' id='word_1_631' title='bbox 1903 5359 1930 5408; x_wconf 91' lang='lat' dir='ltr'>in</span> <span class='ocrx_word' id='word_1_632' title='bbox 1943 5372 2041 5423; x_wconf 71' lang='lat' dir='ltr'>mene,</span> <span class='ocrx_word' id='word_1_633' title='bbox 2058 5364 2088 5413; x_wconf 83' lang='lat' dir='ltr'>tn</span> <span class='ocrx_word' id='word_1_634' title='bbox 2105 5367 2157 5417; x_wconf 83' lang='lat' dir='ltr'>hee</span> <span class='ocrx_word' id='word_1_635' title='bbox 2173 5369 2219 5419; x_wconf 84' lang='lat' dir='ltr'>et·</span> 
     </span>
    </p>
   </div>
   <div class='ocr_carea' id='block_1_30' title="bbox 1301 5424 2217 5498">
    <p class='ocr_par' dir='ltr' id='par_1_31' title="bbox 1301 5424 2217 5498">
     <span class='ocr_line' id='line_1_108' title="bbox 1301 5424 2217 5498; baseline 0.009 -22"><span class='ocrx_word' id='word_1_636' title='bbox 1301 5427 1352 5478; x_wconf 85' lang='lat' dir='ltr'>viti</span> <span class='ocrx_word' id='word_1_637' title='bbox 1373 5426 1505 5480; x_wconf 79' lang='lat' dir='ltr'>societrte</span> <span class='ocrx_word' id='word_1_638' title='bbox 1529 5424 1667 5479; x_wconf 83' lang='lat' dir='ltr'>hominurn</span> <span class='ocrx_word' id='word_1_639' title='bbox 1688 5427 1818 5480; x_wconf 77' lang='lat' dir='ltr'>utendum</span> <span class='ocrx_word' id='word_1_640' title='bbox 1838 5429 1891 5480; x_wconf 74' lang='lat' dir='ltr'>eat.</span> <span class='ocrx_word' id='word_1_641' title='bbox 1933 5428 2119 5498; x_wconf 62' lang='lat' dir='ltr'>hermelin</span> <span class='ocrx_word' id='word_1_642' title='bbox 2147 5450 2217 5490; x_wconf 79' lang='lat' dir='ltr'>vero</span> 
     </span>
    </p>
   </div>
   <div class='ocr_carea' id='block_1_31' title="bbox 0 0 2276 5766">
    <p class='ocr_par' dir='ltr' id='par_1_32' title="bbox 0 0 2276 5766">
     <span class='ocr_line' id='line_1_109' title="bbox 0 0 2276 5766; baseline 0 0"><span class='ocrx_word' id='word_1_643' title='bbox 0 0 2276 5766; x_wconf 95' lang='lat' dir='ltr'> </span> 
     </span>
    </p>
   </div>
  </div>
 </body>
</html>
