4544 5766
54 220 132 295 tot
406 210 480 290 lli-¹
508 211 801 297 {ENARBATIO
833 208 973 293 unul
987 208 1045 285 tlt
1075 208 1365 287 ETlllGORUM
1396 210 1724 295 ARISTOTELIS·
2000 216 2077 293 862

52 390 278 482 Respondet:
313 376 627 480 intemperantiam
651 388 764 478 magis
789 408 861 457 esse
878 387 1042 456 volunta·
1094 399 1242 478 gantur,
1269 388 1317 456 sic
1332 401 1483 479 vagatur
1500 387 1672 480 appetitio
1688 383 2010 482 intemperantiae,
2030 402 2076 473 et,

52 494 164 576 riam,
193 494 277 587 quia
293 491 408 581 magis
422 490 624 559 voluntaria
638 503 733 573 sunt,
759 515 849 584 quae
864 490 1042 580 eliguntur
1093 503 1133 558 nt
1149 489 1252 582 pueri
1272 487 1482 560 cohercendi
1507 504 1542 560 et
1563 492 1713 582 cogendi
1735 506 1836 576 sunt,
1868 494 1917 562 sic
1941 493 2077 584 appeti-

52 597 128 668 sine
146 596 332 664 coactione
347 594 487 687 aliqua,
513 594 712 687 voluptates
730 617 805 661 non
821 592 870 662 sic
887 594 1043 662 offerunt
1093 593 1409 683 tioneserrantes‚
1438 606 1531 662 recta
1555 595 1695 663 ratione
1717 596 1938 677 domandae,
1971 607 2005 663 ct
2020 619 2076 663 re-

52 722 88 770 se
110 698 235 782 nobis,
274 712 316 768 ut
338 688 468 787 cogant
488 719 576 779 nos,
616 695 706 765 sicut
735 706 854 764 terror
880 696 1041 764 nolentes
1092 695 1299 787 primendac
1332 709 1427 767 snnt.
1478 695 1581 765 Haec·
1605 698 1648 764 de
1680 708 1805 788 graeco
1830 696 1976 767 nomine
2007 697 2077 767 dis·

53 802 186 872 obruit.
237 799 301 869 Est
315 796 423 890 igitur
445 797 720 889 intemperantia
742 798 854 890 magis
876 799 1042 868 volunta·
1092 811 1283 889 putantur,
1326 802 1387 870 sed
1418 801 1513 891 apud
1543 797 1691 893 Latinos
1717 802 1880 869 distincta
1902 798 2076 870 vocabula

52 905 125 989 ria,
153 906 307 996 ideoque
332 901 446 992 magis
467 897 774 992 reprehendenda.
833 900 926 971 Nam
950 896 1040 993 quae
1092 913 1175 969 sunt
1189 901 1354 970 lasciviae
1370 916 1403 971 et
1426 902 1743 994 intemperantiae,
1779 916 1813 971 et
1838 905 1967 994 gradus
1992 925 2077 971 con·

54 1008 165 1097 magis
181 1007 221 1075 in
237 1017 409 1098 potestate
424 1016 546 1072 nostra
562 1017 662 1088 sunt,
696 1003 808 1094 magis
822 1005 964 1072 laudem
980 1014 1041 1071 aut
1091 1004 1247 1072 siderare
1262 1004 1349 1073 utile
1365 1018 1427 1075 est.

54 1109 354 1202 vituperationem
376 1119 579 1189 merentur,
610 1106 692 1199 quia
709 1106 805 1175 Deus
825 1107 901 1174 vult
920 1104 1041 1196 puniri
1192 1104 1354 1175 Lascivia
1373 1121 1425 1177 est
1439 1107 1600 1199 pronitas
1623 1109 1669 1175 ad
1691 1106 1811 1177 varios
1832 1109 1936 1177 ludos
1958 1119 1993 1175 et
2014 1130 2076 1174 va-

53 1209 374 1282 ltumanisiudiciis
389 1209 539 1300 turpiter
554 1210 665 1291 facta,
692 1210 769 1278 vult
786 1205 960 1277 honorem
978 1207 1041 1275 tri-
1091 1207 1162 1277 rias
1177 1209 1397 1301 voluptates,
1422 1210 1498 1280 sinc
1523 1210 1760 1294 contumelia,
1793 1233 1856 1279 scu
1880 1211 1955 1279 sine
1980 1207 2077 1300 cupi-

55 1315 227 1385 bni-rocte
244 1314 355 1384 sactis.
394 1308 479 1380 Ideo
493 1324 610 1381 autem
622 1325 744 1380 movet
758 1308 851 1380 hanc
864 1309 1041 1405 quaestio·
1092 1311 1201 1378 ditate
1224 1312 1393 1396 nocendi,
1435 1311 1511 1382 sine
1531 1312 1694 1403 flagitiis,
1731 1325 1772 1380 ut
1794 1312 1945 1382 dicimus
1968 1334 2078 1405 equos

56 1442 153 1501 nem,
196 1429 239 1488 ut
259 1417 451 1484 admoneat
474 1415 587 1506 magis
612 1415 847 1483 necessariam
871 1414 1039 1482 virtutem
1091 1413 1263 1484 lascivire.
1313 1414 1413 1485 Alius
1439 1416 1568 1507 gradus
1592 1427 1644 1484 est
1665 1415 1881 1506 petulantia,
1916 1412 2079 1506 pronitas

57 1546 144 1604 esse,
177 1532 213 1588 et
235 1531 402 1610 oportere
418 1517 530 1608 magis
548 1541 773 1585 communem
789 1516 949 1585 omnium
968 1538 1041 1584 esse
1092 1517 1137 1584 ad
1164 1518 1396 1587 contumelias
1426 1518 1625 1601 faciendas,
1665 1542 1727 1587 scu
1751 1517 1812 1607 ubi
1834 1542 1901 1609 pro
1927 1517 2079 1585 delecta·

57 1623 347 1715 temperantiam,
370 1645 478 1713 qnam
493 1619 753 1689 fortitudinem.
805 1619 888 1689 Non
904 1619 1041 1688 estfor-
1092 1632 1214 1688 mento
1236 1615 1389 1689 habetur
1412 1619 1500 1690 alios
1521 1619 1738 1690 contumelia
1763 1620 1923 1702 afficere,
1963 1631 2004 1687 ut
2034 1617 2078 1686 de

57 1728 97 1796 tis
114 1725 289 1807 Ovidius,
328 1724 391 1794 sed
423 1736 543 1791 tamen
572 1723 618 1791 sit
646 1735 848 1813 temperans
880 1721 918 1788 in
948 1721 1041 1802 cibo,
1092 1721 1239 1792 Neratio
1256 1722 1377 1791 scribit
1394 1721 1604 1818 Gelliusffl),
1629 1748 1708 1791 cum
1724 1746 1839 1813 poena
1863 1719 2014 1790 iniuriae
2028 1718 2078 1788 lc·

58 1841 160 1921 potu,
187 1841 223 1896 et
236 1827 315 1897 aliis
330 1825 583 1916 voluptatibus.
643 1824 801 1917 Turpius
823 1822 1042 1893 estAlexan·
1093 1825 1202 1894 vioris
1225 1839 1315 1894 esset
1327 1821 1377 1898 25
1391 1849 1503 1909 asses,
1536 1825 1679 1894 solitum
1695 1823 1882 1896 Neratium
1909 1817 2078 1914 colaphos

59 1935 119 2001 dro
144 1932 244 2025 quod
275 1930 453 1999 deformat
473 1953 510 1997 se
533 1927 702 1996 ebrietate
729 1941 764 1997 et
789 1926 1041 2008 obscoenitate,
1094 1930 1177 1996 dare
1194 1927 1514 2019 praetereuntibus,
1542 1923 1722 1996 ethabere
1739 1951 1882 1997 servum
1899 1925 2078 2007 comitem,

61 2033 206 2130 quamsi
221 2033 366 2123 fugisset
382 2056 424 2099 ex
440 2031 547 2133 acia·
1028 2062 1031 2068 ·
1093 2031 1155 2125 qui
1172 2054 1260 2099 mox
1283 2031 1496 2100 numerabat
1516 2031 1707 2113 mulctam,
1741 2031 1803 2100 sed
1824 2025 1892 2097 hoc
1917 2026 2077 2119 exemplo

10 2220 12 2239 Ι
154 2152 309 2222 Haecin
328 2174 455 2241 genere
472 2173 620 2218 monere
643 2149 760 2232 volui,
787 2161 961 2218 etvemm
978 2160 1041 2230 est,
1092 2133 1182 2201 moti
1199 2146 1399 2224 praetores,
1424 2157 1578 2225 poenam
1594 2134 1794 2224 graviorem
1809 2131 2080 2212 constituerunt,

10 2254 12 2293 ⁵
63 2268 220 2347 oportere
251 2253 364 2343 magis
397 2276 624 2321 communem
650 2275 722 2321 csse
747 2247 839 2319 hanc
860 2251 1045 2321 virtutem.v
1092 2262 1178 2304 nam
1219 2237 1416 2327 Petulantia
1453 2261 1528 2304 110ss
1562 2237 1679 2306 solum
1710 2261 1791 2305 cum
1820 2234 1994 2303 modestia
2024 2230 2081 2299 vel

63 2358 160 2450 Quod
176 2357 317 2427 veroin
334 2352 484 2449 textum)
508 2355 656 2437 dicitur,
689 2353 916 2422 timiditatem
940 2354 1042 2422 aliter
1092 2339 1364 2409 mansuetudine
1385 2351 1540 2430 pugnat,
1570 2339 1633 2408 scd
1657 2364 1736 2408 cum
1758 2337 1911 2420 iustitia,
1935 2332 2081 2406 Graecis

63 2486 126 2532 csse
141 2458 404 2543 voluntariam,
429 2483 537 2551 quam
551 2457 710 2548 singulae
725 2456 1041 2540 constemationes,
1094 2455 1146 2512 0⁵1
1162 2438 1343 2540 aottyaa.
1395 2439 1494 2510 Idem
1515 2453 1568 2512 0⁵2
1590 2441 1824 2532 PPOiBI'VilssS’
1857 2434 2081 2532 Pr⁰ssll³⁵³d

64 2565 105 2635 sie
125 2562 357 2653 intelligatur,
416 2559 516 2652 Ipsae
538 2559 861 2643 consternationes,
895 2571 936 2629 ut
958 2584 1041 2627 con·
1092 2568 1223 2636 pravas
1246 2544 1467 2634 voluptates,
1506 2554 1541 2611 et
1565 2544 1610 2611 ad
1635 2541 1868 2612 contumelias
1888 2541 2080 2610 faciendas.

64 2679 142 2751 stat,
166 2669 287 2734 minus
309 2674 392 2733 sunt
413 2663 656 2745 voluntariae,
685 2661 768 2754 quia
786 2675 904 2730 terror
921 2662 1042 2730 obruit
1092 2646 1260 2738 Nequitia
1277 2645 1451 2736 Significat
1466 2645 1668 2713 affectatam
1684 2645 1879 2729 levitatem,
1906 2644 1979 2713 sive
1999 2666 2079 2711 cum

63 2773 227 2839 nolentes.
278 2766 356 2858 lpse
373 2790 459 2834 vero
478 2761 621 2834 babitus
638 2777 689 2833 est
706 2764 831 2858 aliquo·
842 2765 951 2832 modo
978 2789 1041 2832 vo.
1094 2747 1320 2831 contumelia,
1341 2747 1414 2818 sive
1431 2772 1511 2816 cum
1528 2747 1736 2817 libidinibus
1753 2745 1992 2828 coniunctam,
2006 2743 2079 2813 sive

63 2871 250 2956 lanterius,
276 2882 317 2939 ut
332 2883 469 2938 caetera
485 2869 584 2953 vitia,
611 2867 695 2960 quia
712 2867 791 2936 ideo
810 2869 1042 2936 confirmatur
1093 2850 1201 2944 graiis
1216 2851 1409 2921 ludentem·
1461 2848 1629 2943 Nequitia
1643 2850 1711 2919 fuit
1720 2848 1912 2918 Alcibiadis
1929 2844 2080 2916 etAxio·

65 2974 245 3056 timiditas,
272 2971 355 3066 qnia
370 2973 466 3042 ultro
488 2971 665 3040 omittitur
688 2970 903 3040 adsuefactio
926 2972 971 3038 ad
993 2970 1042 3037 se.
1093 2951 1162 3038 chi,
1190 2953 1251 3047 qui
1268 2948 1897 3023 consuetudinemhabueruntambo
1914 2971 2081 3019 eumuna

67 3079 184 3148 rendos
204 3076 363 3157 dolores,
396 3099 435 3143 ac
460 3075 595 3165 singula
617 3075 709 3141 facta
732 3072 1041 3164 intemperantiae,
1094 3059 1249 3153 quadam
1265 3056 1433 3138 muliere,
1460 3080 1611 3149 cumque
1628 3053 1791 3124 alterutri
1814 3063 1898 3121 nata
1923 3064 2012 3124 esset:
2037 3074 2080 3120 ex

66 3195 134 3251 sunt
153 3202 302 3272 prorsus
322 3178 545 3260 voluntaria,
587 3177 663 3266 ipsa
686 3198 771 3243 vero
800 3176 1042 3266 intemperan.
1094 3187 1134 3230 ea
1150 3160 1251 3249 filia,
1274 3171 1396 3249 postea
1420 3169 1569 3251 uterque
1592 3183 1672 3227 cum
1694 3157 1765 3226 filia
1789 3155 2081 3226 consuetudinem

66 3285 102 3354 tia
127 3283 268 3364 minus,
309 3279 395 3374 quia
418 3281 627 3350 confirmata
650 3278 906 3348 consuetudine
929 3277 1042 3368 magis
1093 3259 1239 3345 habuit,
1267 3274 1302 3329 et
1318 3263 1450 3329 cubans
1473 3261 1569 3351 apud
1591 3261 1762 3344 alterum,
1791 3259 1975 3327 dicebatur
1994 3257 2081 3326 alte-

68 3390 166 3457 ardet.
1092 3367 1167 3435 rins
1191 3363 1274 3433 filia.
1322 3360 1419 3431 Haec
1441 3360 1566 3455 Lysias
1589 3362 1627 3429 in
1652 3363 1814 3431 oratione
1842 3362 1997 3454 quadam
2019 3361 2082 3429 ob·

153 3489 293 3582 Quarta
311 3483 470 3579 quaestio
487 3496 540 3553 est
561 3484 604 3550 de
626 3481 771 3550 nomine
794 3476 1041 3575 ἀχολασίαθῑ),
1093 3469 1175 3538 iecit
1195 3463 1394 3548 Alcibiadi,
1435 3476 1476 3533 ut
1503 3465 1631 3532 recitat
1658 3460 1861 3533 Athenaeus
1872 3461 1930 3557 88).
1995 3458 2080 3531 Ideo

67 3592 173 3685 Quare
208 3583 392 3661 ἀκολασία
420 3610 609 3654 commune
637 3608 770 3652 nomen
794 3596 845 3652 est
877 3582 1041 3653 lasciviae
1095 3564 1294 3639 autemlrae
1311 3562 1481 3636 historiae
1503 3565 1783 3635 considerandae
1807 3578 1913 3649 sunt,
1943 3575 2081 3635 utcau-

68 3694 183 3787 paerili
217 3705 252 3761 et
280 3689 595 3780 intemperantiae,
639 3687 921 3780 quia'quaedam
949 3685 1042 3753 inter
1093 3697 1152 3744 sae
1167 3693 1379 3760 magnarum
1396 3667 1659 3754 calamitatum,
1693 3692 1784 3765 quae
1800 3681 1923 3760 postea
1940 3681 2081 3740 secutae

68 3793 139 3869 baec
156 3793 353 3868 similitudo
370 3804 438 3875 est,
464 3803 505 3861 ut
520 3788 672 3883 pueriles
689 3788 801 3857 animi
815 3788 853 3856 in
868 3787 962 3858 ludis
980 3810 1041 3856 va·
1093 3786 1196 3860 sunt,
1218 3773 1420 3843 videantur.
2001 3806 2004 3811 -

1094 3921 1300 3940 μ-

72 4001 261 4017 -..„....
497 3966 507 3976 ’
1126 3992 1175 4051 et)
1193 3988 1386 4042 retrusum.
1397 3989 1454 4039 att.
1466 3988 1643 4054 xx‚1.aunc
1657 3987 1791 4041 nemnem
1806 3988 1955 4051 inprobum
1969 3986 2080 4038 nuceum

94 4060 316 4122 saturietatem
339 4061 424 4111 verbu
446 4059 508 4108 Etb.
531 4058 550 4107 l.
570 4057 596 4107 3.
619 4070 642 4109 c.
665 4057 706 4107 12.
731 4055 759 4118 S.
779 4055 805 4105 3.
829 4056 910 4104 sunt:
947 4049 1044 4114 Δόξειί
1161 4060 1306 4111 veratium
1323 4063 1414 4108 vocat.

124 4126 200 4184 r'oe'r
217 4124 271 4195 οὐχ
288 4123 391 4196 ὁμοίως
407 4122 563 4189 trodonei
578 4121 663 4177 δειλία
677 4113 750 4176 εἶναι
763 4116 902 4183 τοῖςκαθ’
915 4117 1041 4181 [aanor.
1125 4144 1174 4211 8³)
1193 4144 1293 4193 Athen·
1312 4140 1496 4204 Dgffpnmpg·
1509 4140 1570 4195 m
1588 4153 1612 4197 ο.
1624 4140 1651 4192 9·
1671 4140 1698 4206 s·
1710 4139 1755 4193 ω.
1773 4141 1862 4201 (Tm
1874 4139 1923 4191 w.
1939 4153 1965 4204 p·
1975 4138 2027 4191 433
2035 4151 2078 4203 q·

97 4231 143 4298 tu
153 4235 269 4288 artoot
287 4232 308 4284 l.
323 4232 342 4283 1.
360 4232 381 4288 l.
392 4231 418 4284 3.
436 4244 460 4286 c.
474 4230 517 4284 ¹2.
534 4229 562 4293 S.
578 4229 605 4282 5.
1161 4213 1203 4264 od.
1222 4210 1493 4274 Schweighaeuser).
