4544 5766
117 198 195 279 tta

118 368 260 441 electio.
319 369 420 452 Hane
452 374 717 447 conclusionem
749 379 937 447 confirmat
972 377 1106 448 dictum

114 471 244 556 Pauli,
280 473 314 544 1.
329 471 489 554 Timotlr.
506 478 541 560 3,
565 478 653 574 (1.):
688 479 762 572 Qui
782 480 1025 573 episcopatum
1050 483 1109 550 dc·

473 745 656 798 Virtutum
675 747 815 802 divisio.

531 850 677 900 Fortitudo

432 928 434 931 ·
530 920 725 981 Temperantia

222 984 326 1033 Sordes
528 988 696 1040 Liberalitas

220 1049 424 1118 priaporrpe‘rrua
528 1056 752 1122 μεγαλοπρέπεια

220 1123 338 1170 iiumilis
354 1123 461 1172 animus
528 1127 691 1188 Magnitudo

220 1190 364 1252 Cupiditas
383 1193 495 1242 bonuris

219 1260 325 1308 lentus
343 1260 450 1310 animus
528 1265 709 1314 blansnetudo

218 1328 410 1379 Dissimulatio
529 1333 644 1382 Veritas

219 1396 367 1447 insulsitas

219 1465 369 1517 morositas

179 813 186 822 ⁴
224 845 368 897 sturnus

838 853 959 903 Audacia

837 923 1050 984 Intemperantia

838 992 965 1041 Prolusio

836 1062 975 1124 privaverit

835 1130 920 1179 animi
937 1131 1037 1179 ilastus

835 1199 953 1247 Ambitio

835 1268 979 1317 lracuudia

835 1337 953 1385 vanitas

836 1406 997 1456 scurrilitas

834 1475 998 1523 assentatio

834 1543 1006 1601 ingratitudo

834 1611 1003 1673 impudentia

833 1679 978 1730 iniustitia.

529 1402 678 1451 Urbanitas

528 1470 655 1518 Amicitia

527 1539 674 1588 Gratitudo

527 1608 706 1660 verecundia

525 1677 635 1726 iustitia

219 1604 321 1664 stupor

551 1783 691 1831 Summa.

529 1868 551 1916 1.
574 1868 665 1917 Causa
676 1866 789 1917 virtutis

529 1936 556 1987 2.
574 1939 669 1986 Gerros
833 1939 928 1990 Obiter
947 1940 980 1989 tie
998 1940 1105 1989 adecti-

527 2004 553 2052 5.
573 2005 736 2055 iiiliereutia
868 2012 916 2057 bus
954 2015 981 2057 et
1016 2011 1104 2060 medio

526 2076 551 2121 4.
571 2075 698 2123 Definitio
718 2077 777 2126 tota
867 2078 990 2131 virtutis.

526 2144 552 2192 5.
570 2144 686 2196 Divisio.

424 2238 567 2290 Primus
584 2245 796 2295 Etlricorum.

358 2325 469 2375 Ettrices
488 2329 608 2384 coerano
627 2333 671 2377 est
691 2330 786 2390 utilis,

423 2396 446 2441 1.
466 2395 551 2443 Docet
569 2397 641 2445 eninr
660 2399 860 2448 humanitatem.

425 2462 451 2514 2.
469 2466 505 2513 iit
525 2470 591 2514 sum
610 2467 672 2516 iude
689 2472 771 2517 natae
790 2469 877 2531 leges.

456 2533 492 2581 Et
509 2535 626 2583 irorresta
646 2549 759 2598 quoque.

454 2602 536 2650 Ducit
554 2604 625 2652 enirn
645 2606 776 2654 bominem
796 2605 880 2654 insui
895 2606 980 2670 ipsius

425 2672 447 2721 l.
467 2671 657 2734 cognitionem
676 2674 795 2724 civilem.

421 2740 446 2789 2.
464 2742 500 2788 a't
518 2746 561 2789 est
581 2743 679 2792 dorium
697 2744 756 2795 Dei.

455 2809 567 2857 illuiturn
595 2825 700 2874 quoque
718 2813 831 2874 prodest
850 2815 952 2866 collata
972 2831 1031 2868 cum

420 2877 510 2926 sacris
529 2879 628 2928 literis.

452 2946 780 2999 PraeiertrirAristotelis
788 2953 955 3016 pbilosopbia
967 2958 1031 3007 aliis

420 3027 480 3062 curn
512 3019 623 3076 propter
649 3023 740 3067 certas
770 3021 1030 3087 demonstrationes,

419 3085 474 3132 tunr
493 3088 605 3145 propter
624 3089 785 3140 methodum.

557 3206 670 3267 Caput
689 3208 708 3258 i.

185 3305 207 3356 l.
224 3301 367 3365 Quaelibet
384 3303 418 3353 ad
437 3307 540 3356 certrrm
560 3312 659 3359 natura
677 3316 721 3360 est
739 3314 853 3364 condita·
866 3316 954 3368 linem

181 3374 206 3423 2.
224 3373 349 3434 optimos
368 3378 413 3421 est
430 3375 493 3423 linis
512 3379 621 3427 tandem
640 3384 667 3429 et
685 3395 830 3441 sopiremus
848 3386 994 3437 balreudns.

248 3442 308 3488 Non
330 3440 434 3490 iuliuito
453 3448 552 3494 natura
570 3461 667 3498 errore
685 3454 811 3507 vacatur.

180 3510 207 3562 1.
224 3511 265 3559 tie
282 3509 398 3557 bominis
417 3512 478 3563 line.
516 3516 580 3565 'iria
599 3521 663 3566 srrnt
681 3520 756 3568 vitae
771 3533 888 3577 genera:
908 3524 1020 3583 politica
1036 3527 1098 3585 pio-

212 3579 299 3637 riam,
331 3579 486 3640 voluptaria
504 3586 690 3649 voluptatem,
724 3589 849 3639 studiosa
867 3592 1004 3643 virtatem.
1055 3597 1098 3644 lili

212 3648 296 3711 igitur
314 3648 469 3698 rectissime
488 3654 628 3715 sentiunt,
656 3657 700 3718 qui
719 3658 895 3709 foelicitatem
912 3661 993 3712 iirrem
1010 3664 1098 3714 bomi-

213 3717 257 3765 nis
276 3727 341 3763 esse
359 3716 495 3772 iudicant.
515 3733 584 3782 arrae
604 3727 645 3771 est
664 3726 776 3773 virtutis
796 3728 876 3779 actio.

179 3790 204 3835 4.
221 3784 271 3834 iiic
288 3783 414 3834 Platonis
433 3790 596 3839 senteutiam
615 3795 797 3853 reprehendit.

242 3852 307 3901 idea
326 3857 369 3901 est
389 3859 511 3914 perlecta
530 3860 569 3906 rei
587 3863 723 3918 conuitio.
754 3864 880 3915 doctrina
906 3871 933 3915 et
951 3881 1003 3916 usu
1021 3881 1096 3918 corn·

211 3923 309 3984 parata
332 3924 359 3969 et
385 3927 554 3978 confirmata.
596 3928 673 3980 Plato
699 3933 845 3982 collocavit
869 3935 1045 3986 foelicitatem
1070 3939 1095 3986 in

209 3991 335 4108 mrem
369 3991 482 4042 virtutis
518 3996 637 4057 notitia,
680 4013 749 4062 quae
780 4002 877 4065 gignat
905 4010 933 4052 et
963 4008 1098 4069 gubernet

256 4070 340 4107 raum.

177 4129 201 4177 5.
225 4130 277 4176 list
295 4130 385 4176 autem
411 4130 548 4180 foelicitas
575 4135 645 4184 actio
671 4139 818 4187 secundum
841 4141 967 4203 optimam
986 4145 1014 4194 et
1031 4158 1095 4206 per-

210 4197 388 4246 fectissimam
407 4198 537 4248 virtatem
558 4201 585 4250 in
604 4205 662 4255 vita
680 4208 812 4266 perlecta.

244 4266 295 4314 iiic
316 4266 422 4329 colligit
445 4268 679 4323 demonstratione
703 4279 779 4324 certa
798 4277 876 4326 baem
897 4278 1012 4328 bominis
1032 4293 1096 4332 esse

209 4333 422 4396 eius'propriam
441 4339 585 4389 actionem.
622 4343 688 4391 Nam
707 4357 766 4392 curn
785 4348 844 4393 tres
863 4346 937 4396 vitae
954 4348 1010 4397 sint
1028 4363 1095 4408 gra-

209 4399 275 4459 dus',
295 4405 469 4465 vegetativa,
491 4409 628 4460 sensitiva
646 4416 674 4460 et
692 4413 853 4474 rationalis,
872 4416 972 4464 tertius
991 4421 1094 4480 gradus

208 4472 325 4521 bominis
344 4477 388 4522 est
406 4475 546 4536 proprius.

208 4571 335 4620 nationis
354 4571 407 4620 uuo
427 4574 518 4624 orrea
583 4545 707 4595 rura-ari
725 4548 758 4598 1¹0
776 4550 905 4602 moribus.

523 4611 532 4640 '
584 4616 726 4675 inquirere
746 4623 879 4669 naturam.

176 4681 200 4728 a.
220 4677 358 4726 conciliat
377 4691 454 4729 sitam
475 4684 641 4731 seutentiam
660 4698 718 4733 cum
737 4687 807 4736 aliis.

176 4749 203 4801 8,
226 4747 300 4803 (sic,
331 4748 434 4798 ornisso
459 4751 499 4808 7.)
527 4752 663 4813 Voluptas
692 4758 736 4802 est
761 4756 952 4807 convenientia
977 4761 1092 4811 actionis

208 4829 267 4864 conr
286 4819 393 4864 natura.
438 4818 489 4868 list
506 4824 596 4870 atatem
615 4835 672 4869 crrnr
693 4822 720 4870 ia
739 4837 840 4876 seusu.
872 4829 928 4875 tum
947 4827 974 4877 in
991 4831 1091 4883 animo.

206 4885 339 4944 Epicurus
359 4885 488 4936 virtutem
509 4902 561 4936 uon
582 4894 740 4949 expeteret,
772 4894 796 4940 si
824 4906 878 4943 non
903 4901 979 4945 esset
998 4899 1023 4947 ei
1040 4901 1091 4948 ad-

207 4953 263 5001 dita
280 4952 418 5012 voluptas.
456 4958 622 5006 aristoteles
640 4961 726 5008 solam
746 4974 794 5022 per
813 4975 843 5010 se
859 4966 971 5024 expetit.

241 5023 276 5069 iit
293 5022 462 5071 Aristoteles
482 5030 562 5074 vocat
586 5027 752 5087 voluptatem
777 5034 999 5090 approbationem
1023 5050 1091 5085 cou-

206 5089 352 5148 scientiue,
387 5091 521 5151 Epicurus
548 5097 710 5145 vacuitatem
735 5099 848 5147 doloris.
902 5103 1091 5165 Requirontur

204 5161 296 5205 autern
315 5157 349 5204 nd
368 5157 542 5210 foelicitatem
561 5165 616 5213 tria
635 5165 762 5215 bonorum
782 5179 893 5225 genera.

172 5228 198 5276 9.
222 5226 329 5275 causae
346 5227 520 5286 foelicitatis,
546 5233 671 5282 iudicium
689 5237 819 5288 rationis.
846 5243 873 5285 et
891 5239 1021 5289 voluntas
1040 5244 1090 5291 ob-

204 5296 370 5354 temperans.
412 5298 472 5344 Nisi
497 5301 567 5348 enim
592 5305 667 5349 esset
692 5305 718 5351 iu
743 5308 840 5353 nostra
863 5311 1003 5367 potestate
1030 5322 1088 5359 eam

204 5373 321 5423 parare,
345 5364 418 5412 laisa
437 5370 511 5415 esset
530 5371 676 5422 sententia.
712 5373 790 5420 i'inis
809 5379 852 5422 cst
871 5375 996 5424 omuibus
1015 5378 1088 5425 iudi-

206 5431 298 5480 viduis
315 5431 343 5479 iu
362 5444 521 5498 unaquaque
539 5439 633 5499 specie
650 5442 809 5496 communis.
851 5444 897 5495 sic
915 5447 957 5495 est
974 5445 1089 5498 liberum

398 198 1038 281 :eiliazliitaauariouaat
1056 203 1100 277 V.
1131 202 1421 279 ETEIGORUM
1453 198 1779 281 maroam&
1817 228 1879 267 «ε’

2068 207 2148 285 ut

1158 377 1301 461 siderei,
1326 378 1462 446 bonnm
1480 400 1569 467 opus
1582 380 1771 464 desiderat,
1796 378 1836 448 id
1851 394 1914 465 est,
1939 381 2143 474 sicutpium

1157 495 1229 564 est,
1255 505 1291 551 se
1307 483 1353 550 ad
1367 480 1455 550 alios
1470 474 1638 553 lronestos
1662 496 1697 551 et
1718 484 1904 575 possibiles
1928 484 2068 556 labores
2092 487 2143 554 oi-

1156 586 1266 667 serrc,
1292 584 1341 654 sic
1356 584 1454 673 pium
1470 596 1540 667 est,
1566 610 1602 654 se
1620 587 1666 653 ad
1680 587 1831 656 docendi
1844 599 1907 657 aut
1922 587 2144 676 girberuandi

1156 688 1316 757 laborem
1349 687 1496 769 offerre,
1536 687 1566 756 si
1590 689 1636 758 sit
1656 690 1844 760 mediocris
1870 690 2064 774 industria,
2110 703 2145 759 et

1157 792 1289 860 Paulus
1303 791 1439 858 bonurn
1457 790 1634 874 nominat,
1661 815 1734 859 non
1750 794 1866 862 solorn
1881 794 1965 886 quia
1974 794 2051 862 Deo
2068 793 2144 884 pla-

1158 907 1230 976 cet,
1255 904 1290 961 et
1304 893 1382 961 aliis
1396 894 1549 962 salutare
1565 907 1633 975 est,
1660 895 1863 978 sedetiam,
1891 896 1973 989 quia
1989 899 2142 965 arduum

1159 1009 1228 1078 est,
1257 1008 1292 1063 ei
1306 1021 1380 1064 uon
1397 994 1472 1064 sine
1489 997 1609 1066 multis
1625 997 1816 1067 virtutibus
1832 999 1999 1068 sustineri
2015 1012 2143 1090 potest.

1158 1101 1227 1168 Sed
1242 1100 1352 1168 rnrdta
1372 1099 1609 1183 obiiciuutur,
1634 1100 1791 1190 primum
1805 1097 1890 1169 hoc:

1207 1203 1290 1273 'Non
1317 1213 1370 1270 est
1391 1203 1588 1292 appetenda
1615 1203 1825 1291 gubernatio
1848 1204 1942 1273 ultra
1964 1203 2057 1270 vires
2079 1227 2143 1269 no·

1259 1318 1348 1374 siras
1379 1305 1515 1393 posita,
1556 1304 1637 1399 qaia
1662 1303 2142 1399 dicitur(it0m.1a‚16.):

1258 1407 1396 1473 Altiora
1415 1419 1447 1473 tc
1466 1431 1539 1473 non
1556 1420 1712 1498 appetas.

1208 1508 1427 1579 Gubernatio
1451 1534 1530 1577 cum
1545 1508 1741 1593 Ecclesiae,
1768 1523 1844 1580 tum
1870 1509 2016 1600 politiae
2039 1509 2144 1600 longe

1259 1624 1403 1702 superat
1418 1611 1510 1680 vires
1526 1606 1713 1682 humanas.

1206 1714 1290 1784 Non
1306 1728 1357 1783 cst
1376 1713 1484 1803 igitur
1502 1719 1714 1804 appetenda.

1259 1817 1381 1885 Minor
1402 1816 1587 1886 manifesta
1611 1830 1683 1900 est,
1725 1829 1759 1884 et
1781 1821 1816 1888 2.
1835 1813 1996 1885 Corinth.
2013 1815 2049 1898 3,
2071 1808 2142 1906 (5.)

1157 1920 1249 1988 clare
1275 1920 1423 1989 dicitur:
1463 1919 1546 1988 Non
1578 1945 1698 1988 sumus
1727 1919 1937 1988 sufficientes
1965 1943 2008 1987 er
2039 1917 2142 1986 nobis

1156 2023 1357 2114 prospicere
1374 2022 1520 2116 aliquid.
1571 2019 1676 2091 Item:
1702 2021 1818 2091 Nemo
1834 2034 1949 2112 potest
1964 2019 2031 2091 silvi
2047 2019 2143 2113 quic·

1157 2151 1264 2218 quarn
1281 2149 1438 2207 sumere,
1473 2123 1542 2192 nisi
1563 2125 1596 2191 ci
1619 2128 1740 2193 datum
1765 2125 1811 2193 sit
1832 2124 2048 2217 desupert').
2099 2121 2145 2190 El

1156 2228 1325 2296 Salomon
1341 2252 1501 2319 expresse
1528 2227 1646 2319 inquit
1672 2227 1724 2321 (i.
1742 2226 1830 2316 Reg.
1849 2227 1885 2309 3,
1902 2225 1974 2320 9.),
2011 2252 2046 2295 se
2069 2250 2143 2293 non

1155 2356 1257 2421 posse
1282 2356 1403 2421 regere
1427 2341 1563 2397 tantam
1585 2330 1850 2398 multitudinem
1878 2329 2014 2421 populi.
2073 2328 2142 2395 lte·

1154 2436 1333 2523 spondeo:
1371 2433 1543 2521 Neganda
1567 2446 1618 2501 est
1641 2432 1777 2514 maior,
1810 2456 1896 2499 nam
1917 2445 2069 2524 utraque
2092 2442 2143 2501 est

1154 2560 1259 2618 vera,
1294 2548 1328 2603 et
1348 2536 1529 2605 sciendum
1551 2548 1621 2618 esi,
1654 2535 1928 2624 gubernationes
1949 2559 2056 2625 supra
2079 2559 2143 2603 no·

1154 2651 1244 2706 stras
1258 2639 1350 2707 vires
1367 2638 1500 2728 positas
1514 2662 1606 2719 csse,
1633 2649 1802 2704 ettamen
1818 2639 2035 2727 appetendas
2056 2661 2143 2720 esse,

1154 2743 1262 2809 modo
1285 2741 1422 2812 adieras
1447 2735 1533 2807 haec
1556 2741 1646 2821 duo,
1680 2739 1904 2823 fidelitatem,
1943 2753 1978 2808 et
2000 2738 2143 2829 petitio-

1155 2868 1236 2910 nem
1254 2843 1368 2911 divini
1384 2843 1519 2913 auxilii.
1560 2842 1614 2910 De
1631 2842 1798 2910 fidelitate
1815 2842 1946 2911 dicitur
1966 2844 1998 2912 1.
2015 2842 2096 2910 Cor.
2106 2839 2143 2924 4,

1154 2945 1242 3041 (2.);
1269 2947 1346 3014 Hoc
1370 2945 1407 3013 in
1428 2944 1600 3014 ministris
1622 2946 1843 3035 postulatur,
1868 2958 1909 3014 ut
1926 2944 2038 3013 fidelis
2063 2943 2141 3037 quis

1152 3050 1366 3119 inveniatur.
1433 3048 1602 3118 Fidelitas
1632 3061 1751 3116 autern
1785 3049 1857 3117 duo
1883 3047 2141 3139 complectitur,

1152 3153 1405 3222 conscientiam
1435 3151 1625 3221 mediocris
1653 3151 1870 3236 industriae,
1921 3163 1956 3220 et
1993 3151 2139 3240 diligen-

1152 3256 1251 3325 tiam.
1321 3255 1414 3325 Nam
1452 3257 1614 3354 adferens
1644 3253 1886 3344 ignorantiam
1915 3255 2141 3337 adfectatam,

1151 3359 1301 3427 infidelis
1319 3371 1380 3428 est.
1432 3359 1482 3426 Ut
1500 3357 1594 3426 enirn
1619 3357 1736 3447 ignari
1764 3357 1850 3428 artis
1872 3357 2051 3438 medicae,
2078 3355 2141 3449 qrri

1151 3473 1271 3529 tamen
1284 3464 1497 3551 profitentur
1510 3486 1546 3529 se
1565 3459 1739 3542 medicos,
1761 3473 1845 3529 sunt
1857 3460 2082 3551 impostores,
2106 3470 2141 3526 et

1253 3698 1395 3748 arbitrium
1413 3695 1441 3744 in
1460 3696 1585 3746 civilibus
1603 3696 1753 3746 virtutibus
1771 3697 1964 3759 aliquousque,
1994 3695 2141 3758 impeditur·

1253 3768 1324 3816 euim
1343 3777 1534 3827 nonuunquam
1553 3767 1712 3829 effectibus,
1730 3778 1919 3828 nonnunquam
1938 3778 1955 3814 a
1974 3767 2087 3820 Satarra.

1221 3837 1261 3888 10.
1281 3835 1412 3884 Corrnrtat
1426 3835 1537 3883 solonis
1551 3835 1724 3886 seutentiam.
1760 3836 1916 3896 Propositio
1928 3846 1997 3884 vera
2010 3835 2044 3883 de
2054 3845 2139 3896 prae-

1252 3906 1337 3954 terito
1355 3905 1447 3952 babuit
1464 3916 1557 3953 veram
1577 3905 1610 3953 de
1629 3906 1767 3965 praesenti
1786 3917 1908 3967 quoque,
1933 3904 2069 3953 loeiicitas
2087 3914 2138 3951 au-

1254 3977 1308 4022 teur
1328 3986 1381 4020 norr
1400 3973 1502 4033 pendet
1519 3985 1537 4021 a
1554 3975 1674 4022 iortoua.
1724 3974 1818 4035 Neque
1843 3973 1992 4021 infortunia
2009 3971 2138 4019 virtutem

1253 4045 1331 4091 beate
1348 4043 1503 4102 excutiunt3
1523 4046 1565 4090 est
1581 4043 1651 4091 euim
1670 4056 1719 4090 ceo
1738 4043 1837 4097 cubus,
1859 4043 1919 4091 lieri
1938 4045 2027 4089 tamen
2047 4042 2137 4099 potest

1251 4115 1281 4159 ut
1299 4111 1462 4172 impediant,
1493 4115 1521 4160 et
1544 4111 1579 4159 ad
1597 4111 1804 4160 tuloelicitatem
1822 4111 2007 4171 transierant,
2039 4109 2063 4155 si
2082 4108 2137 4156 siut

1250 4191 1358 4239 maana.

1217 4250 1259 4298 ll.
1279 4250 1355 4297 iiuae
1377 4247 1495 4296 bominis
1519 4250 1629 4308 partes:
1662 4246 1823 4303 Rationale,
1855 4246 1926 4307 qood
1951 4245 2083 4294 dividitur
2106 4246 2135 4294 iu

1251 4318 1377 4366 iodicium
1403 4318 1446 4364 vel
1471 4319 1604 4374 nrcutem,
1635 4319 1662 4364 et
1686 4315 1881 4376 appetitivnmt
1916 4315 2083 4366 lrrationale
2107 4316 2134 4364 in

1249 4387 1410 4435 sensitivam
1431 4387 1458 4432 ct
1477 4384 1669 4441 vegetativum.
1721 4385 1879 4433 sententia:
1904 4384 1985 4432 ilatio
2006 4399 2135 4447 παρακα-

1250 4453 1293 4504 lai
1309 4456 1343 4504 ad
1362 4454 1479 4515 optima,
1495 4457 1537 4500 est
1555 4452 1710 4512 accipienda
1729 4451 1762 4500 de
1781 4453 1895 4511 notitiis,
1915 4464 1984 4514 qrrae
2002 4466 2054 4502 nos
2067 4457 2134 4502 iror-

1249 4526 1344 4573 tautur
1361 4525 1396 4573 ad
1414 4523 1552 4571 virtutem.
1596 4521 1662 4568 nam
1682 4521 1705 4569 si
1723 4521 1854 4570 iustitiam
1872 4522 2049 4572 cbristianam
2069 4536 2134 4585 spe-

1248 4597 1322 4645 ctes,
1354 4591 1498 4653 prudentia
1521 4590 1613 4637 caruis
1640 4602 1714 4637 nrors
1740 4592 1790 4640 est.
1839 4590 1907 4639 iliae
1925 4592 2001 4653 ipsae
2019 4593 2135 4642 notitiae

1249 4661 1421 4723 quantumvis
1438 4661 1524 4707 bonae
1543 4670 1596 4706 noa
1614 4659 1764 4709 viviircaut.

1180 4760 1228 4828 88)
1248 4767 1312 4824 seu]
1332 4762 1371 4826 (p.
1384 4760 1457 4824 411.)
1476 4761 1516 4809 sic
1536 4761 1772 4826 taratantara,
1793 4762 1884 4827 1550,
1907 4763 1999 4830 itia,
2020 4764 2094 4814 1557.
2107 4769 2135 4815 et

1216 4835 1305 4895 1560,
1323 4834 1351 4881 iu
1369 4833 1440 4881 Edit.
1457 4831 1530 4880 1545.
1550 4830 1636 4878 deest.

1176 4935 1225 4992 89)
1244 4934 1394 4991 adserenti]
1420 4937 1460 4993 (p.
1479 4931 1555 4987 412.)
1580 4930 1619 4980 sic
1644 4930 1727 4980 Editt.
1754 4932 1847 4995 1545,
1884 4933 1973 4998 itia,
2008 4933 2081 4987 1550.
2106 4937 2133 4984 et

1215 5004 1306 5066 1500.;
1331 5002 1415 5053 adiit,
1439 5002 1511 5049 1554.
1532 5005 1559 5049 ct
1580 4999 1655 5050 1557.
1673 5000 1824 5052 adserendi.

1176 5104 1426 5166 90))11111111111111]
1447 5102 1580 5164 (ρ.412.)
1606 5102 1646 5150 sic
1669 5103 1860 5163 1101111545,
1887 5103 1982 5165 lata,
2009 5106 2083 5154 1550.
2104 5108 2131 5153 ot

1213 5175 1301 5235 15110.)
1326 5174 1498 5223 latablata.
1518 5175 1545 5219 et
1565 5170 1640 5221 1557.
1659 5171 1844 5232 permittendi.

1175 5278 1225 5334 91)
1242 5276 1292 5334 iis]
1314 5280 1353 5337 (p.
1368 5277 1442 5333 412.)
1461 5275 1501 5322 sic
1521 5276 1596 5322 recte
1615 5273 1698 5323 adia.
1716 5274 1805 5337 lata,
1826 5275 1916 5339 raia,
1936 5276 2028 5339 tabi„
2054 5274 2129 5326 1557.

1211 5349 1239 5394 et
1260 5347 1352 5408 1560.;
1370 5345 1442 5394 Edit.
1461 5344 1533 5392 1546.
1553 5343 1581 5390 11.

1175 5444 1224 5503 92)
1245 5445 1324 5496 coni.
1344 5445 1438 5496 loson.
1458 5446 1499 5510 19,
1520 5442 1559 5492 11.
