4544 5766
123 209 199 282 807

447 377 585 488 Caput
600 368 789 477 xnt‘1).

230 545 447 614 Praemonet
488 540 657 607 lectorem
694 561 764 630 qua
798 536 842 604 de
876 558 914 605 re
948 534 1113 627 deinceps

130 649 287 719 dicturus
324 647 387 727 sit,
436 655 471 710 ct
503 641 604 736 quasi
632 640 891 733 praefationem
921 663 961 707 ac
993 663 1114 732 παρα-

131 747 266 842 σκευὴν
281 748 435 819 secuudo
452 746 545 813 libro
561 744 761 837 praeponit.
812 741 959 824 Dicam,
984 741 1113 834 inquit,

131 857 174 921 de
193 853 342 933 virtute,
370 849 468 918 cuius
483 862 611 917 natura
630 859 664 914 et
678 844 838 937 partibus
855 843 1015 934 cognitis,
1038 868 1114 912 ma-

131 956 182 1046 gis
198 953 352 1045 perspici
366 952 510 1044 poterit,
529 975 620 1043 quae
635 950 681 1020 sit
694 949 753 1016 illa
770 947 967 1030 beatitudo,
982 949 1026 1015 de
1043 972 1111 1039 qua
1168 985 1176 1000 ·

131 1058 305 1141 diximus,
332 1069 367 1124 et
390 1057 434 1123 ad
458 1077 565 1147 quam
588 1053 627 1120 in
646 1049 714 1121 hac
736 1050 828 1118 vitae
848 1051 1115 1133 consuetudine,

132 1160 317 1250 dirigenda
331 1171 413 1229 sunt
438 1156 595 1226 consilia.
658 1156 728 1224 Sed
749 1153 919 1248 quoniam
936 1152 1048 1222 virtus
1064 1167 1116 1223 est

132 1264 274 1333 animae
298 1261 444 1354 propria
468 1273 502 1328 ct
523 1261 567 1327 ab
591 1257 711 1326 anima
734 1257 867 1338 oritur,
900 1279 1040 1326 necesse
1065 1268 1116 1326 cst

132 1367 268 1460 aliquid
297 1366 339 1433 de
372 1367 510 1431 animae
542 1360 676 1430 viribus
708 1386 770 1431 seu
800 1359 1043 1442 facultatibus,
1082 1371 1117 1428 et

133 1471 176 1538 de
193 1468 340 1538 diversis
354 1465 594 1535 functionibus
609 1463 696 1547 dici,
729 1477 769 1533 ut
791 1465 906 1532 fontes
933 1486 972 1531 ac
996 1463 1115 1532 sedem

133 1571 273 1641 virtutis
296 1570 480 1661 propriam
505 1582 753 1638 monstremus.
813 1564 864 1633 Ac
887 1568 1038 1634 multum
1062 1589 1117 1633 re-

131 1676 202 1743 scrt
218 1677 264 1742 ad
277 1675 448 1763 regendas
463 1672 639 1753 actiones,
673 1669 760 1739 scire
787 1668 917 1736 virium
942 1668 1117 1751 ordinem,

133 1780 364 1858 consensum,
415 1788 476 1844 aut
510 1774 785 1855 dissensionem,
837 1783 878 1840 ut
912 1771 1117 1860 cogitemus,

134 1904 245 1974 quae,
271 1892 304 1947 et
320 1879 447 1972 quibus
464 1872 612 1946 habenis
635 1876 794 1965 singulae
817 1876 1012 1942 frenandae
1035 1873 1116 1942 sint.

130 1983 236 2053 Meus
253 1981 452 2050 eruditione
469 1980 622 2069 indiget,
650 1980 812 2047 voluntas
832 1989 867 2045 et
889 2000 950 2044 cor
971 1975 1117 2045 flectun-

133 2099 193 2154 tur
215 2085 443 2176 persuasione
466 2095 500 2151 et
525 2082 798 2161 assuefactione,
829 2092 870 2150 ut
892 2078 996 2147 cives.
1047 2078 1117 2147 Po-

133 2188 244 2257 tentia
266 2187 400 2254 motiva
424 2198 476 2255 est
496 2184 646 2275 imperio
667 2179 906 2263 cohercenda,
947 2194 988 2250 ut
1013 2182 1117 2251 servi.

132 2290 229 2361 Haec
251 2290 388 2358 occasio
413 2301 465 2358 est
483 2288 686 2370 Aristoteli,
726 2282 785 2355 hic
807 2284 1029 2353 discernendi
1053 2308 1116 2375 po-

134 2393 278 2484 tentias:
315 2390 482 2461 discernit
504 2404 621 2459 autern
644 2386 712 2458 hoc
736 2391 857 2457 modo.
917 2386 1116 2455 Facultates

134 2497 275 2565 animae
293 2496 383 2564 duae
398 2507 499 2577 sunt,
520 2493 704 2564 rationalis
720 2505 754 2561 et
769 2515 893 2583 expers
907 2489 1068 2559 rationis.

233 2596 434 2667 Rationalis
458 2610 509 2666 est
530 2597 675 2689 proprie
699 2620 789 2690 quae
820 2594 972 2676 iudicat,
1008 2591 1116 2682 eligit,

133 2701 227 2783 vult,
254 2716 405 2771 autnon
427 2701 504 2770 vult
529 2724 588 2782 ea,
612 2724 702 2792 quae
726 2700 945 2779 offeruntur,
972 2708 1116 2764 0100111-

131 2804 298 2897 plectitur
322 2819 479 2872 mentem
502 2815 537 2870 et
558 2802 790 2870 voluntatem.
841 2798 882 2868 ln
900 2811 1018 2867 mente
1034 2809 1116 2867 sunt

131 2907 297 2986 notitiae,
326 2930 416 2998 quac
437 2906 636 2994 gubernant
651 2903 839 2984 virtutem,
867 2913 901 2970 et
923 2897 991 2969 hae
1014 2925 1116 2989 regu-

131 3008 186 3077 lae
212 3007 382 3076 divinitus
401 3008 533 3074 inditae
557 3002 782 3102 hominibus,
808 3018 890 3075 sunt
904 3005 984 3073 sons
1005 3003 1115 3072 virtu-

131 3123 221 3178 tum.
280 3109 453 3179 Voluntas
477 3121 529 3177 cst
547 3108 660 3199 libera
680 3108 750 3191 vis,
784 3131 1023 3200 prosequens,
1054 3116 1116 3175 aut

131 3211 295 3280 reiiciens
317 3212 466 3281 obiecta.
517 3207 749 3305 Loquiturli)
776 3210 871 3279 enim
894 3212 936 3278 de
954 3208 1114 3278 civilibus

132 3313 351 3396 actionibus,
379 3315 468 3383 utin
486 3314 651 3405 Scipione
678 3339 778 3384 mens
802 3313 982 3382 iudicabat
1003 3308 1113 3380 hone-

130 3430 224 3487 stum
241 3442 326 3500 esse,
352 3442 426 3485 non
443 3417 577 3486 violare
593 3414 778 3487 honestam
794 3417 981 3507 virginem,
1008 3438 1114 3505 spon-

130 3544 206 3589 sam
224 3520 293 3587 viri
308 3520 438 3589 nobilis
448 3517 497 3615 ¹¹).
555 3520 729 3592 Voluntas
743 3521 904 3611 agnitum
919 3520 1024 3588 decus
1040 3541 1114 3586 am-

129 3622 314 3714 plectitur,
341 3636 375 3691 et
392 3624 527 3714 virgine
545 3625 609 3693 ista
628 3623 804 3694 abstinere
821 3623 915 3705 vult,
943 3636 977 3691 et
1002 3622 1113 3712 impe-

130 3740 187 3794 rat
203 3726 355 3796 externis
374 3726 560 3809 membris,
586 3741 626 3796 ut
642 3754 677 3797 se
694 3726 911 3795 contineant.

229 3828 258 3897 F
261 3831 392 3898 acultas
408 3829 558 3898 rationis
572 3854 714 3920 expers,
738 3842 789 3899 est
807 3829 947 3918 duplex.
995 3824 1113 3917 Quae-

128 3934 210 4000 dam
228 3957 374 4022 prorsus
389 3957 463 3999 non
479 3943 596 4023 potest
612 3934 857 4023 obtemperare
882 3927 1034 4010 iudicio,
1074 3939 1114 3995 ut

128 4034 180 4104 vis
196 4035 379 4117 nutritiva,
406 4034 606 4104 communis
620 4031 759 4104 homini
775 4059 853 4103 eum
870 4031 1014 4124 plantis,
1037 4053 1113 4097 non

129 4139 224 4206 enim
240 4152 342 4230 potes
358 4138 535 4228 imperare
554 4138 750 4207 ventriculo
772 4138 980 4204 coctionem.
1032 4131 1111 4199 Alia

127 4254 244 4332 potest
277 4244 543 4331 obtemperare,
579 4254 614 4309 et
642 4237 734 4309 hanc
765 4245 869 4308 vocat
899 4235 1111 4330 participem

126 4344 296 4425 rationis,
331 4356 371 4412 ut
391 4368 530 4427 sensus,
573 4356 608 4411 et
630 4341 841 4436 appetitiva,
876 4365 966 4433 quac
990 4362 1111 4409 sensus

127 4445 336 4528 comitatur,
364 4459 403 4514 ut
425 4447 462 4514 iu
478 4446 643 4538 Scipione
666 4470 808 4529 sensus,
835 4444 948 4528 oculi,
972 4464 1112 4524 manus,

126 4547 298 4639 appetitio
313 4548 504 4639 voluptatis
519 4545 752 4619 cohercentur
772 4546 924 4640 imperio
952 4542 1111 4637 superio-

125 4652 174 4720 ris
198 4651 390 4743 potentiae.
440 4649 481 4719 ln
496 4676 710 4746 paroxysmo
725 4651 879 4723 febrium
894 4673 994 4718 mens
1019 4645 1111 4715 iudi-

125 4769 182 4824 cat
199 4754 446 4823 abstinendum
471 4778 544 4824 esse
567 4779 586 4822 a
608 4768 697 4845 potu
719 4756 885 4847 largiore.
936 4751 1111 4819 Voluntas

125 4857 319 4928 assentiens
348 4858 501 4948 imperat
534 4857 782 4942 inferioribus,
826 4870 867 4927 111
899 4855 1110 4925 abstineant.

124 4958 202 5031 Etsi
215 4961 323 5051 igitur
340 4960 511 5053 appetitio
527 4985 648 5031 sensus
665 4963 794 5031 ardens
810 4960 880 5044 siti,
902 4969 1013 5028 certat
1028 4980 1108 5025 cum

159 5169 209 5226 41)
227 5166 259 5217 111
275 5166 360 5217 Editt.
379 5165 474 5219 1550..
495 5163 570 5213 15141.
590 5165 618 5212 01
637 5162 711 5212 1535.
730 5161 809 5210 bertus
827 5159 924 5220 mutus
941 5160 1110 5218 iuterpreta-

193 5237 248 5298 tio,
267 5237 301 5285 011
314 5234 398 5284 Ε11111.
415 5234 523 5282 154511
538 5232 611 5282 1516.
625 5232 796 5293 discrepans,
814 5225 1109 5289 capitibusXI.etXll.

191 5302 408 5367 praetermissis,
432 5302 563 5363 iuscripta
581 5304 639 5350 est:
664 5301 774 5350 scholia
794 5297 899 5356 Capitis
916 5297 965 5346 xt.

158 5374 205 5438 tt)
224 5374 370 5437 Loquitur]
388 5372 428 5421 sic
444 5373 494 5420 Ed.
508 5372 600 5434 rtts.;
625 5371 761 5421 011511.
780 5367 939 5431 1100111101.

147 5441 181 5502 ⁴9
200 5443 283 5492 coar.
295 5456 325 5504 p.
343 5441 404 5492 tw.
421 5445 491 5492 11011
503 5441 547 5492 66.

393 186 1158 282 5111111111.1111.1011111011
1183 192 1249 268 11
1275 190 1530 270 connum
1558 138 1868 268 secernam

1163 368 1367 460 superiore,
1392 380 1512 436 tamen
1527 367 1690 460 superior
1706 362 1894 436 cohercere
1918 388 1996 434 eam
2018 376 2151 455 potest,

1163 495 1238 540 non
1254 471 1303 539 ita
1317 483 1360 540 ut
1376 471 1479 538 tollat
1501 470 1616 555 sitim,
1648 473 1709 540 sed
1733 482 1774 540 ut
1794 471 1947 561 imperet
1967 467 2151 560 potentiae

1164 573 1339 656 motivae,
1378 584 1572 663 nepotum
1595 574 1746 642 amittat.
1805 572 1901 641 Haec
1922 571 2067 641 brevius
2092 566 2153 638 hic

1164 689 1362 745 tractantur
1377 677 1422 743 ab
1436 674 1647 759 Aristotele,
1674 689 1708 745 et
1723 676 1941 758 intricatius,
1967 697 2075 768 quarn
2093 696 2153 743 res

1165 779 1297 870 poscit,
1337 778 1420 872 quia
1449 778 1656 848 Aristoteles
1689 802 1764 847 non
1792 780 1903 847 tradit
1931 775 2151 847 discrimina.

1165 881 1279 950 Aliter
1293 894 1465 972 reguntur
1481 880 1542 949 alii
1559 881 1714 950 affectus.
1766 879 1921 951 Allectus
1941 880 2080 962 cordis,
2111 891 2153 948 ut

1166 1008 1239 1067 rra,
1260 983 1457 1067 moestitia,
1491 985 1660 1053 sedantur
1676 983 1813 1053 ratione
1830 997 1865 1053 et
1883 981 2154 1053 deliberatione.

1166 1087 1235 1155 Sed
1260 1085 1431 1178 appetitio
1456 1087 1686 1169 inferiorum,
1726 1099 1767 1155 ut
1788 1088 1917 1170 sames,
1951 1087 2044 1170 sitis,
2075 1109 2153 1153 non

1167 1191 1338 1260 sedantur
1359 1190 1519 1272 ratione,
1552 1192 1612 1259 scd
1635 1185 1868 1259 cohercentur
1890 1190 2050 1283 potentia
2073 1213 2152 1256 mo·

1167 1293 1253 1363 tiva.
1309 1289 1393 1361 Ideo
1425 1292 1464 1360 in
1488 1291 1647 1362 Politicis
1672 1291 1878 1362 Aristoteles
1904 1291 2153 1363 venustissime

1168 1395 1336 1464 discernit
1351 1397 1437 1465 duas
1451 1395 1583 1487 specics
1599 1396 1882 1485 gubernationis:
1925 1399 2074 1465 alteram
2095 1418 2152 1462 co·

1169 1511 1328 1588 gentem,
1368 1521 1476 1591 quam
1500 1511 1605 1566 vocat
1627 1493 1794 1580 herilem,
1830 1493 2071 1591 δεσποτικὴν,
2114 1508 2153 1564 111

1169 1599 1288 1668 anima
1326 1600 1480 1691 imperat
1514 1602 1656 1691 organis
1693 1601 1946 1682 locomotivae;
1999 1600 2151 1669 alteram

1167 1705 1461 1793 persuadentem,
1506 1729 1614 1796 quam
1645 1716 1749 1771 vocat
1779 1704 1938 1787 civilem,
1982 1716 2024 1772 ut
2057 1701 2149 1770 ratio

1169 1804 1269 1873 cordi
1286 1805 1457 1896 imperat,
1482 1817 1522 1874 ut
1537 1806 1689 1876 Pericles
1704 1807 1796 1876 cives
1815 1808 1989 1897 gubernat
2005 1827 2150 1897 persua-

1168 1909 1298 1977 dendo.
1350 1906 1482 2001 Estque
1505 1909 1699 1978 iucundum
1715 1909 1835 1978 ridere
1852 1912 1888 1977 in
1902 1910 1978 2002 ipsa
1994 1905 2148 1977 hominis

1167 2023 1296 2079 natura
1333 2012 1561 2081 adumbratas
1599 2014 1732 2081 sormas
1771 2013 2071 2102 gubernationum
2114 2011 2147 2077 in

1168 2125 1243 2180 tota
1266 2111 1443 2184 societate.
1502 2111 1589 2181 ltcm
1614 2113 1785 2205 imagines
1806 2116 1963 2207 duplices
1984 2113 2147 2192 iustitiae,

1167 2211 1407 2307 hypocriticae
1423 2228 1458 2284 01
1471 2240 1575 2285 10111
1592 2216 1825 2287 obedientiae.

1331 2392 1440 2459 Ratio
1465 2386 1640 2460 bortatur
1666 2389 1720 2461 ud
1745 2383 1984 2486 optima.]⁴³).

1237 2519 1388 2612 Insignis
1406 2537 1457 2592 cst
1470 2524 1643 2592 sententia
1656 2524 1696 2594 in
1710 2527 1777 2595 fine
1793 2528 1900 2617 primi
1916 2524 2016 2594 libri:
2042 2522 2148 2591 Ratio

1168 2619 1332 2693 hortatur
1356 2627 1401 2693 ad
1422 2626 1569 2717 optima.
1620 2627 1689 2696 Sed
1712 2631 1906 2720 prudenter
1929 2630 1972 2698 de
1996 2652 2037 2697 ea
2060 2625 2150 2696 iudi·

1168 2729 1318 2796 candum
1335 2741 1398 2798 cst.
1449 2728 1584 2797 Verum
1599 2730 1693 2799 enim
1712 2746 1763 2802 est
1780 2731 1893 2823 legem
1909 2745 2080 2812 naturae,
2114 2728 2150 2796 id

1168 2840 1237 2913 151,
1264 2831 1463 2899 naturalem
1478 2831 1643 2900 notitiam
1666 2829 1896 2904 hortatricem
1921 2860 1994 2906 esse
2015 2834 2062 2902 ad
2086 2826 2151 2902 ho·

1166 2945 1283 3002 nestas
1299 2933 1466 3004 actiones.
1524 2934 1592 3003 Sed
1613 2934 1755 3006 interim
1777 2938 1959 3007 sciendum
1984 2951 2056 3021 est,
2082 2933 2152 3005 dis·

1167 3034 1302 3103 crimen
1324 3035 1410 3126 lcgis
1436 3050 1469 3104 et
1482 3034 1679 3130 Evangelii.
1739 3040 1927 3111 Sciendum
1954 3042 2040 3110 item
2064 3062 2152 3132 qua·

1166 3148 1268 3206 tenus
1299 3139 1548 3230 obtemperent
1575 3154 1671 3211 recto
1702 3143 1835 3212 iudicio
1861 3158 2020 3214 caeterae
2045 3141 2152 3211 vires.

1165 3237 1258 3309 Nam
1276 3239 1376 3311 abusi
1390 3254 1472 3311 sunt
1488 3242 1633 3335 quidam
1650 3241 1718 3314 hoe
1741 3247 1835 3315 dicto
1851 3246 2064 3335 Aristotelis.
2114 3240 2152 3313 si

1165 3343 1257 3411 ratio
1277 3356 1455 3414 monstrat
1471 3344 1628 3436 optima,
1654 3349 1741 3442 quid
1756 3375 1844 3441 opus
1862 3363 1913 3421 est
1927 3342 2152 3441 Evangelio?

1164 3443 1396 3537 Respondent
1423 3446 1531 3516 Ratio
1546 3464 1722 3520 monstrat
1734 3466 1775 3522 ut
1795 3453 1869 3536 lex,
1901 3478 1967 3521 nec
1989 3453 2075 3524 satis
2099 3461 2152 3519 est

1164 3548 1278 3639 legem
1306 3572 1429 3633 110550,
1470 3574 1550 3619 cum
1580 3555 1783 3646 quaerimus
1807 3557 1851 3625 de
1875 3558 2059 3627 voluntate
2081 3549 2151 3621 Dei

1166 3675 1247 3741 erga
1264 3675 1342 3722 nos.
1393 3653 1634 3724 Alexandrum
1656 3653 1868 3727 hortabatur
1887 3660 1999 3743 ratio,
2030 3683 2077 3727 nc
2099 3666 2152 3723 11·

1165 3753 1318 3843 tingeret
1340 3752 1443 3823 Darii
1464 3756 1670 3848 coniugem,
1702 3760 1844 3831 interim
1868 3774 1990 3832 tamen
2011 3763 2056 3831 de
2071 3758 2151 3830 Deo

1165 3856 1361 3926 dubitabat.
1412 3855 1501 3927 Erat
1517 3859 1625 3949 igitur
1638 3863 1713 3933 sine
1729 3864 1856 3933 timore
1865 3862 1946 3949 Dei,
1970 3864 2152 3936 5111011110-

1166 3957 1217 4026 eia
1236 3971 1270 4027 et
1285 3959 1361 4028 sine
1376 3959 1576 4032 dilectione.
1618 3965 1739 4058 Quare
1755 3968 1849 4036 ratio
1866 3981 2043 4039 monstrat
2058 3964 2152 4059 opti·

1163 4085 1244 4143 ma,
1278 4060 1441 4131 videlicet
1463 4063 1499 4131 in
1526 4064 1685 4137 civilibus
1708 4070 1878 4141 moribus.
1934 4070 2153 4142 Audendum

1165 4176 1199 4231 ct
1214 4158 1281 4232 hoc
1298 4178 1350 4235 est
1363 4166 1406 4233 de
1423 4167 1518 4256 lege,
1543 4193 1605 4237 scu
1622 4171 1665 4237 de
1681 4172 1808 4241 notitia
1822 4176 1991 4246 naturali.
2025 4174 2152 4268 Quan-

1164 4291 1270 4359 quam
1295 4267 1349 4336 lex
1372 4281 1456 4337 nota
1480 4282 1531 4338 est
1547 4275 1776 4357 naturaliter,
1817 4289 1939 4345 tamen
1963 4301 2069 4370 saepe
2094 4301 2152 4346 re·

1163 4382 1300 4461 pugnat
1314 4395 1375 4440 cor
1397 4384 1432 4440 et
1450 4371 1635 4457 voluntas,
1668 4401 1732 4446 nec
1757 4392 1874 4469 potest
1898 4381 2015 4451 verbis
2038 4377 2151 4472 expli·

1164 4471 1256 4554 cari,
1284 4486 1416 4566 quanta
1431 4474 1477 4544 sit
1494 4477 1654 4548 confusio
1671 4479 1807 4551 ordinis
1823 4482 1860 4550 in
1877 4477 2038 4567 homine,
2064 4505 2150 4552 con·

1163 4588 1216 4642 tra
1231 4575 1345 4665 legem
1354 4575 1433 4646 Dei.
1485 4578 1607 4671 Quare
1624 4581 1709 4651 dicit
1718 4582 1850 4654 Paulus
1864 4584 2036 4680 (Rom.1‚
2054 4584 2150 4683 18.):

1162 4677 1334 4748 Homines
1354 4679 1539 4749 veritatem
1560 4683 1718 4755 detinere
1741 4684 1778 4752 in
1799 4687 1992 4774 iniustitia,
2024 4689 2061 4759 id
2084 4700 2151 4771 est,

1162 4781 1199 4847 in
1221 4774 1386 4848 horribili
1408 4785 1641 4856 contumacia.
1706 4787 1810 4859 Mens
1836 4789 1935 4862 iubet
1956 4790 2150 4875 Davidem,

1162 4907 1206 4951 ne
1221 4881 1462 4953 inflammetur
1476 4911 1597 4957 amore
1616 4889 1775 4982 coniugis
1791 4892 1939 4966 alienae.
1979 4882 2151 4965 80111111-

1160 4984 1282 5054 monia
1299 4986 1427 5058 virium
1444 4991 1653 5062 conturbata
1670 5006 1742 5077 est,
1770 5018 1833 5063 cor
1851 4991 1959 5066 habet
1980 5021 2094 5089 vagos
2114 5009 2151 5067 01

1161 5100 1319 5158 errantes
1347 5089 1521 5184 impetus,
1561 5107 1595 5163 et
1625 5095 1721 5187 rapit
1753 5121 1873 5169 seeum
1910 5101 2150 5174 voluntatem.

1195 5290 1244 5348 43)
1270 5291 1366 5344 Verba
1390 5292 1549 5344 Aristotetts
1568 5296 1630 5345 tcta.
1649 5296 1708 5351 Nic.
1731 5298 1750 5351 l.
1773 5299 1794 5350 1.
1827 5313 1850 5353 1.
1872 5301 1913 5355 1³.
1940 5301 1967 5363 8.
1986 5301 2031 5356 15.
2060 5307 2145 5358 eunte

1227 5354 1319 5482 §pige
1334 5357 1389 5431 γᾰρ
1408 5364 1480 5426 (solt.
1496 5358 1527 5412 τό
1545 5357 1632 5430 λόγον
1648 5362 1728 5432 ἔχον)
1740 5363 1789 5418 καὶ
1801 5363 1849 5421 tm·
1859 5365 1893 5419 ια’
1905 5368 2031 5437 βέλτιστα
2045 5384 2142 5442 παρα·
