4544 5766
61 162 141 263 tat.
560 173 586 249 l.
635 175 1003 251 PROLEGOMENA
1033 173 1083 257 ΙΝ,
1117 171 1304 246 OFFlClA
1336 172 1594 261 CICERONIS.
2001 179 2077 259 682

60 370 124 419 eos
134 368 325 416 commune
346 344 412 431 sit,
437 346 520 441 quia
545 372 649 457 saepe
674 374 784 442 opera
805 349 952 421 alieuius
973 375 1041 442 pro
1093 345 1295 437 proximum
1309 358 1409 417 tuum
1424 349 1514 420 sicut
1531 362 1564 418 te
1581 350 1717 442 ipsum,
1749 368 1789 425 ut
1803 360 1994 451 cogitemus
2010 390 2075 436 nos

58 447 211 543 pecunia
227 450 333 520 valet.
1095 449 1138 517 ab
1158 450 1235 540 ipso
1252 475 1394 543 quoqne
1413 446 1530 542 diligi,
1557 453 1652 522 ittxta
1676 456 1826 529 dietum:
1858 462 2000 536 Bonum
2025 480 2077 539 est

161 550 234 623 Sed
254 550 415 645 quaestio
438 565 510 637 est,
541 578 590 623 an
613 553 651 622 in
673 555 839 625 societate
860 554 965 625 liceat
985 580 1047 647 pa·
1094 553 1375 622 conservativum
1401 554 1474 637 sui,
1516 559 1851 631 communicativum
1873 579 1910 635 et
1927 556 2076 663 cougre-

59 652 160 738 cisci,
199 667 241 725 ut
266 649 356 724 nihil
386 655 557 725 sustineat
587 656 730 741 damni,
766 657 828 752 qui
855 660 1044 749 pecuniam
1094 655 1263 744 gativum,
1288 655 1337 725 sic
1352 656 1510 725 condidit
1526 682 1634 747 genus
1650 656 1865 750 humanum,
1889 683 1929 738 nt
1945 672 2074 763 singuli

59 756 233 841 eontulit,
257 760 320 828 sed
336 753 467 829 habeat
482 758 619 829 salvum
639 761 807 852 capitale,
835 761 974 830 etiarnsi
995 763 1044 829 al·
1093 759 1289 827 multorum
1305 758 1486 829 laboribus
1501 772 1535 827 et
1549 762 1654 832 rebus
1669 763 1907 855 indigeamus,
1934 787 1968 844 et
1988 771 2076 847 haec

57 873 107 930 ter
121 854 404 932 „immoratum
1094 859 1168 951 ipsa
1185 860 1379 951 indigentia
1400 865 1694 934 cornmouefactio
1719 883 1807 939 esset
1828 875 1871 941 de
1893 876 2075 950 voluntate

153 960 226 1031 Hic
243 975 444 1035 contractus
459 962 608 1035 euitatus
625 976 677 1036 est
703 963 798 1055 apud
818 976 1043 1036 mercatores.
1093 960 1172 1032 Dei.
1221 963 1271 1032 Ut
1284 976 1400 1032 antem
1417 966 1529 1056 possit
1544 991 1617 1035 esse
1640 984 1808 1061 perpetua
1834 981 2073 1050 communica-

55 1060 117 1135 Est
130 1077 254 1135 autern
270 1091 308 1135 re
325 1066 402 1158 ipsa
417 1065 669 1161 mutuatiott),
702 1091 776 1135 nou
790 1066 955 1151 societas,
981 1067 1043 1137 ubi
1094 1064 1165 1148 tio,
1200 1067 1276 1135 vult
1304 1067 1441 1137 servari
1468 1080 1629 1137 mutuam
1659 1075 1919 1165 aequalitatem.
1982 1083 2074 1156 Hinc

55 1161 139 1237 haee
157 1169 279 1259 pactio
294 1170 351 1252 fit,
378 1181 417 1237 ut
433 1168 477 1239 sit
493 1170 628 1240 salvum
645 1167 813 1259 capitale,
840 1170 976 1241 etiamsi
993 1171 1043 1239 al·
1093 1180 1177 1236 suut
1210 1167 1270 1237 illa
1302 1169 1394 1238 dicta
1418 1165 1641 1260 Epicharmi:
1684 1169 1750 1256 deit·
1771 1203 1807 1247 τι
1828 1176 1892 1250 καὶ
1915 1183 2010 1278 λαβέ
2028 1215 2074 1261 τι.

55 1268 119 1341 teri
140 1271 253 1362 periit
275 1271 423 1362 pecunia
448 1273 525 1342 sine
549 1298 611 1341 sua
636 1275 752 1364 culpa.
810 1272 902 1342 Nam
921 1276 966 1343 ad
980 1297 1042 1341 na·
1093 1266 1180 1339 ltem
1197 1274 1243 1363 τῇ
1255 1263 1326 1363 μὲν
1342 1267 1480 1364 δίδωμι
1489 1268 1602 1366 χειρὶ,
1628 1278 1675 1367 τῇ
1690 1272 1730 1348 di
1745 1276 1939 1374 tauliniaco.
1986 1285 2072 1360 ltem

55 1384 175 1441 turam
189 1372 400 1444 societatum
415 1375 570 1465 pertinet
585 1376 800 1445 damnorum
816 1377 1041 1470 exatequatio:
1089 1369 1172 1465 χεὶρ
1189 1376 1297 1466 χεῖρα
1318 1368 1452 1458 etate,
1479 1368 1661 1457 δάκτυλος
1673 1372 1714 1449 δὲ
1734 1374 1932 1459 δάκτυλον.
1983 1387 2073 1463 Item

55 1468 197 1543 ethanc
213 1475 436 1560 societatem,
463 1477 501 1545 in
518 1502 587 1570 qua
604 1478 693 1548 alter
712 1474 801 1546 nihil
824 1479 927 1547 debet
949 1477 1043 1570 peri·
1094 1472 1189 1568 ἀνὴρ
1210 1469 1250 1546 δὲ
1272 1469 1379 1561 σώζει
1400 1471 1541 1568 ἄνδρα,
1576 1473 1641 1547 καὶ
1660 1475 1760 1561 πόλις
1784 1485 1958 1583 aaaron).
2028 1494 2076 1567 Et

55 1577 122 1647 culi
146 1578 344 1663 sustinere,
378 1580 471 1649 clare
493 1579 675 1671 improbat
696 1580 752 1650 lex
771 1582 809 1649 in
824 1579 976 1672 Digestis
999 1582 1042 1649 de
1094 1571 1185 1645 hanc
1209 1577 1431 1671 aequalitatis
1461 1580 1764 1653 conservationem
1794 1589 1958 1662 nominat
1979 1595 2075 1670 Deus
2194 1664 2208 1675 ,

55 1678 238 1775 Socio²¹),
269 1682 331 1751 ubi
355 1680 494 1753 Cassius
517 1683 652 1776 inquit,
690 1683 873 1752 leoninam
896 1683 1042 1755 societa-
1095 1679 1284 1763 iustitiam,
1311 1704 1460 1775 eamque
1484 1682 1560 1751 vult
1583 1680 1748 1775 intelligi,
1780 1700 1820 1757 ut
1842 1690 2016 1768 discamus
2040 1714 2075 1772 et

56 1795 123 1853 tem
147 1806 245 1867 esse,
283 1784 346 1855 ubi
368 1785 457 1854 alter
480 1797 619 1857 tanturn
639 1785 758 1870 lucra,
791 1786 881 1855 alter
903 1798 1041 1855 tanturn
1094 1781 1210 1874 ipsum
1227 1782 1358 1852 iustum
1374 1796 1408 1851 et
1424 1786 1606 1877 aequalem
1626 1810 1710 1856 esse.

56 1886 190 1955 damna
214 1886 331 1958 sentit.
353 1944 359 1954 .
479 1884 483 1893 ’
570 1960 573 1965 ,
1193 1883 1241 1953 Et
1257 1910 1417 1976 expressa
1434 1886 1645 1977 approbatio
1664 1901 1715 1958 est
1737 1893 1927 1983 emptionis
1954 1905 1987 1974 1.
2005 1905 2073 1976 Co.

156 1984 244 2057 ldeo
276 2002 393 2059 antem
421 1990 524 2059 danti
544 2003 669 2062 mutuo
691 1990 793 2061 reddi
816 2015 955 2061 necesse
979 2003 1043 2074 est,
1093 1981 1203 2057 rinth.
1220 1986 1254 2070 7,
1273 1986 1349 2081 (30.
1366 1985 1462 2079 31.):
1490 1988 1561 2081 Qui
1579 2004 1884 2088 emunttanqnam
1904 2025 1977 2073 non
1994 2032 2074 2097 poo-

55 2090 124 2161 sire
143 2091 271 2184 culpa,
297 2092 370 2162 sive
389 2091 465 2164 sine
489 2093 590 2185 culpa
612 2105 774 2163 mutuum
792 2106 933 2185 pereat,
959 2092 1041 2187 quia
1093 2088 1250 2173 sideant,
1275 2102 1412 2161 utentes
1426 2086 1494 2160 hoc
1516 2092 1670 2175 mundo,
1703 2094 1753 2164 sic
1774 2111 1906 2171 utnon
1928 2108 2075 2179 abutan-

56 2206 224 2264 mntuum
247 2195 286 2263 fit
304 2194 528 2287 accipientis,
554 2209 589 2265 et
604 2196 787 2287 accipienti
805 2197 917 2288 perit,
944 2198 1041 2290 quod
1094 2205 1170 2275 tur,
1211 2194 1382 2283 praeterit
1406 2194 1500 2263 enim
1525 2207 1641 2287 gestus
1663 2191 1767 2268 huin
1790 2205 1926 2277 mundi.
1985 2209 2074 2284 ltem

56 2296 124 2365 iam
142 2294 257 2389 ipsius
271 2297 386 2367 luerat
402 2298 610 2390 proprium,
636 2324 701 2369 nec
722 2300 859 2369 tollitur
882 2300 935 2370 ins
957 2300 1043 2368 alte·
1093 2295 1266 2365 Proverb.
1282 2295 1341 2379 16,
1357 2295 1469 2391 (11.):
1496 2296 1604 2366 Libra
1628 2312 1664 2367 et
1685 2304 1825 2391 pondus
1849 2305 1977 2380 iudicia
2001 2314 2074 2386 Do.

57 2399 148 2483 rius,
178 2399 242 2493 qui
259 2401 406 2469 dederat
420 2414 556 2472 mutuo.
616 2400 716 2471 Talis
733 2403 829 2471 enim
848 2414 900 2471 est
914 2413 1041 2471 natura
1093 2397 1182 2466 mini
1205 2410 1307 2481 sunt,
1334 2412 1369 2467 ct
1388 2423 1510 2470 omnes
1529 2399 1665 2492 lapides
1685 2401 1806 2475 lancis.
1858 2407 1946 2480 Cum
1968 2415 2075 2507 igitur

57 2514 272 2573 contractus.
322 2502 370 2574 At
390 2503 427 2571 in
452 2527 536 2572 vera
559 2504 725 2574 societate
753 2505 903 2598 quilibet
927 2505 1042 2574 socius
1094 2524 1167 2569 non
1195 2499 1343 2568 dubium
1372 2500 1417 2569 sit
1445 2526 1546 2572 veras
1577 2503 1773 2593 emptiones
1799 2520 1833 2577 et
1853 2516 2074 2593 venditiones

56 2616 179 2674 manet
202 2604 369 2677 dominus
392 2630 459 2697 pro
483 2606 736 2698 proportione:
763 2619 804 2677 ut
828 2607 1043 2698 cumplures
1063 2600 1071 2717 Ι
1094 2625 1276 2673 concessas
1289 2626 1361 2671 esse
1372 2598 1592 2688 Christianis,
1610 2621 1799 2679 moventur
1814 2605 1872 2681 hic
1890 2627 1959 2689 tres
1968 2646 2075 2712 prae-

57 2710 211 2777 eundem
237 2709 387 2778 [undum
419 2709 655 2779 communiter
678 2721 817 2793 tenent,
847 2708 941 2800 perit
959 2733 1042 2800 pars
1094 2705 1195 2797 cipue
1211 2705 1445 2798 quaestiones.
1933 2716 1937 2725 ’

58 2810 203 2881 cuilibet
218 2834 285 2902 pro
301 2812 548 2903 proportione.
1482 2874 1625 2947 prim
1644 2903 1677 2951 o,

197 2958 261 3030 De
287 2963 559 3031 0000000000
587 2972 628 3029 ⁰t
653 2974 894 3054 01ηΡῙῙΟΜ·
1196 3016 1254 3081 An
1276 3016 1321 3083 ait
1341 3038 1419 3083 rere
1439 3018 1576 3102 emptio,
1603 3022 2073 3111 eamveaditnrsnndueeam

158 3096 329 3168 Venditio
347 3112 382 3168 ct
396 3099 528 3191 emptio
553 3111 636 3169 sunt
655 3112 876 3184 contractus,
910 3100 949 3169 iu
971 3126 1042 3195 qno
1094 3118 1280 3185 eoemtttooe
1294 3119 1335 3184 de
1351 3111 1580 3186 rependendo?

58 3200 193 3291 obligat
216 3226 252 3272 se
274 3203 430 3272 vendens
454 3205 499 3270 ad
520 3203 729 3271 tradendam
751 3228 903 3272 mercem
929 3203 1044 3287 alteri,
1195 3216 1262 3286 flio
1276 3220 1494 3308 respondeo,
1520 3243 1641 3289 veram
1659 3223 1875 3314 emptionem
1892 3254 1985 3315 esee,
2011 3259 2075 3306 nec

59 3302 223 3373 videlicet
238 3305 388 3388 ementi,
414 3318 518 3397 atque
539 3303 588 3372 ita
606 3306 652 3373 ad
675 3306 957 3375 transferendum
981 3308 1044 3376 do·
1094 3332 1261 3389 notorem
1280 3332 1480 3391 commotos
1494 3323 1627 3390 motmi
1649 3318 1717 3394 hoc
1738 3351 1863 3412 opere,
1890 3336 1986 3425 quod
2001 3361 2076 3407 ma,

60 3404 212 3476 minium
229 3419 265 3476 et
283 3406 539 3499 possessionem
560 3405 686 3475 mercis
708 3431 775 3497 pro
798 3423 894 3477 certo
915 3408 1044 3500 pretio,
1096 3423 1147 3513 gio
1164 3421 1338 3513 emptori,
1360 3447 1467 3515 quam
1482 3424 1659 3493 venditori
1675 3451 1782 3516 grave
1800 3444 1863 3503 est.
1915 3434 2075 3532 Cumque

60 3520 95 3576 et
110 3508 266 3581 vicissim
287 3523 426 3602 emptor
443 3509 576 3599 obligat
589 3534 625 3580 se
643 3509 690 3578 ad
705 3511 862 3580 dandum
878 3510 1045 3601 pretium,
1096 3549 1177 3595 vere
1207 3526 1252 3594 sit
1281 3526 1433 3616 emptio,
1469 3549 1543 3594 non
1574 3539 1625 3597 est
1653 3516 1916 3627 usurasqnod
1943 3539 2077 3612 intereo

59 3622 90 3679 et
106 3624 149 3681 ut
165 3636 267 3681 merx
282 3614 322 3681 lit
338 3612 505 3695 emenu’s,
533 3612 583 3681 ita
607 3611 762 3703 pretium
788 3614 827 3681 fit
849 3613 1045 3698 vendentis,
1097 3639 1236 3720 emptor
1251 3627 1402 3717 accepit,
1427 3627 1510 3722 quia
1527 3631 1571 3697 de
1586 3654 1651 3699 suo
1667 3630 1779 3702 fundo
1795 3638 1941 3729 accepit.

58 3736 123 3783 000
138 3713 223 3784 licet
239 3715 391 3807 e¹1¹1>l⁰rl
407 3727 565 3807 repetere
581 3713 747 3807 00000000·
1196 3728 1281 3799 Esse
1311 3742 1429 3799 autem
1460 3726 1553 3799 hanc
1585 3734 1738 3803 sormam
1770 3742 1959 3831 emptionis
1986 3746 2078 3815 anti·

162 3816 405 3888 Nominantur
426 3831 544 3887 autem
565 3814 810 3887 substantialia
831 3817 1046 3887 venditionis
1098 3858 1205 3928 qoam
1222 3847 1256 3902 et
1271 3833 1458 3923 probatam
1476 3833 1631 3925 legibus,
1658 3840 1812 3909 ostendit
1829 3855 1941 3916 textos
1958 3846 1995 3916 in
2010 3849 2078 3919 Co.

59 3931 94 3987 et
108 3919 324 4013 emptionis,
347 3945 465 4005 merx,
488 3921 641 4012 pretium
658 3932 693 3990 et
707 3944 912 3990 cousensus:
941 3922 1046 3990 credo
1098 3936 1174 4005 dieo
1202 3936 1245 4004 de
1275 3936 1407 4026 pactis,
1440 3935 1532 4005 inter
1564 3953 1760 4035 emptorem
1785 3958 1820 4014 et
1843 3948 2078 4036 venditorem,

57 4034 154 4093 reete
170 4022 256 4094 addi
270 4048 372 4116 posse
391 4022 618 4093 traditionem
634 4024 729 4091 dere
745 4023 934 4114 corporali.
1098 4041 1172 4129 tego
1189 4038 1226 4109 si
1240 4040 1390 4109 fundum
1409 4036 1548 4135 otest),
1575 4040 1673 4114 euius
1687 4046 1793 4113 verba
1811 4042 1897 4117 haec
1912 4065 2011 4123 sunt:
2041 4053 2079 4124 Si

163 4124 297 4196 Extant
312 4126 470 4218 exempla
490 4124 712 4217 emptionum
730 4137 764 4192 et
787 4124 1047 4207 venditionum,
1097 4142 1247 4211 sondom
1269 4154 1434 4232 parentes
1454 4142 1506 4211 tui
1522 4167 1562 4211 ea
1581 4144 1656 4233 lege
1672 4147 1924 4234 vendiderunt,
1949 4166 1989 4222 ut
2004 4155 2078 4226 sive

57 4223 248 4311 Abrahae,
281 4226 410 4313 10000,
442 4226 610 4312 navidis,
640 4226 859 4310 fflssfflffllite,
897 4252 988 4322 [1000
1013 4238 1054 4294 00·
1099 4244 1187 4337 ipsi,
1213 4243 1287 4313 sive
1303 4239 1473 4314 haeredes
1487 4270 1609 4314 eorum
1627 4247 1779 4336 emptori
1795 4250 1949 4341 pretium
1967 4280 2080 4349 quon.

57 4326 158 4402 bunc
189 4344 410 4402 contractum
444 4345 478 4400 et
507 4330 596 4399 alios
635 4329 812 4420 legitimos
847 4341 1048 4399 contractus
1099 4351 1306 4441 docunque,
1340 4348 1397 4415 oet
1424 4347 1517 4416 intro
1545 4362 1637 4416 coeo,
1669 4361 1830 4442 tempora
1860 4355 2079 4446 obtulissgng

59 4434 258 4505 “lendum
280 4458 462 4505 ⁶0¹¹OESS⁰8
485 4457 557 4503 ⁰⁵⁵⁰
572 4426 801 4516 Christianis,
826 4431 922 4502 0οΧῑὸ
946 4456 1048 4522 0080·
1098 4448 1362 4532 restitueretur,
1389 4461 1492 4542 teque
1514 4462 1640 4541 parato
1663 4450 1862 4527 satisfacere
1882 4459 2079 4533 conditioni

58 4536 154 4607 ¹²¹¹¹²
179 4536 412 4628 El'flngelium
431 4560 505 4605 ¹¹⁰¹¹
523 4534 641 4609 ³b⁰¹⁰l
655 4534 817 4625 100100Ῑο05
840 4546 874 4604 ‘l
897 4557 1049 4603 000000·
1100 4551 1213 4622 dictae
1235 4548 1359 4622 haeres
1382 4548 1552 4642 emptoris
1574 4576 1648 4620 non
1670 4569 1791 4645 paret,
1817 4573 1857 4629 ut
1881 4576 2081 4639 contractus

58 4640 174 4711 ’0ῖο00
191 4639 449 4709 0000000000οΜ
474 4638 548 4706 0000
565 4634 663 4707 ”⁸¹¹⁵
681 4638 757 4707 lull
772 4662 837 4707 ¹¹⁰⁵
860 4660 1049 4729 ³8⁰⁰⁵⁶²f⁰
1099 4656 1185 4726 fides
1197 4666 1368 4736 servetur,
1391 4652 1482 4721 actio
1498 4654 1721 4748 praescriptis
1738 4660 1854 4734 verbis
1862 4665 1925 4735 'vel
1940 4690 1982 4736 ex
1997 4694 2082 4739 veu-

60 4742 228 4837 politiam
248 4755 282 4812 et
297 4740 542 4811 oeconomiam
557 4763 630 4809 esse
647 4763 728 4809 suas
749 4739 992 4809 ordinationes
1016 4749 1051 4807 et
1101 4758 1176 4828 (1510
1206 4757 1272 4827 fibi
1301 4756 1461 4839 debitor,
1501 4752 1785 4832 {tobim-potione
1808 4790 1951 4854 eorum,
1990 4796 2081 4865 quae.

65 4870 197 4939 opera,
224 4858 258 4915 ct
272 4846 348 4916 vult
362 4869 430 4915 nos
445 4843 514 4915 illis
527 4854 733 4913 reverenter
749 4843 813 4914 nti.
846 4842 937 4913 Cum
955 4838 1050 4912 enim
1102 4874 1182 4954 post
1213 4859 1369 4929 oblatam
1392 4882 1431 4927 ex
1453 4870 1558 4950 pacto
1580 4863 1814 4955 quantitatem
1842 4893 1947 4941 exeo
1970 4874 2081 4944 stmdo

62 4947 162 5020 Deus
191 4950 277 5018 velit
303 4943 466 5017 homiues
494 4946 676 5037 copulatos
706 4968 778 5015 esse
808 4958 931 5016 mutua
967 4944 1052 5013 dile·
1103 4965 1148 5032 Μ]
1165 4959 1405 5031 adversm-tom
1424 4976 1675 5054 pervenerunt,

63 5052 204 5135 ctione,
244 5051 342 5121 iuxta
373 5050 505 5121 dictum
538 5040 683 5143 (Matth.
699 5051 761 5131 22,
782 5045 885 5143 89.);
934 5045 1052 5139 Dilige
1106 5136 1310 5149 ..-.....

102 5258 153 5317 ²⁰)
172 5252 320 5312 mutuatto]
336 5250 482 5316 Protea:
503 5249 627 5301 mosetto.
1137 5227 1185 5291 ἥ)
1204 5226 1284 5279 ⁰⁰³1·
1302 5240 1386 5294 tum
1405 5242 1433 5297 p.
1447 5230 1506 5283 lot.

99 5345 151 5403 ιι)
168 5340 280 5405 ntgest.
293 5336 382 5391 xvtt.
406 5337 448 5386 ttt.
461 5336 487 5388 Ι.
511 5334 652 5397 tusertptt:
687 5334 743 5387 Pro
765 5333 859 5401 nocto,
888 5334 962 5390 tw.
985 5328 1014 5401 ἦ.
1026 5334 1053 5386 2.
1138 5332 1188 5392 Ἀ)
1205 5330 1637 5399 coe.1v.ttt.u.1.2.tcom.
1655 5336 1708 5386 tur.
1725 5338 1778 5388 etr.
1796 5340 1838 5392 ott.
1851 5342 1923 5393 Book
1940 5344 1971 5395 τ.
1984 5344 2004 5396 t.
2023 5346 2085 5400 M

136 5412 236 5475 (corp.
255 5407 376 5460 iuncte
395 5407 438 5460 ed.
455 5405 530 5457 Beck
545 5404 607 5459 M
625 5404 655 5459 P.
666 5406 689 5459 1.
708 5419 736 5499 p.
750 5404 836 5465 ⁶85.)-
992 5482 999 5491 Ι
1175 5415 1200 5466 p.
1212 5402 1297 5462 tot).
1387 5471 1436 5542 ³⁷
1453 5467 1473 5506 ⁸
1785 5452 1788 5457 ,
