4544 5766
126 195 202 273 655

125 375 248 443 eadem
262 381 380 437 mente
395 378 430 434 et
445 365 567 434 eadem
583 363 769 432 sententia.
820 362 887 431 Hie
910 386 1032 453 graece
1053 361 1103 428 le-

124 476 218 567 gitur
239 463 538 565 κατηρτισμένοι,
566 464 694 548 idest,
727 466 976 555 coagmentati.
1037 463 1103 531 Hic

127 578 319 671 perlectum
351 595 425 640 non
452 567 641 659 significat:
677 564 810 637 habens
841 593 962 638 omnes
986 579 1103 657 partes

126 681 181 749 rel
198 679 345 769 gradus,
370 673 429 744 sed
452 669 624 760 significat
645 671 872 754 continuum,
900 684 934 739 et
954 669 1105 761 opponi-

124 797 183 853 tur
205 777 373 850 solutioni
398 773 566 844 continui.
630 772 681 840 Ut
704 798 782 841 cum
805 775 962 843 membra
987 774 1103 840 luxata

125 899 187 956 aut
200 885 353 952 lacerata
369 889 468 961 sunt,
494 900 569 944 non
582 887 663 944 sunt
686 873 967 970 κατηρτισμένα.
1018 873 1104 942 Vult

125 988 220 1057 enim
241 983 373 1053 Paulus
394 1005 468 1049 non
493 1002 565 1049 esse
586 977 828 1048 distractiones
848 977 1004 1048 tmirersi
1027 1000 1103 1046 cor-

124 1089 221 1184 poris
249 1084 444 1166 Ecclesiae,
484 1106 559 1150 non
585 1076 653 1148 hoc
685 1081 802 1162 iubet,
850 1095 890 1151 ut
921 1080 1104 1175 quodlibet

121 1192 322 1264 membrum
347 1182 477 1255 habeat
499 1209 655 1254 summos
678 1186 825 1273 gradus,
865 1184 955 1254 sicut
983 1184 1104 1252 aedili-

124 1296 219 1366 cium
240 1305 291 1362 est
311 1289 519 1359 continuum
544 1298 636 1354 recte
659 1288 910 1376 coagmentatis
932 1285 1103 1377 partibus,

124 1395 262 1467 etiamsi
277 1393 347 1461 alia
363 1391 458 1481 tigna
474 1389 551 1458 aliis
567 1389 704 1456 maiora
722 1401 783 1457 aut
800 1389 940 1458 minora
958 1401 1050 1458 sunt.

222 1530 280 1600 Sic
303 1529 348 1596 ad
368 1527 503 1596 Coloss.
525 1523 577 1620 (3,
594 1522 669 1618 14.)
696 1525 841 1594 dicitur:
876 1524 1027 1595 Dilectio
1053 1536 1104 1594 est

123 1635 303 1704 vinculum
330 1628 574 1721 perfectionis,
610 1627 647 1695 id
671 1640 740 1711 est,
776 1627 1103 1718 coagmentationis.

123 1739 188 1808 Hic
203 1757 345 1831 quoque
366 1733 409 1802 de
430 1731 599 1800 continuo
623 1730 770 1813 dicitur,
804 1730 841 1798 id
866 1742 936 1814 est,
966 1730 1030 1801 ubi
1052 1742 1104 1799 est

122 1838 282 1920 dilectio,
307 1834 359 1905 ibi
372 1834 528 1905 Ecclesia
543 1857 617 1901 non
632 1829 840 1902 distrahitur
856 1833 966 1916 odiis,
991 1833 1103 1902 ambi-

121 1945 239 2025 tione,
268 1936 675 2029 cupiditatevindictae,
711 1947 745 2003 et
769 1935 1016 2006 imbecilliores
1042 1960 1103 2005 au-

123 2048 226 2116 diunt
260 2040 481 2112 eruditiores.
543 2037 630 2107 ltem
656 2040 689 2108 1.
706 2037 805 2106 Petri
822 2039 856 2121 1,
873 2038 985 2133 (18.);
1018 2039 1103 2108 Per-

122 2154 209 2219 fecte
230 2156 368 2236 sperate
394 2141 544 2233 gratiam
569 2164 659 2234 quae
678 2140 836 2210 offertur.
886 2140 953 2209 llic
968 2141 1103 2232 simpli-

123 2252 279 2330 cissime,
310 2270 385 2314 non
407 2245 569 2315 simulate
591 2243 821 2333 intelligatur.
878 2244 977 2315 Sicut
1002 2239 1103 2313 Chri-

124 2368 196 2425 stus
212 2349 329 2443 inquit
352 2346 680 2442 (loann.17,13.):
715 2346 768 2415 Sit
789 2347 958 2437 gaudium
982 2370 1103 2416 meum

122 2458 308 2549 impletum
325 2452 448 2533 ineis,
474 2448 566 2543 id³⁷)
591 2460 660 2531 est,
692 2448 767 2518 sine
790 2449 1016 2518 simulatione
1040 2444 1104 2517 lra-

122 2562 209 2628 bens
227 2556 327 2623 initia
344 2553 437 2624 vitae
452 2565 486 2622 et
498 2552 641 2621 vincens
659 2565 824 2621 mortem.
877 2550 1003 2622 Talem
1020 2575 1104 2620 con-

123 2660 332 2732 solationem
348 2657 450 2725 affert
461 2656 572 2724 Filius
584 2653 651 2722 Dei
667 2679 730 2745 per
744 2653 998 2745 Evangelium,
1024 2649 1103 2746 phi-

122 2759 284 2854 losophia
312 2785 387 2830 non
420 2759 540 2841 affert,
576 2781 641 2827 nec
664 2756 757 2824 tollit
781 2758 935 2826 radicem
957 2757 1103 2840 doloris,

124 2868 230 2937 etiam
246 2876 408 2934 externos
425 2872 539 2949 gestus
559 2858 677 2927 reddit
700 2870 879 2950 utcunque
900 2859 1011 2949 magis
1028 2862 1103 2949 pla-

125 2972 241 3050 cidos,
262 2977 303 3034 ut
316 2963 417 3034 radix
431 2960 585 3030 laetitiae
601 2983 675 3028 non
694 2959 796 3029 estin
811 2960 973 3044 Socrate,
997 2974 1036 3030 ut
1052 2975 1104 3032 est

124 3075 162 3141 in
185 3072 305 3141 Petro.
370 3063 410 3132 lu
433 3064 559 3133 Genes.
576 3063 634 3132 17.
655 3085 730 3152 cap.
757 3060 807 3154 (v.
825 3061 874 3155 1.)
905 3063 1033 3131 dicitur
1058 3066 1103 3132 ad

123 3168 323 3242 Abraham:
350 3167 435 3236 Esto
453 3166 639 3257 perfectus,
660 3159 717 3232 hic
734 3163 772 3231 in
785 3159 936 3233 hebraea
952 3165 1102 3235 lectione

123 3273 334 3345 vocabulum
363 3281 414 3339 est
443 3282 550 3346 ntnn
579 3263 771 3350 Thamim,
812 3270 908 3360 quod
932 3268 1104 3359 significat

124 3375 375 3471 perlectionem
394 3351 562 3450 numero,
588 3369 624 3438 id
639 3382 709 3452 est,
734 3365 867 3440 habens
883 3395 1006 3440 omnes
1021 3395 1103 3463 par-

128 3497 178 3552 tes
207 3477 413 3568 integrales,
450 3489 485 3543 et
508 3474 702 3564 opponitur
728 3473 875 3557 mutilo,
913 3487 953 3544 ut
973 3475 1001 3543 si
1027 3475 1102 3545 ovis

126 3584 297 3654 claudicet
319 3592 380 3648 aut
399 3578 445 3648 sit
466 3600 587 3658 caeca,
628 3587 688 3645 aut
711 3575 887 3659 scabiosa,
922 3577 1101 3647 contraria

126 3699 177 3756 est
193 3682 274 3754 huic
289 3681 484 3763 vocabulo,
511 3680 608 3772 quod
621 3679 752 3748 latinus
775 3679 899 3747 vertit:
934 3680 1009 3749 sine
1029 3704 1102 3748 ma-

125 3789 222 3869 cula,
256 3786 385 3865 idest,
417 3782 492 3852 sinc
520 3780 762 3863 mutilatione,
794 3781 851 3849 vel
870 3783 1008 3851 enormi
1031 3782 1102 3851 lae-

123 3892 223 3963 sione
256 3886 379 3979 partis.
436 3883 492 3952 Sic
526 3883 685 3975 loquitur
710 3883 840 3952 Psalm.
861 3882 1101 3977 119Q)‚(1.):

122 3992 225 4064 Beati
247 3986 483 4066 immaculati,
518 3984 580 4054 ubi
604 3985 749 4076 ponitur
772 3984 864 4052 idem
890 3987 1100 4057 vocabulum

124 4111 249 4189 nrm,
274 4091 370 4186 quod
384 4089 555 4180 significat
572 4088 760 4177 integrum,
785 4087 907 4169 idest,
933 4111 1007 4157 non
1024 4116 1101 4159 mu-

124 4179 247 4282 tilunl,
288 4195 362 4265 sine
389 4191 528 4262 enormi
548 4190 723 4272 laesione,
764 4189 996 4259 etiamsinon
1019 4207 1102 4263 sunt

124 4301 254 4375 summi
269 4300 418 4390 gradus,
442 4308 482 4366 ut
490 4289 672 4363 Abraham
688 4305 739 4362 est
752 4293 944 4384 perfectus,
968 4289 1101 4367 habens

124 4407 248 4486 fidem,
273 4413 308 4469 et
330 4402 461 4468 bonam
487 4395 754 4477 conscientiam,
789 4395 863 4466 sine
885 4395 1101 4484 idololatria,

125 4509 200 4578 sine
215 4503 332 4594 impiis
349 4499 593 4593 opinionibus,
624 4499 700 4568 sine
722 4498 850 4569 scelere
872 4511 994 4568 contra
1017 4526 1100 4570 con-

125 4608 318 4682 scientiam.
349 4604 404 4673 Sic
423 4602 637 4692 intelligmur
652 4601 783 4670 dictum
802 4601 945 4695 (Genes.
957 4602 1016 4685 17,
1032 4604 1098 4699 1.):

125 4714 210 4783 Esto
241 4710 424 4800 perfectus.
489 4702 576 4773 ltem
608 4702 752 4797 (Genes.
770 4704 806 4788 6,
822 4704 890 4798 9.);
926 4705 1002 4778 Noe
1024 4720 1100 4776 erat

127 4818 237 4886 iustus
252 4825 287 4882 et
301 4810 486 4901 perfectus,
512 4807 548 4876 id
563 4819 625 4888 est,
651 4803 784 4877 habeus
798 4809 903 4879 fidem
920 4821 955 4877 et
967 4809 1099 4880 bonam

127 4913 394 4993 conscientiam,
432 4909 507 4979 sine
527 4908 748 4992 idololatria,
786 4910 860 4980 sine
883 4911 1001 5002 impiis
1024 4914 1099 5004 opi.

126 5019 308 5099 nionibus,
335 5014 410 5087 sine
425 5012 552 5082 scelere
572 5025 694 5081 contra
711 5015 973 5086 conscientiam.
1028 5016 1099 5085 Eo-

124 5174 328 5197 ,,,,-.....-

157 5256 205 5324 37)
225 5256 265 5315 td]
283 5249 410 5311 Prolegg.
429 5247 540 5306 typogr.
559 5251 655 5289 errore
673 5241 785 5290 hebent:
812 5241 847 5290 in.

160 5361 209 5418 38)
227 5356 329 5409 Psalm.
342 5349 413 5407 tte]
430 5346 459 5394 in
477 5342 606 5406 erotegg.
624 5342 768 5392 secundun
782 5343 867 5394 Lxx.
886 5349 913 5395 et
927 5348 1009 5415 vulg.
1026 5349 1097 5401 sert·

184 5432 266 5489 ptum
284 5425 342 5474 est:
366 5415 466 5467 Psalm.
480 5412 539 5463 118.

694 186 820 261 rull.
851 188 955 260 MEI.
989 183 1193 264 SClth'l'll
1218 188 1559 266 lemnotoetcm
1632 242 1635 247 -

2065 184 2147 272 566

1156 370 1236 438 dem
1259 367 1369 435 modo
1391 366 1551 459 loquitur
1565 365 1679 438 Lucas
1703 390 1780 461 cap.
1794 369 1829 452 1,
1844 366 1930 463 (6.):
1969 368 2146 443 Ambula-

1155 473 1241 540 bant
1256 469 1295 536 in
1314 470 1478 538 omnibus
1491 470 1667 540 mandatis
1682 471 1757 540 sine
1773 468 2065 563 reprehensione.

1257 566 1386 641 blatth.
1401 567 1438 651 5,
1457 570 1570 666 (48.):
1602 569 1724 642 Estote
1748 574 1895 666 perfecti
1918 575 2009 645 sicut
2031 577 2144 647 Pater

1154 688 1270 744 vester
1286 674 1444 743 coelestis
1459 675 1633 765 perfectus
1657 688 1719 746 est.
1771 676 1837 746 llic
1860 677 2035 768 significat
2057 680 2143 749 sim·

1155 776 1342 870 plicissime
1365 776 1480 860 idem,
1522 779 1616 870 quod
1642 788 1695 847 cst
1716 778 1891 872 aequalis,
1932 782 2008 850 sine
2033 807 2143 879 apog*

1155 875 1369 974 ωποληψία,
1395 880 1477 948 date
1489 880 1655 949 omnibus
1667 894 1827 971 respectu
1842 882 2080 968 necessitatis,
2107 899 2143 956 et

1155 1008 1220 1075 pro
1235 981 1481 1065 facultatibus,
1507 995 1654 1073 propter
1670 981 1805 1065 Deum,
1830 1007 1904 1054 non
1916 979 2095 1073 homines.
2130 1002 2133 1007 '

1254 1083 1310 1152 Aa
1327 1082 1478 1153 Coloss.:
1504 1081 1546 1152 In
1563 1079 1704 1154 Christo
1719 1087 1866 1176 perfecti
1881 1087 1962 1158 estis
1970 1088 2031 1184 ²⁸),
2059 1113 2142 1160 ora·

1155 1187 1205 1256 tio
1220 1184 1393 1255 exclusiva
1410 1199 1481 1268 est,
1514 1188 1617 1280 quasi
1642 1188 1753 1273 dicat,
1787 1213 1861 1257 non
1885 1190 1968 1261 estis
1990 1194 2141 1285 perfecti

1156 1290 1192 1357 in
1206 1288 1417 1378 vobisipsis,
1437 1311 1501 1357 nee
1519 1288 1600 1360 estis
1617 1291 1763 1379 perfecti
1778 1303 1893 1360 vestra
1910 1295 2142 1383 perfectione,

1154 1404 1270 1461 vestra
1286 1391 1505 1475 obedientia,
1531 1394 1592 1462 sed
1608 1393 1646 1459 in
1662 1388 1803 1464 Christo
1820 1394 1858 1462 in
1882 1390 1949 1464 hac
1974 1397 2048 1471 vita
2073 1399 2141 1469 im-

1154 1494 1359 1587 putatione,
1385 1507 1421 1563 et
1436 1489 1622 1584 posthanc
1639 1496 1749 1564 vitam
1765 1499 2085 1573 consummatione.

1254 1594 1437 1687 Explicata
1451 1597 1679 1689 ambiguitate
1694 1599 1859 1670 vocabuli
1870 1600 2043 1688 Perfecti,
2067 1604 2140 1675 iam

1155 1699 1200 1767 ad
1232 1712 1480 1788 argumentum
1514 1703 1636 1771 redeo:
1689 1701 1727 1769 si
1759 1701 1811 1771 vis
1843 1705 2018 1794 perfectus
2055 1732 2140 1792 esse,

1154 1800 1262 1884 vade,
1295 1802 1408 1870 vende
1431 1802 1549 1870 omnia
1573 1826 1664 1897 quae
1688 1798 1816 1888 habes,
1849 1819 1884 1874 et
1905 1807 1950 1875 da
1973 1810 2140 1902 pauperi-

1153 1904 1239 1985 bus,
1266 1916 1300 1972 et
1317 1927 1463 1997 sequere
1480 1928 1547 1974 me.
1597 1905 1693 1995 Ergo
1706 1907 1875 1998 perfectio
1892 1922 1945 1979 est
1959 1911 2139 1984 discedere

1155 2007 1426 2076 afacultatibus.
1463 2006 1693 2098 Responde0:
1721 2009 1820 2100 Nego
1834 2016 2138 2108 consequentiam,

1155 2108 1237 2203 quia
1253 2103 1321 2177 hoc
1336 2109 1468 2178 dictum
1492 2122 1544 2180 est
1566 2110 1705 2181 vocatio
1731 2113 1937 2204 singularis,
1961 2138 2036 2186 non
2060 2120 2141 2188 uni·

1154 2212 1309 2281 versalis.
1351 2211 1512 2281 Secundo
1530 2215 1699 2304 perfectio
1717 2216 1876 2286 consistit
1891 2217 1929 2286 in
1943 2221 2135 2311 particula:

1154 2315 1308 2408 Sequere
1322 2338 1397 2397 me,
1424 2339 1499 2384 non
1514 2314 1552 2382 in
1565 2316 1756 2408 prioribus.
1806 2317 1853 2388 Et
1875 2314 1964 2391 haec
1982 2346 2068 2414 pars
2091 2326 2137 2393 ad

1155 2442 1277 2487 omnes
1296 2417 1469 2508 pertinet,
1510 2421 1572 2487 sed
1600 2446 1667 2512 pro
1694 2420 1915 2514 singulorum
1938 2427 2136 2512 vocatione,

1154 2520 1247 2590 utin
1266 2520 1333 2588 alia
1350 2521 1537 2591 vocatione
1554 2525 1714 2617 sequitur
1728 2520 1907 2597 Christum
1921 2528 2002 2620 pius
2024 2530 2136 2613 miles,

1154 2623 1192 2690 in
1209 2622 1277 2691 alia
1294 2625 1579 2707 materfamilias,
1606 2626 1644 2695 in
1659 2624 1727 2696 alia
1745 2630 1888 2711 doctor,
1914 2644 2050 2722 pastor.
2092 2633 2136 2702 Et

1154 2726 1241 2795 illud
1256 2726 1355 2818 sequi
1371 2738 1455 2795 tunc
1470 2741 1522 2798 est
1538 2739 1589 2796 est
1602 2730 1783 2821 perfectio,
1799 2755 1873 2801 non
1887 2735 2013 2823 gradu.
2044 2734 2136 2806 Pau·

1153 2830 1208 2898 lus
1236 2828 1331 2896 enim
1363 2852 1522 2920 expresse
1553 2830 1745 2927 inquit⁴⁰)‚
1787 2858 1824 2905 se
1852 2859 1927 2905 non
1957 2861 2032 2908 esse
2059 2862 2135 2931 per·

1153 2933 1283 2999 fectum
1303 2930 1433 3000 scilicet
1458 2932 1589 3024 gradu,
1619 2939 1681 3005 sed
1705 2948 1757 3004 est
1780 2939 1949 3029 perfectio
1971 2964 2133 3024 numero,

1154 3033 1243 3103 sicut
1266 3035 1310 3101 ad
1333 3029 1512 3103 Abraham
1538 3035 1668 3107 dicitur
1695 3037 2008 3137 (Genes.17,1.):
2049 3042 2132 3115 Esto

1155 3137 1346 3227 perfectus,
1374 3135 1496 3220 idest,
1524 3131 1657 3210 habens
1675 3165 1797 3213 omnes
1811 3157 1930 3234 partes
1946 3145 2133 3238 integrales

1154 3239 1257 3306 fidem
1292 3262 1332 3306 ac
1361 3238 1493 3308 bonam
1526 3243 1777 3314 conscientiam
1810 3247 1885 3318 sine
1917 3247 2132 3333 idololatria,

1154 3342 1228 3411 sine
1244 3340 1480 3413 simulatione.

1254 3443 1305 3511 Ac
1319 3443 1423 3512 simul
1440 3440 1497 3513 hic
1513 3446 1692 3518 sciendum
1710 3463 1762 3521 est
1777 3452 2012 3522 desertionem
2028 3456 2134 3525 facul·

1155 3561 1266 3616 tatum
1281 3547 1456 3637 ‹lrtplicem
1474 3573 1558 3619 esse.
1608 3551 1687 3620 Alia
1711 3556 1750 3623 fit
1771 3555 1847 3625 sine
1866 3557 2037 3626 mandato
2056 3557 2135 3647 Dei,

1153 3647 1240 3718 haec
1262 3662 1313 3719 est
1335 3648 1641 3746 ὲθελαθρησκιία,
1683 3668 1718 3725 et
1745 3682 1820 3726 non
1843 3671 1895 3729 est
1919 3659 2033 3730 cultus
2054 3661 2137 3737 Det·

1153 3753 1232 3820 Alia
1264 3752 1416 3821 desertio
1445 3756 1485 3821 fit
1515 3756 1684 3826 mandato
1707 3758 1793 3844 Dei,
1825 3773 1965 3831 utrum
1990 3771 2133 3856 tyranni

1152 3854 1375 3948 praecipiunt
1389 3855 1540 3924 abiicere
1556 3881 1677 3929 veram
1699 3863 1919 3947 doctrinam,
1945 3878 2008 3936 aut
2027 3867 2134 3938 disce·

1153 3962 1236 4027 dere
1260 3983 1280 4026 a
1301 3957 1544 4042 facultatibus,
1570 3954 1629 4029 bic
1649 3968 1856 4037 mandatum
1871 3965 1940 4034 Dei
1961 3972 2133 4064 praecipit

1152 4060 1270 4153 potius
1299 4060 1459 4129 deserere
1489 4062 1682 4135 facultates.
1747 4069 1847 4140 Talis
1875 4072 2029 4141 desertio
2052 4099 2130 4147 cum

1153 4160 1281 4232 habeat
1302 4164 1509 4232 mandatum
1527 4163 1615 4248 Dei,
1641 4183 1692 4238 est
1711 4196 1799 4263 opus
1815 4174 2074 4261 necessarium,
2099 4184 2132 4250 et

1153 4269 1197 4335 ad
1213 4265 1273 4334 illa
1290 4265 1382 4333 dicta
1397 4267 1569 4357 pertinet:
1602 4267 1687 4340 Esto
1711 4278 1904 4365 perfectus,
1939 4278 2023 4371 quia
2045 4275 2132 4352 haec

1154 4368 1353 4438 obedientia
1384 4381 1538 4461 estpars
1561 4372 1759 4464 integralis,
1791 4378 1974 4469 pertinens
1995 4382 2041 4449 ad
2063 4381 2131 4455 hoc

1152 4484 1285 4555 totum,
1325 4472 1423 4564 quod
1452 4474 1660 4545 nominatur
1687 4481 1885 4550 obedientia
1922 4489 2130 4571 necessaria,

1151 4575 1281 4645 sedicet
1296 4569 1426 4642 habere
1440 4577 1544 4644 fidem
1560 4590 1594 4646 et
1607 4579 1739 4650 bonam
1755 4584 2019 4659 conscientiam.
2045 4589 2130 4660 cse-

1151 4692 1265 4747 terum
1292 4701 1356 4767 ego
1381 4676 1498 4748 iudico
1522 4680 1818 4773 simplicissimam
1840 4711 1913 4758 esse
1935 4694 2132 4764 enarratio·

1151 4806 1252 4864 nem,
1278 4780 1307 4849 si
1321 4779 1375 4849 vis
1390 4783 1563 4871 perfectus
1580 4809 1671 4869 esse,
1698 4785 1819 4876 idest,
1845 4791 1920 4860 sine
1938 4787 2131 4887 hypocrisi,

1150 4885 1225 4955 sine
1248 4883 1492 4968 simulatione,
1524 4888 1668 4956 ostende
1697 4886 1788 4962 hanc
1815 4904 1914 4964 tuam
1936 4919 2012 4965 non
2032 4900 2131 4970 fuco-

1149 5011 1226 5057 sam
1243 4985 1479 5056 obedientiam
1500 4983 1569 5057 hoc
1591 4993 1719 5078 modo,
1756 4997 1846 5068 sicut
1862 5020 1926 5088 ego
1952 5011 1987 5068 te
2010 5002 2130 5096 singu.

1149 5090 1272 5158 lariter
1288 5113 1388 5158 voco.

1182 5321 1231 5380 39)
1250 5320 1328 5374 cont.
1347 5320 1455 5375 Coloss.
1469 5326 1494 5391 t,
1511 5325 1554 5379 28.
1580 5330 1607 5391 4,
1628 5328 1666 5378 tt.

1183 5421 1231 5489 40)
1248 5425 1363 5488 Philipp.
1373 5426 1400 5490 ³,
1419 5427 1458 5478 n.
