4566 5760
42 236 94 309 00
467 240 479 287 -’
504 234 553 292 t·
596 233 623 310 l.
664 230 1014 309 PHILOSOPHIAE
1036 226 1254 304 Moutbts
1279 226 1511 306 bettona:
1538 230 1559 253 ·’
1657 234 1662 249 ’
2021 236 2073 310 st

42 406 325 502 completaque
342 406 429 476 vitia
453 405 632 480 Ecclesiae
651 408 871 501 intelligant,
909 422 1031 479 tamen
1058 404 1261 475 'rationem
1276 428 1360 474 suae
1374 405 1515 491 salutis,
1549 418 1583 476 et
1596 407 1751 479 liberent
1765 434 1802 479 se
1815 411 1860 480 ali
1879 408 1933 482 bis
1949 412 2071 503 ingen-

40 534 88 579 ne
106 510 194 604 quid
211 512 391 579 accersant
405 508 474 579 sibi
489 510 563 580 odii
580 524 642 580 aut
655 513 826 602 periculi,
859 511 1031 581 adiuvant
1083 509 1177 577 tibus
1202 507 1388 579 scandalis.
1439 509 1532 580 Nam
1554 506 1622 580 hoc
1646 527 1897 603 argumentum
1922 517 2072 585 refutari

40 613 243 696 saevitiam,
267 612 462 682 defendunt
477 613 695 706 impietatem
712 627 834 683 contra
852 614 1031 684 conscien-
1082 610 1180 682 nullo
1199 610 1307 678 modo
1324 623 1452 702 potest.

40 715 145 785 tiam.
197 714 363 785 Metuunt
390 714 485 783 enim
519 716 798 807 conspirationes
824 717 1029 808 pontificiae
1183 712 1290 804 erod
1313 726 1431 783 autem
1453 727 1488 782 et
1508 714 1614 785 nobis
1643 718 1811 786 scandala
1836 717 2068 800 obiiciantur,

38 817 219 888 factionis.
269 817 317 888 Et
330 819 429 911 quod
442 817 727 909 indignissimum
743 833 795 889 est
809 814 954 888 heroico
970 845 1030 910 ge·
1081 817 1178 908 quod
1191 814 1355 884 videlicet
1370 815 1481 909 aliqui
1499 819 1695 888 abutuntur
1711 819 1885 905 libertate,
1907 833 1970 889 ant
1985 820 2067 901 alia,

39 944 150 1002 nere,
181 933 298 1004 metu,
329 920 493 1010 ignavia,
529 933 591 990 aut
623 922 729 991 etiam
757 946 820 1014 spe
849 936 1027 992 certarum
1078 912 1166 986 haec
1180 940 1255 986 non
1271 918 1435 987 accidunt
1460 920 1643 989 doctrinae
1660 934 1722 991 aut
1737 920 1938 1015 principum
1951 922 2066 1013 culpa.

39 1023 257 1105 utilitatum,
281 1024 442 1114 produnt
456 1022 664 1114 religionem
681 1036 716 1092 et
731 1024 914 1096 iustitiam.
1078 1019 1117 1088 si
1138 1021 1301 1090 doctores
1321 1033 1356 1088 et
1378 1021 1557 1114 principes
1578 1035 1672 1092 recte
1701 1024 1836 1095 faciunt
1862 1050 1966 1095 snum
1990 1026 2066 1093 olli-

147 1124 237 1193 Cnm
251 1122 507 1220 Cassanderw)
524 1139 659 1218 peteret
679 1127 723 1195 ab
739 1124 1026 1211 Atheniensibus,
1079 1123 1193 1205 cium,
1217 1135 1257 1191 nt
1274 1123 1392 1216 inquit
1408 1114 1596 1207 Eze'ctiid,
1623 1139 1720 1197 extra
1747 1118 1887 1219 culpam
1910 1140 1993 1196 stant
2005 1128 2065 1215 ⁶⁸).

40 1238 84 1296 ut
96 1224 340 1297 Alexandrum
356 1228 530 1297 referrent
544 1229 636 1297 inter
652 1227 767 1314 Deos,
793 1254 945 1323 eumque
968 1254 1026 1299 co·
1178 1223 1225 1293 At
1240 1224 1277 1292 in
1294 1226 1404 1294 altera
1420 1239 1521 1316 parte
1537 1252 1640 1298 causa
1656 1231 1848 1321 praecipua
1867 1229 2062 1320 ingentium

39 1329 158 1398 lerent
197 1330 300 1399 certis
332 1329 530 1413 sacrificiis,
578 1331 740 1425 plerique
771 1333 1026 1402 execrabantur
1077 1326 1248 1395 scelernm
1264 1322 1507 1412 haereti-nbis,
1527 1331 1588 1424 qui
1601 1344 1783 1421 praesunt.
1810 1333 2064 1421 Deindelonge

39 1426 137 1500 hanc
151 1432 301 1524 impiam
320 1432 572 1503 adulationem.
610 1433 680 1503 Sed
696 1433 873 1505 Demades
882 1434 928 1529 ⁶¹)
942 1458 1026 1504 sua·
1078 1428 1232 1498 atrocius
1246 1431 1357 1500 scelus
1376 1430 1593 1515 idololatria,
1608 1457 1716 1526 quam
1733 1435 1802 1502 alia
1820 1435 1918 1527 vulgi
1934 1448 2064 1504 errata.

39 1534 109 1617 sit,
135 1547 176 1603 ut
199 1536 318 1616 lieret,
343 1557 389 1602 ne
407 1533 570 1604 videlicet
591 1536 723 1606 bellum
749 1537 799 1608 eis
822 1538 1025 1621 inferretur,
1075 1529 1122 1599 Et
1153 1530 1278 1599 collata
1311 1533 1349 1600 in
1372 1558 1486 1602 unum
1518 1535 1698 1605 cumulum
1730 1551 1867 1607 caetera
1897 1539 2063 1609 scandala

40 1659 84 1709 ac
101 1636 238 1730 inquit:
264 1635 402 1719 Videte,
415 1661 460 1706 ne
476 1650 609 1708 terram
627 1639 809 1724 amittatis,
826 1642 911 1710 dum
926 1640 1023 1710 coelo
1077 1632 1197 1701 omnia
1215 1657 1443 1728 nequaquam
1456 1647 1595 1706 tantum
1613 1637 1752 1708 sceleris
1769 1635 1921 1723 babent,
1948 1664 2061 1734 quan-

37 1737 212 1807 iniuriam
235 1739 313 1807 fieri
326 1735 540 1830 prohibetis.
610 1738 664 1810 lta
685 1765 780 1811 nunc
801 1743 904 1813 multi
925 1744 1024 1811 coelo
1075 1747 1152 1804 tum
1172 1731 1306 1805 habent
1328 1733 1366 1805 hi
1387 1749 1458 1806 tres
1481 1740 1582 1807 nervi
1605 1741 1705 1831 regni
1723 1739 1952 1825 Antichristi,
1979 1766 2062 1833 pro-

37 1840 213 1909 iniuriam
227 1843 340 1910 facere
356 1843 514 1926 malunt,
540 1866 647 1937 quam
665 1846 840 1936 suscipere
855 1846 911 1914 vel
926 1846 1025 1914 labo·
1075 1839 1210 1906 fanatiO
1225 1838 1374 1923 Missae,
1400 1839 1601 1919 C0ellbtttus
1616 1855 1651 1911 et
1668 1845 1911 1913 commentitia
1927 1845 2061 1913 autori·

37 1967 132 2025 rem,
154 1943 209 2012 vel
224 1944 422 2035 periculum
434 1958 583 2036 propter
599 1947 755 2018 veritatis
771 1948 1024 2018 defensionem,
1076 1952 1129 2010 tas
1141 1938 1299 2009 Romani
1312 1941 1480 2034 episcopi,
1505 1945 1710 2035 profanatio
1728 1946 1858 2018 Missae
1873 1949 1993 2039 palam
2010 1959 2062 2015 est

38 2046 112 2114 Sed
127 2040 299 2136 hiignavi
316 2058 351 2114 et
367 2047 661 2140 impiiprineipe's
684 2074 911 2145 nequaqnam
927 2050 1025 2141 digni
1075 2042 1309 2113 idololatrica.
1362 2045 1564 2116 Coelihatas
1579 2059 1631 2115 tot
1652 2048 1775 2119 seculis
1799 2062 1972 2144 quantum
1988 2062 2061 2119 tur·-

39 2159 126 2218 snnt
156 2148 216 2216 illa
249 2149 391 2219 coelesti
419 2151 657 2241 appellatione
679 2151 826 2248 (psalm.
852 2154 919 2236 82,
952 2151 1024 2249 6,);
1075 2145 1306 2237 pissimorum
1340 2147 1583 2240 exemplorum
1614 2152 1817 2224 cumulavit.
1894 2151 2060 2221 Romana

38 2248 119 2339 Ego
137 2250 225 2319 dixi:
253 2251 312 2319 Dii
330 2253 423 2322 estis.
474 2253 570 2324 Deus
595 2255 690 2323 enim
712 2256 872 2347 impertit
893 2255 1025 2348 princi·
1077 2248 1275 2317 dominatio
1297 2249 1369 2319 iam
1394 2251 1497 2321 annis
1519 2253 1690 2323 sexcentis
1715 2254 1820 2325 toties
1842 2255 1952 2346 impia
1968 2255 2059 2322 bella

37 2353 145 2446 pilius
161 2353 363 2423 societatem
379 2356 434 2426 sui
448 2356 625 2441 nominis,
650 2358 732 2452 quia
757 2359 807 2428 eis
828 2383 949 2428 rerum
971 2359 1025 2426 di.
1077 2351 1251 2423 excitavit.
1301 2351 1504 2422 Videndum
1522 2367 1573 2424 est
1587 2368 1705 2425 autem
1720 2357 1757 2425 in
1773 2358 1931 2453 qualibet
1946 2371 2060 2449 parte,

40 2454 209 2525 vinarum
251 2458 493 2528 defensionem
536 2460 816 2544 commendavit,
862 2461 1025 2529 videlicet
1076 2453 1139 2546 qui
1156 2478 1238 2522 vere
1253 2453 1325 2522 sint
1339 2468 1481 2525 autores
1498 2458 1759 2530 scandalorum.
1811 2460 1876 2531 His
1895 2459 2062 2529 omnibns

37 2555 247 2648 Evangelii,
272 2559 444 2642 institiae,
470 2561 567 2650 pacis
582 2575 616 2629 et
628 2563 846 2652 disciplinae,
1077 2555 1307 2622 concionatur
1315 2553 1474 2626 Christus
1483 2555 1628 2650 (Matth.
1646 2562 1705 2643 18,
1721 2561 1791 2654 7.);
1818 2563 1892 2632 Vae
1907 2558 2061 2643 homini,

144 2661 279 2729 Octava
296 2657 442 2754 (Matth.
462 2664 521 2745 18,
542 2661 594 2756 7.)
606 2690 618 2730 :·
639 2664 713 2732 Vae
729 2660 880 2747 homini,
897 2664 959 2757 qni
974 2675 1025 2732 est
1074 2681 1140 2748 per
1157 2680 1263 2749 quem
1279 2657 1378 2724 venit
1392 2659 1609 2729 scandalum.
1650 2658 1715 2728 lbi
1736 2676 1855 2733 autem
1880 2665 2059 2756 principes

39 2774 148 2832 autor
177 2774 240 2830 aut
259 2765 489 2832 confirmator
516 2765 690 2845 scandali;
725 2765 922 2858 principes,
962 2765 1025 2859 qui
1076 2771 1217 2845 autores
1241 2771 1323 2826 sunt
1348 2760 1616 2845 scandalorum,
1648 2764 1709 2832 ubi
1734 2764 1830 2856 piam
1858 2767 2057 2835 doctrinam

39 2888 117 2933 non
132 2876 273 2933 mutant
287 2866 427 2948 abusus,
453 2879 535 2935 sunt
549 2879 691 2937 autores
708 2882 743 2937 et
758 2871 1024 2937 confirmatores
1075 2861 1268 2952 propagari
1282 2872 1419 2945 vetant,
1446 2864 1640 2934 defendunt
1657 2866 1918 2952 idololatriam,
1951 2893 2058 2959 vagas

38 2962 268 3036 horribilium
284 2969 545 3039 scandalorum.
584 2971 704 3063 Quare
719 2995 793 3040 non
809 2972 958 3040 dubium
973 2982 1025 3039 est
1074 2962 1241 3033 libidines
1253 2966 1497 3050 sacerdotum,
1523 2980 1559 3035 et
1574 2967 1641 3035 alia
1660 2969 1802 3039 scelera.

41 3070 92 3138 eis
106 3069 223 3138 Deum
238 3071 443 3160 gravissime
457 3070 573 3141 irasci.
607 3072 673 3142 Hic
686 3073 873 3166 diligenter
887 3072 1024 3164 magni·
1176 3063 1354 3136 Hactenus
1382 3068 1540 3138 rationes
1574 3084 1653 3139 0⁶10
1687 3096 1830 3162 grates,
1873 3075 1993 3142 firmas
2025 3086 2060 3138 ‘¹

39 3173 130 3241 tudo
152 3174 422 3257 scandalorum,
460 3186 496 3242 et
517 3174 593 3244 veri
614 3177 729 3246 fontes
744 3177 1024 3258 considerentur,
1075 3191 1177 3238 veras
1192 3169 1373 3253 recensui,
1399 3196 1490 3265 quae
1506 3172 1584 3263 pios
1606 3176 1838 3257 confirmant,
1864 3177 1925 3269 qui
1939 3173 2059 3243 Eccle-

40 3274 140 3345 Deus
163 3276 325 3345 adficitur
350 3276 563 3346 contumelia
586 3277 623 3346 in
645 3280 848 3349 defensione
875 3279 1024 3347 idolola-
1075 3270 1144 3340 sias
1159 3273 1361 3355 emendant,
1378 3284 1413 3342 et
1426 3275 1555 3343 merito
1569 3276 1903 3347 debebantmovere
1920 3278 2061 3371 aliquos

39 3377 149 3456 triae3
165 3390 219 3446 tot
233 3378 345 3447 miliia
361 3379 563 3449 animarum
579 3381 796 3451 sednenntnr
811 3394 847 3451 et
861 3393 1024 3472 pereunt,
1074 3373 1344 3457 moderatiores,
1356 3388 1398 3443 ut
1410 3376 1566 3445 officium
1584 3373 1755 3448 inhaere
1771 3405 1874 3450 suurn
1890 3382 2059 3450 facerent.

40 3481 231 3574 praecipue
255 3482 358 3573 culpa
379 3481 600 3573 principum,
624 3482 687 3576 qui
707 3484 924 3576 impediunt,
952 3506 1023 3577 qino
1074 3471 1297 3566 Blaspbemis
1312 3478 1442 3546 frustra
1457 3478 1730 3565 concionamur,
1756 3485 1817 3552 sed
1840 3497 1960 3551 tamen
1975 3505 2059 3573 pro-

39 3582 161 3652 minus
174 3582 497 3675 puramEvangelii
512 3585 711 3654 doctrinam
723 3586 876 3679 populus
892 3585 1024 3655 audiat.
1075 3577 1164 3670 poni
1186 3577 1236 3646 eis
1256 3579 1424 3648 mandata
1448 3576 1580 3650 Christi
1609 3585 1758 3668 debent,
1790 3598 1831 3655 ut
1860 3585 2061 3675 intelligant

42 3685 284 3756 Confirmatur
298 3687 400 3756 furor
412 3687 720 3771 adversariorum,
747 3689 922 3783 quibunt
944 3712 1025 3779 per·
1076 3680 1274 3772 improbari
1301 3707 1404 3751 suum
1425 3683 1596 3754 furorem.
1655 3684 1795 3756 Addam
1818 3712 1932 3757 unum
1955 3710 2060 3778 argu·

39 3788 252 3872 tinaciores,
292 3801 327 3858 et
347 3789 524 3859 saeviores
535 3789 581 3884 ⁶⁸)
612 3792 780 3885 exemplis
810 3791 1024 3885 principum.
1076 3794 1237 3852 mentum
1250 3784 1445 3855 moderatis
1461 3784 1611 3876 ingeniis
1627 3788 1936 3862 considerandum.

42 3890 310 3963 confirmantur
323 3903 357 3959 et
369 3892 544 3962 libidines.
1177 3884 1276 3956 Dens
1296 3887 1462 3970 mandat,
1488 3901 1529 3958 ut
1550 3912 1736 3982 precemur
1755 3918 1822 3985 pro
1838 3892 1992 3986 politiis‚
2026 3906 2060 3961 et

72 4054 75 4059 .
145 3991 204 4060 Sic
224 4005 343 4061 antem
362 3995 479 4089 inquit
498 3995 597 4065 Deus
618 3996 714 4086 apud
735 3990 957 4065 Ezechielem
980 3991 1025 4060 de
1077 3989 1280 4057 conservari
1294 4013 1353 4059 eas
1369 4013 1521 4062 oremus.
1571 3991 1637 4062 Est
1651 3995 1745 4082 enim
1762 3996 1939 4087 singtdare
1954 3998 2060 4064 bene·

44 4094 210 4167 omnibus
225 4095 532 4185 gubernatoribus,
559 4122 635 4189 cap.
653 4097 703 4168 54
714 4097 779 4194 ⁶⁸),
796 4097 912 4193 (10.):
935 4094 1026 4165 Ecce
1077 4092 1196 4161 licium
1215 4090 1284 4159 Dei
1307 4088 1394 4161 haec
1423 4092 1534 4164 civilis
1562 4095 1643 4191 vitai
1664 4093 1904 4187 pulcherrimo
1934 4096 2060 4166 ordine

44 4223 110 4290 ego
124 4197 200 4290 ipse
213 4221 321 4288 super
334 4211 504 4288 pastores,
519 4214 553 4270 et
562 4202 743 4294 requiram
756 4224 898 4291 gregem
906 4223 1026 4268 meum
1079 4193 1293 4278 consociata,
1307 4195 1345 4264 in
1362 4220 1433 4290 quo
1448 4197 1567 4266 lucent
1585 4198 1728 4269 bonitas
1748 4211 1781 4267 ct
1795 4199 1968 4291 sapientia
1980 4199 2060 4270 Dei.

43 4302 89 4371 de
102 4324 213 4369 manu
231 4325 369 4384 eortrm,
387 4312 423 4369 et
436 4302 560 4371 delebo
574 4327 646 4373 eos.
696 4301 744 4372 Et
759 4302 871 4372 Amos
890 4300 1026 4396 6,(1.):
1078 4295 1125 4366 Et
1145 4297 1223 4366 vult
1245 4294 1341 4367 Deus
1368 4298 1511 4389 politias
1536 4299 1684 4370 existere
1704 4314 1853 4393 propter
1875 4301 2060 4374 Ecclesias.

42 4401 119 4472 Vae
133 4402 235 4472 vobis
250 4403 452 4495 optimates,
475 4403 590 4495 capita
603 4406 821 4498 populorum
838 4417 903 4474 etc.
928 4399 1029 4474 Nihil
1079 4398 1152 4468 Has
1177 4422 1300 4469 causas
1322 4398 1401 4469 Deo
1426 4402 1579 4492 allegant
1607 4401 1687 4492 piae
1710 4415 1851 4476 mentes¹
1875 4404 1914 4474 in
1937 4430 2062 4497 preca-

43 4505 273 4599 patiebantur
288 4530 396 4597 super
420 4506 634 4576 contritione
649 4503 788 4600 loseph.
839 4505 916 4576 Hae
939 4505 1028 4575 divi·
1079 4502 1196 4586 tione,
1221 4514 1262 4572 ut
1275 4501 1372 4573 Deus
1392 4503 1473 4572 ideo
1496 4515 1681 4573 conservet
1701 4505 1862 4596 politias,
1887 4509 1970 4603 (pria
1988 4510 2063 4579 eius

44 4632 112 4678 nae
143 4609 438 4679 comminationes
466 4610 626 4702 profecto
654 4635 730 4680 non
761 4622 868 4680 erunt
893 4608 1028 4678 irritae.
1078 4603 1252 4697 sapientia
1268 4605 1478 4675 constitutae
1498 4618 1591 4676 sunt.
1643 4603 1753 4692 Item,
1785 4611 1869 4704 quia
1892 4612 2063 4682 adiuvent
2100 4628 2105 4637 '

44 4711 166 4805 Quare
180 4713 377 4802 optandum
395 4725 465 4796 est,
490 4724 532 4782 ut
545 4735 669 4784 omnes
682 4713 861 4806 principes
871 4706 1029 4781 habeant
1080 4720 1125 4878 egi
1131 4707 1521 4879 disendanijff⁰⁰¹⁰⁵i³⁸'
1535 4720 1571 4778 et
1586 4710 1773 4780 conferant
1786 4738 1889 4782 suum
1906 4715 2061 4785 officium

1080 4834 1099 4878 a
1140 4809 1290 4902 goriam
1361 4809 1449 4881 risti.

786 4950 789 4955 ·
1214 4914 1371 4981 uomodo
1389 4926 1509 4983 autem
1550 4938 1593 4983 ro
1607 4913 1651 4985 iis
1692 4912 1848 4986 olitiiaro
1874 4919 1927 4988 ari
1961 4932 2050 4991 otest

77 4994 315 5129 wgtffi'ffm‘f’
333 4992 487 5056 mltum
504 4994 585 5058 Μ’
603 4991 664 5047 ³¹⁹·
682 5004 707 5044 ⁸·
726 4991 789 5046 ⁰¹¹³·
806 4995 928 5046 *²⁶⁸¹*
946 5005 1028 5047 Μ’
1080 4911 1232 5108 quartiln
1259 5008 1317 5083 hic
1338 4939 1550 5109 praecipuui
1573 5030 1626 5114 est
1653 4939 1799 5109 siopus,
1830 4940 1873 5089 nl
1898 4945 2065 5093 aliitleanl

76 5152 130 5214 at)
144 5149 296 5211 amares,
314 5126 411 5197 oratii
427 5149 620 5211 attanensis,
638 5147 815 5199 renoscant
832 5149 964 5212 annun.
1080 5113 1629 5204 Chrlsfi·d⁰ctriffltm‚etss⁰mt¹¹2
1638 5119 1851 5193 ttffisscletias
1858 5123 2064 5217 s1¹ssd511¹8⁸³i

74 5234 129 5302 00)
145 5234 305 5292 saniores]
323 5232 366 5281 stc
380 5233 467 5286 attat.
492 5236 578 5297 pecul.
597 5236 672 5286 1000.
696 5238 725 5285 ct
745 5235 820 5284 1010.
844 5236 873 5284 ct
887 5235 939 5286 tta
955 5237 1027 5300 tent

115 5306 205 5367 ntea
222 5302 271 5352 110.
292 5301 384 5351 tato:
402 5303 570 5354 revertorea
1110 5317 1160 5383 ω)
1179 5318 1258 5371 conf,
1276 5319 1378 5371 Μ,
1396 5317 1447 5382 η,
1463 5317 1491 5369 p,

76 5388 126 5455 08)
146 5388 182 5441 M
210 5387 252 5438 alo
268 5386 350 5436 totu,
370 5387 457 5449 peorrl.
482 5388 557 5440 toas.
579 5393 608 5439 ct
634 5390 725 5453 10405
751 5387 836 5441 ratu
860 5386 931 5455 tnta.
950 5391 1027 5442 1010.
1110 5390 1159 5447 00)
1176 5387 1317 5448 maditus]
1338 5389 1379 5438 alo
1395 5386 1444 5437 Ed„
1462 5387 1558 5507 putul.
1584 5385 1659 5439 1010.
1686 5391 1715 5439 ct
1732 5388 1783 5440 tta.
1800 5388 1873 5452 asts
1899 5388 1992 5451 tatas
2016 5391 2065 5448 Ed.

112 5448 174 5513 ctl
252 5452 367 5508 reolus
383 5458 513 5509 utuntur:
530 5458 673 5526 trtgaatno
691 5460 798 5524 quam.
1145 5457 1234 5522 aaut.
1252 5456 1329 5515 1000.
1347 5460 1375 5508 ct
1390 5457 1442 5510 lid.
1486 5455 1534 5520 ptt.
1554 5456 1629 5509 1010.
1648 5461 1761 5526 typogr.
1780 5469 1892 5511 wrote:
1910 5460 2045 5514 tnntttae.
