4544 5766
216 222 267 297 95
501 216 705 292 scalpra
725 215 801 293 ΡΗ.
824 213 940 291 Mat.
961 214 1029 289 AD
1048 213 1258 293 ETDIOEN
1280 217 1348 292 ΕΤ
1367 215 1623 295 Polat'lcttt
1648 216 1957 296 SPECTANTIA.
2192 219 2247 292 96

217 398 377 479 deleant,
402 407 444 465 ut
468 392 647 463 trucident
671 391 833 461 membra
855 384 1012 462 Christi?
1063 390 1123 463 An
1144 388 1204 464 hic
1255 390 1307 463 Ut
1334 387 1501 485 prohibet
1531 390 1726 475 adulteria,
1755 391 1805 462 sic
1831 386 2025 483 prohibere
2051 401 2086 458 et
2113 389 2244 481 punire

218 525 322 571 orare
346 510 483 566 mentes
506 505 670 587 possrmt:
698 493 853 563 Domine
885 492 1001 576 Deus,
1034 517 1205 567 conserva
1254 493 1449 587 Epicureos
1465 518 1665 579 sermones,
1689 508 1725 563 et
1740 507 1922 564 externam
1943 492 2187 563 idololatriam
2202 518 2245 564 ac

216 601 285 673 hoc
302 625 470 691 regnum,
497 610 538 667 ut
552 620 686 665 nomen
700 609 803 667 tuum
826 595 1041 671 contumelia
1063 597 1206 669 adlicia-
1255 593 1492 689 blasphemias
1511 598 1631 677 dehet;
1657 621 1733 667 non
1747 597 1843 667 enim
1857 597 2007 667 dubium
2021 596 2099 678 est,
2118 620 2244 666 secun·

218 720 294 789 tur,
316 715 357 775 ut
371 702 597 792 extinguatur
616 698 751 791 agnitio
775 695 927 781 Christi,
952 698 1005 791 pii
1027 700 1205 770 truciden·
1255 701 1340 771 dum
1355 713 1587 793 praeceptrun
1601 700 1777 791 pertinere
1793 700 2105 790 admagistratum.
2129 695 2244 769 Inter·

217 806 299 880 tur?
352 805 450 877 'l'alis
469 815 521 873 est
535 803 692 894 precatio
709 825 780 921 pro
792 802 912 895 impiis
926 802 1073 893 politiis,
1098 827 1120 871 a
1133 827 1212 897 qua
1256 815 1309 875 est
1324 803 1417 873 inter
1433 803 1670 875 armentarios
1695 814 1730 872 et
1752 804 1999 893 magistratus,
2025 800 2081 869 illi
2102 812 2244 872 tantum

216 934 356 985 necesse
379 920 432 982 est
451 905 528 999 pias
550 916 687 977 mentes
710 905 804 979 serio
834 917 870 976 ct
892 901 1120 976 vehementer
1142 907 1204 976 ab·
1254 904 1372 975 ventri
1395 907 1572 999 pecudum
1596 904 1836 997 prospiciunt,
1860 905 2088 996 magistratus
2110 905 2244 995 princi-

217 1007 437 1085 horrere.
1179 1044 1181 1049 v
1254 1009 1383 1102 paliter
1410 1009 1544 1099 gloriae
1567 1006 1636 1076 Dei
1658 1007 1792 1078 servire
1814 1008 1929 1079 debet.
1998 1007 2153 1098 Propter
2174 1003 2244 1076 hoc

319 1109 460 1203 Ergo
432 1135 462 1180 s1
477 1108 657 1203 principes
671 1104 903 1200 ipsivolunt
893 1131 1060 1183 mvocare
1073 1105 1204 1191 Deum,
1255 1111 1427 1183 excellens
1448 1136 1578 1183 munus
1601 1109 1756 1181 Deus
1725 1135 1759 1180 er
1779 1109 1939 1202 impertit
1961 1110 2167 1180 societatem
2187 1111 2244 1181 sui

218 1229 388 1298 caveant,
412 1238 457 1283 ne
473 1213 555 1285 talis
569 1212 615 1284 sit
629 1235 754 1283 eorum
768 1213 948 1302 precatio,
974 1213 1036 1284 scd
1052 1211 1205 1300 allegent
1255 1213 1424 1285 nominis.

216 1321 295 1393 Deo
313 1341 415 1389 veras
428 1339 561 1400 causas,
576 1313 756 1384 videlicet:
773 1312 864 1385 Cum
877 1314 1204 1406 politiasideocon-
1356 1316 1446 1385 Dico
1469 1328 1588 1384 autem
1614 1317 1797 1387 custodem
1827 1338 1900 1384 esse
1931 1313 2037 1405 legis,
2071 1313 2170 1408 quod
2197 1314 2244 1382 ad

217 1447 355 1506 serves,
385 1433 426 1489 ut
452 1420 610 1492 serviant
640 1415 709 1487 tuis
732 1413 917 1502 Ecclesiis,
950 1429 991 1487 ut
1011 1415 1205 1508 propagari
1256 1433 1438 1491 externam
1453 1418 1678 1511 disciplinam
1692 1417 1838 1500 attinet,
1863 1430 1905 1487 ut
1919 1426 2149 1487 conservetur
2171 1413 2244 1486 dis-

217 1523 452 1616 Evangelium
472 1520 603 1614 possit,
634 1519 715 1591 Meo
738 1543 847 1610 rogo,
881 1532 923 1591 ut
942 1544 1041 1590 meas
1062 1518 1204 1610 politias
1256 1523 1392 1593 crimen
1415 1521 1509 1594 inter
1535 1520 1774 1592 ministerium
1789 1519 1975 1611 Evangelii
1996 1532 2032 1588 et
2054 1517 2243 1610 magistras

218 1650 414 1703 conserves.
467 1623 544 1694 Hae
559 1634 642 1695 sunt
656 1623 736 1714 piae
754 1646 895 1714 preces,
922 1647 1010 1719 quas
1024 1621 1121 1693 Deus
1146 1646 1204 1692 ex·
1256 1638 1343 1697 tum.
1370 1625 1610 1695 Ministerium
1620 1622 1805 1712 Evangelii
1816 1621 2242 1714 proponitEvangelium,

218 1732 328 1804 audit.
380 1727 507 1821 Qualis
521 1738 574 1799 est
587 1737 705 1795 autem
719 1720 875 1796 hominis
891 1725 983 1808 vita,
1010 1724 1072 1819 qui
1087 1723 1204 1795 Deum
1256 1752 1319 1821 per
1335 1729 1433 1822 quod
1443 1727 1594 1819 Spiritus
1608 1739 1749 1796 sanctus
1764 1739 1815 1796 est
1830 1725 1997 1797 efficaxin
2006 1725 2243 1805 credentibus,

216 1860 292 1906 non
308 1857 390 1902 vere
405 1843 523 1922 potest
544 1829 731 1910 invocare,
757 1827 821 1921 qui
841 1826 907 1899 scit
930 1853 966 1897 se
983 1828 1103 1896 vivere
1127 1827 1203 1897 sine
1256 1832 1346 1902 sicut
1359 1836 1396 1905 2.
1415 1825 1579 1900 Corinth.
1596 1831 1640 1913 3,
1658 1827 1728 1924 (6.)
1746 1829 1894 1899 dicitur:
1923 1827 2023 1897 Fecit
2044 1852 2111 1897 nos
2134 1825 2242 1896 mini-

216 1938 307 2019 Deo,
334 1934 504 2004 reiectum
522 1957 543 2001 a
561 1930 653 2002 Deo.
704 1928 800 1999 Haec
817 1942 870 2002 est
886 1955 1026 2004 summa
1042 1929 1204 1999 omnirun
1256 1947 1348 2005 stros
1366 1932 1453 2004 novi
1476 1931 1715 2014 Testamenti,
1741 1956 1816 2001 non
1836 1931 1978 2013 literae,
2001 1932 2062 2001 sed
2085 1930 2244 2022 spiritus.

218 2037 460 2109 calamitatum
478 2047 513 2105 et
525 2033 763 2105 miseriarum.
1255 2034 1394 2107 Interea
1417 2049 1538 2106 tamen
1559 2035 1787 2127 magistratus
1811 2058 1914 2104 suum
1943 2029 2050 2103 habet
2085 2033 2242 2102 officium

319 2137 402 2211 Meo
418 2135 469 2221 hi,
487 2137 551 2232 qui
564 2146 746 2228 praesunt,
762 2147 804 2206 ut
818 2134 887 2231 ipsi
903 2133 1021 2207 Deum
1037 2135 1204 2204 invocare
1256 2152 1461 2222 externum,
1495 2162 1541 2207 ne
1564 2138 1731 2207 scandala
1762 2149 2033 2228 proponantur,
2074 2130 2243 2227 prohibet

216 2242 369 2338 possint,
382 2254 417 2310 et
430 2253 471 2313 ut
484 2238 622 2332 possint
635 2237 708 2308 frui
720 2237 864 2330 piorum
878 2237 1054 2329 precibus,
1081 2248 1206 2308 curent
1257 2252 1438 2313 externam
1458 2240 1720 2322 idololatriam,
1746 2240 1837 2310 sicut
1858 2237 2052 2322 adulteria,
2079 2250 2142 2309 aut
2164 2262 2243 2307 cae·

216 2361 258 2418 ut
279 2344 435 2416 officium
463 2342 595 2413 serviat
616 2340 751 2432 gloriae
773 2339 843 2410 Dei
868 2353 903 2410 et
918 2338 1103 2423 Ecclesiis,
1129 2362 1204 2407 non
1256 2346 1328 2414 des.
1354 2342 1394 2413 ld
1408 2343 1500 2413 clare
1515 2342 1758 2411 docetPaulus
1773 2338 2038 2437 (1.Tim.1‚9.)
2055 2340 2241 2434 inquiens:

216 2445 503 2539 belligeremrffl)
519 2469 600 2513 cum
615 2439 769 2514 Christo.
820 2442 981 2513 Pericula
997 2442 1093 2512 enirn
1106 2439 1204 2513 Deus
1255 2446 1330 2517 Lex
1352 2457 1404 2516 est
1426 2445 1565 2516 iniustis
1588 2445 1723 2536 posita,
1763 2443 1942 2537 profanis,
1976 2443 2244 2515 contumeliosis

217 2551 440 2645 gubernabit,
465 2548 555 2618 sieut
569 2546 747 2638 promisit,
766 2545 850 2638 quia
866 2558 1002 2616 certum
1017 2558 1068 2616 est
1080 2568 1204 2615 veram
1255 2550 1292 2618 in
1308 2548 1436 2618 Deum.
1486 2546 1534 2616 Et
1545 2544 1641 2618 hunc
1656 2572 1758 2616 usum
1774 2548 1859 2639 legis
1881 2560 1986 2616 vocat
2000 2547 2133 2617 Paulus
2156 2546 2243 2638 legi-

216 2654 411 2729 Ecclesiam
432 2650 646 2721 conservari.
697 2645 791 2718 Illud
820 2648 927 2719 etiam
956 2648 1130 2732 viderint,
1163 2660 1205 2717 ut
1256 2654 1395 2734 timum,
1421 2646 1489 2719 hoc
1504 2663 1567 2733 est,
1593 2675 1672 2719 cum
1689 2662 1833 2720 externa
1851 2649 2037 2741 disciplina
2053 2649 2241 2740 magistra·

217 2760 256 2829 in
273 2755 521 2827 emendatione
543 2752 616 2822 sint
638 2752 844 2842 diligentes,
872 2763 965 2821 recte
988 2751 1205 2841 constituant
1257 2768 1312 2825 tus
1327 2749 1491 2823 cohercet
1504 2752 1657 2843 flagitia,
1682 2777 1871 2845 quaecum
1889 2752 2005 2844 prima
2030 2764 2066 2821 et
2085 2753 2241 2822 secunda

218 2875 253 2932 et
283 2870 415 2929 ornent
442 2855 636 2936 Ecclesias,
671 2864 796 2922 curent
826 2853 1002 2944 stipendia
1031 2851 1203 2921 ministris
1256 2858 1376 2928 tabula
1394 2866 1566 2947 pugnant.

218 2959 405 3041 constitui,
432 2956 582 3026 excitent
596 2954 779 3025 literarum
802 2955 938 3036 studia,
964 2953 1092 3047 quihus
1115 2978 1204 3044 opus
1355 2958 1438 3029 Non
1452 2956 1561 3048 igitur
1577 2956 1764 3027 miscemus
1791 2955 1925 3040 officia,
1951 2958 2012 3027 sed
2036 2952 2146 3026 hahet
2166 2979 2238 3025 ma·

217 3062 327 3134 hahet
340 3059 506 3129 Ecclesia.
532 3056 704 3127 Videmus
723 3055 818 3125 enim
832 3057 938 3129 etiam
947 3055 1202 3147 Apostolorum
1255 3061 1421 3150 gistratus
1445 3083 1545 3130 suam
1566 3059 1805 3144 functionem,
1848 3058 2097 3177 pertinentem
2111 3059 2156 3129 ad
2182 3084 2236 3128 ex·
2265 3112 2268 3154 ÷

218 3180 379 3257 tempore
394 3158 622 3234 scholasticos
636 3172 756 3230 coetus
779 3162 874 3249 apud
887 3157 1063 3229 Ecclesias
1085 3159 1203 3241 luisse,
1258 3176 1395 3231 ternam
1409 3162 1646 3254 disciplinam,
1672 3163 1761 3232 sicut
1781 3175 1814 3231 et
1826 3161 1883 3232 lex
1899 3162 1997 3231 iubet
2011 3161 2134 3253 puniri
2123 3162 2236 3231 blas·
2265 3218 2268 3226 .

218 3283 258 3340 ut
273 3265 437 3346 loannes,
455 3277 490 3334 et
507 3263 635 3333 deinde
651 3262 869 3380 Polycarpus
885 3256 1204 3332 habueruntscho
1256 3260 2237 3360 phemos.Levrtrc124(14-16.)etDeuteron.12.
2265 3320 2268 3359 :

218 3374 281 3442 las.
332 3369 389 3438 Ad
420 3364 486 3437 hos
516 3364 733 3463 necessarios
760 3389 844 3438 usus
876 3366 1092 3436 transferant
1120 3387 1205 3455 opes
1256 3392 1351 3458 cap,
1371 3365 1458 3463 (3.);
1483 3365 1584 3437 ldola
1601 3369 1746 3437 evertite
1762 3381 1827 3439 ete.
1886 3367 2003 3438 Habet
2027 3368 2136 3436 aliam
2160 3367 2235 3437 lun·

220 3473 452 3564 collegiorum
473 3482 509 3539 et
522 3468 844 3553 monasteriorum,
869 3480 910 3539 ut
932 3480 1056 3560 postea
1076 3466 1204 3537 dicam.
1256 3470 1411 3539 ctionem
1434 3470 1620 3564 Evangelii
1639 3470 1821 3554 minister,
1854 3483 1896 3540 ut
1918 3483 2099 3562 proponat
2120 3468 2236 3540 Evan-

217 3577 324 3647 Prius
339 3575 435 3644 enim
451 3583 658 3662 argumenta
675 3571 851 3664 quaedam
864 3571 912 3665 ⁶⁷)
928 3571 1083 3654 diluam,
1113 3594 1204 3663 quae
1256 3573 1339 3664 gelii
1353 3574 1570 3657 doctrinam,
1596 3599 1665 3667 qua
1682 3573 1834 3665 Spiritus
1860 3586 2002 3643 sanctus
2032 3585 2085 3643 est
2107 3574 2236 3643 efficax.

221 3678 395 3748 obiiciunt
419 3673 596 3744 nonnulli.
1256 3677 1313 3745 Ad
1332 3671 1421 3746 haec
1444 3679 1670 3768 magistratus
1692 3676 1881 3768 praecipue
1912 3677 2016 3746 debet
2038 3700 2144 3746 suurn
2164 3677 2238 3746 offi-

320 3779 494 3849 Primum.
546 3774 773 3866 Magistratus
799 3771 955 3843 officium
980 3786 1032 3845 est
1053 3797 1204 3865 corpora
1257 3778 1351 3850 cium
1374 3781 1533 3851 conferre
1559 3780 1604 3848 ad
1619 3780 1769 3870 gloriam
1794 3779 1863 3848 Dei
1885 3781 2105 3862 ornandam,
2135 3780 2239 3851 debet

221 3881 575 3966 tueri,Ecclesiarum
590 3876 802 3969 gubernatio
814 3875 970 3967 pertinet
978 3878 1025 3946 ad
1035 3877 1204 3948 animam.
1257 3894 1292 3950 et
1315 3894 1513 3973 praestare,
1537 3894 1577 3950 ut
1594 3881 1710 3950 luceat
1734 3880 1904 3951 consessio
1926 3881 1966 3951 in
1990 3906 2054 3952 suo
2076 3906 2239 3966 munere,

218 3988 315 4078 lirgo
332 3983 558 4074 magistratus
575 4005 651 4050 non
671 3980 776 4050 debet
796 3977 969 4069 attingere
992 3979 1134 4071 negotia
1151 4004 1205 4049 ec·
1257 3984 1340 4077 qnia
1356 3980 1395 4054 hi
1408 3997 1492 4056 sunt
1504 3986 1603 4066 lines,
1617 3983 1998 4076 principalesomnium
2007 3979 2238 4056 honestarum

221 4088 426 4160 clesiastica.
1255 4086 1499 4169 functionum,
1524 4087 1563 4155 in
1581 4082 1648 4156 hac
1671 4086 1814 4178 politica
1829 4087 2007 4158 societate.
2060 4085 2152 4156 Cum
2174 4088 2240 4157 im·

321 4189 533 4281 Respondeo
557 4187 604 4254 ad
625 4183 811 4254 maiorem.
863 4183 1035 4256 Definitio
1056 4197 1206 4255 nonest
1255 4202 1462 4281 pecatorum
1476 4190 1624 4260 decretis
1643 4184 1916 4260 cohercerentur
1933 4188 2157 4274 Donatistae,
2185 4215 2240 4260 ca-

220 4295 379 4383 integra,
412 4317 493 4361 cum
515 4288 662 4370 dicitur,
695 4285 923 4377 magistratus
952 4287 1106 4359 officium
1132 4311 1204 4359 esse
1255 4292 1477 4363 lumniautur
1495 4291 1732 4383 Augustinum
1754 4294 1937 4375 nonnulli,
1964 4292 2028 4386 qui
2046 4294 2239 4363 contende-

219 4397 406 4466 desendere
423 4416 586 4482 corpora,
612 4403 674 4461 aut
690 4414 826 4481 pacem,
854 4389 938 4482 quia
955 4391 1001 4461 ad
1020 4390 1204 4481 magistra·
1255 4396 1343 4465 bant
1357 4407 1496 4465 tantum
1515 4397 1675 4465 docendo
1689 4397 1894 4467 refutandos
1909 4420 1981 4465 esse
1997 4395 2147 4488 impios,
2178 4398 2240 4467 sed

221 4513 297 4569 tum
334 4495 489 4588 pertinet
522 4492 727 4583 disciplinae
766 4505 931 4562 externae
969 4493 1205 4576 conservatio,
1255 4496 1473 4588 Augustinus
1489 4511 1583 4567 recte
1600 4499 1722 4581 docet,
1749 4500 1846 4593 quod
1863 4500 1963 4571 sitin
1979 4498 2108 4569 talibus
2125 4503 2240 4572 causis

220 4627 296 4671 non
319 4613 458 4669 tantum
483 4595 577 4666 iuxta
601 4596 791 4664 secundam
813 4595 991 4680 tabulam,
1015 4596 1203 4666 sedetiam
1257 4601 1410 4671 officium
1426 4601 1664 4691 magistratus.

222 4706 318 4778 iuxta
350 4702 515 4795 primam.
577 4696 710 4789 Estque
741 4693 829 4768 haec
857 4699 995 4790 integra
1026 4698 1203 4768 delinitio:
1357 4704 1557 4774 Secundum
1574 4716 1834 4794 argumentum.
1885 4701 2030 4774 Nemini
2045 4704 2241 4775 licetusun

220 4807 450 4897 Magistratus
472 4814 524 4870 est
547 4813 663 4869 custos
684 4799 791 4890 legis,
834 4804 931 4894 quod
954 4803 1000 4871 ad
1023 4812 1204 4873 externam
1255 4831 1341 4899 pare
1357 4807 1511 4875 alienum
1526 4806 1692 4890 officium,
1718 4806 1786 4875 soli
1802 4805 1957 4897 episcopi
1976 4808 2105 4876 debent
2119 4806 2241 4880 Eccle-

221 4908 445 5001 disciplinam
478 4903 624 4986 attinet,
653 4924 804 4996 eamque
829 4904 867 4971 vi
880 4906 1059 4997 corporali
1075 4918 1205 4978 tuetur.
1256 4910 1325 4980 sias
1340 4909 1569 4979 constituere:
1598 4934 1681 5001 ergo
1704 4908 1876 4978 nonlicet
1898 4908 2163 5000 magistratibus
2181 4898 2263 4984 ra·'

1257 5035 1339 5104 pere
1357 5012 1513 5082 alienum
1530 5012 1695 5082 officium.
2247 5011 2255 5026 '

253 5153 304 5212 aa)
320 5151 514 5216 astrigerum]
531 5151 573 5202 ne
584 5152 669 5204 rata.
687 5156 776 5218 peon.
791 5155 866 5207 ress.
886 5157 914 5205 et
928 5154 1003 5208 saro.
1023 5157 1051 5206 et
1064 5157 1113 5207 rc
1126 5156 1206 5207 autur
1356 5113 1413 5184 Ad
1427 5115 1604 5186 ml⁰⁰10¹¹¹
1619 5117 1816 5207 re⁸P0¹¹d⁸⁰
1832 5113 2028 5206 dulficilffi·
2074 5114 2237 5189 Primum

289 5222 361 5285 sptt.
381 5221 471 5285 attae
490 5222 538 5272 Ed
558 5223 634 5275 1646.
652 5225 856 5289 belligerantur
1257 5216 1482 5307 magistratus
1494 5215 1742 5288 habentsuum
1760 5242 1889 5287 munus
1911 5219 1954 5287 de
1970 5230 2113 5286 externa
2136 5220 2240 5311 disci·

255 5307 469 5440 afflige]
484 5308 598 5439 :iffi
615 5310 1208 5473 {ffussuffnstnffdtftlstlfflmffle
1258 5319 1374 5412 plina,
1401 5335 1440 5393 ut
1454 5323 1545 5407 dixi,
1572 5334 1606 5390 et
1621 5323 1663 5389 de
1677 5319 1975 5413 praeficiendis
1938 5319 2006 5413 pris
2021 5305 2238 5411 doctoribus.

289 5453 416 5509 ιηιοιι
430 5445 558 5510 qurum
1259 5422 1379 5516 Quare
1396 5448 1470 5494 non
1487 5423 1686 5516 impediunt
1696 5422 2075 5501 officiumdocentrum
2100 5422 2238 5499 Deinde
