4544 5766
192 211 267 287 tet

195 382 402 457 servitutem
418 393 541 451 contra
557 375 791 466 Evangelium
806 399 893 448 esse.
942 374 1078 444 Verum
1099 371 1184 467 quia

195 484 263 575 hac
278 489 321 555 de
338 510 376 553 re
393 485 479 554 alias
494 505 599 572 saepe
618 478 792 559 diximus,
817 478 856 547 in
876 477 1076 570 praesentia
1100 475 1185 546 satis

197 602 249 660 est
262 611 408 657 monere
422 589 611 664 lectorem,
638 584 736 675 quod
756 580 847 650 sicut
859 579 1095 672 Evangeliunr
1109 602 1185 647 non

197 693 316 762 abolet
337 686 406 759 boc
427 697 678 780 praeceptum:
719 682 868 754 Honora
891 697 1031 775 patrem
1052 695 1087 752 et
1109 705 1185 751 ma-

196 809 308 875 trem,
334 792 383 861 ita
403 815 468 860 uec
492 786 662 879 imperia,
687 809 753 856 nec
769 786 977 857 servitutem
993 786 1186 877 improbat,

196 900 257 968 sed
279 920 344 966 suo
369 891 573 964 testimonio
596 890 847 959 confirmatae
869 891 992 972 docet,
1018 901 1186 981 oportere

196 1001 242 1070 ad
256 994 496 1068 cohercendos
513 992 643 1085 impios
658 1005 694 1061 et
712 993 872 1063 carnales
893 992 932 1061 in
956 993 1092 1062 mundo
1115 989 1185 1059 exi-

197 1115 289 1173 stere
310 1124 419 1190 regna
442 1111 477 1169 et
498 1096 716 1166 servitutem.
774 1094 822 1164 Et
843 1095 886 1165 iis
909 1096 1015 1167 rebus
1035 1105 1186 1165 utuntur

197 1203 331 1286 sancti,
357 1202 448 1272 sicut
462 1199 540 1269 aliis
553 1199 657 1269 bonis
672 1197 741 1266 Dei
757 1198 938 1268 creaturis.

659 1348 717 1421 ΙΙΙ.

299 1474 471 1546 Nondum
501 1470 653 1542 absolvit
683 1469 952 1554 oeconomiam,
995 1469 1056 1539 sed
1088 1477 1186 1560 post-

199 1602 307 1674 quam
335 1576 508 1669 familiam
532 1573 754 1656 numeravit,
792 1571 1046 1664 disputandum
1077 1571 1186 1640 etiam

199 1694 252 1753 est
266 1682 308 1749 de
326 1704 366 1749 ea
382 1678 626 1749 conservanda
641 1689 746 1770 atque
764 1676 901 1745 alenda.
947 1673 1062 1742 Docet
1077 1673 1185 1765 igitur

198 1784 375 1876 duplicem
391 1807 464 1852 esse
489 1780 667 1850 rationem
688 1778 743 1848 rei
759 1776 950 1862 ‘familiaris
975 1799 1186 1868 comparan-

198 1888 276 1957 dae.
327 1882 370 1953 ln
390 1881 446 1954 his
468 1885 579 1953 altera
599 1881 773 1951 naturalis
794 1893 866 1963 est,
893 1880 1004 1949 altera
1026 1891 1103 1948 arte
1128 1904 1186 1948 ex·

198 1987 365 2080 cogitata.

299 2089 482 2162 Naturalis
507 2086 601 2156 ratio
625 2088 887 2178 comparandae
909 2085 962 2154 rei
986 2082 1185 2167 familiaris,

198 2191 265 2270 has
281 2189 390 2262 habet
404 2190 609 2285 speciesssb

302 2295 532 2377 Pecuariam,

300 2398 588 2489 Agriculturam,

299 2501 556 2581 Venationem‚
597 2522 677 2565 cum
707 2517 778 2587 qua
806 2491 1074 2586 praedatoriam
1101 2515 1184 2560 con-

197 2603 331 2696 iungit,
358 2630 450 2700 quae
468 2603 591 2694 etipsa
608 2611 659 2670 est
679 2593 848 2680 honesta,
874 2610 909 2665 et
930 2609 1079 2665 naturae
1102 2619 1185 2664 con-

197 2707 373 2790 sentiens,
405 2709 435 2779 si
461 2715 663 2776 exerceatur
687 2702 725 2769 in
749 2699 850 2769 bellis
872 2698 1055 2792 legitimis,
1082 2699 1186 2767 debet

198 2813 293 2885 euim
316 2811 542 2901 magistratus
561 2806 654 2875 bella
679 2826 800 2895 gerere
824 2803 869 2870 ad
901 2801 1107 2892 depellenda
1135 2803 1185 2868 la-

198 2912 363 2986 trocinia.

301 3014 439 3108 Quarta
458 3010 589 3103 species
602 3018 801 3076 mercatura
822 3017 893 3086 est,
921 3025 1063 3096 quares
1086 3000 1186 3068 domi

198 3132 304 3192 natae
319 3119 539 3196 venduntur,
565 3125 605 3182 ut
621 3108 676 3178 his
692 3106 868 3178 distractis
885 3107 1012 3199 quibus
1028 3103 1186 3173 abunda-

13 3247 297 3315 fixam&
324 3218 392 3287 alia
411 3218 665 3311 importemus,
698 3235 789 3305 quae
815 3207 950 3302 alioqui
973 3209 1100 3276 desunt
1120 3230 1186 3274 no·
1273 3248 1284 3274 ε

198 3328 265 3395 bis.
310 3320 413 3389 Hanc
429 3333 533 3389 vocat
552 3312 819 3386 oeconomicam
834 3323 1072 3381 mercaturam
1091 3332 1186 3378 eam-

199 3452 268 3525 que
283 3426 421 3495 laudat:
459 3436 510 3493 est
527 3421 621 3491 enim
634 3414 830 3487 necessaria
847 3417 892 3484 ad
909 3414 1040 3495 vitam,
1074 3433 1185 3504 eaque

199 3529 387 3624 oportebat
411 3527 516 3595 etiam
536 3523 589 3594 uti
614 3519 779 3592 homines
803 3531 884 3587 ante
907 3542 1012 3588 usum
1034 3514 1186 3598 nummi,

199 3658 309 3730 quum
327 3629 589 3722 permutatione
606 3651 725 3696 rerum
742 3645 887 3693 suarum
910 3633 970 3688 aut
994 3642 1185 3710 operarum

198 3763 241 3807 ea
256 3745 443 3830 quaereret
461 3730 704 3824 unusquisque
731 3725 858 3818 quibus
881 3723 1073 3813 indigebat.
1123 3718 1187 3789 Est

199 3852 318 3911 autem
335 3831 423 3903 haec
446 3845 666 3912 mercatura,
694 3852 763 3921 qua
785 3851 841 3894 res
866 3825 964 3893 domi
982 3835 1086 3892 natae
1102 3846 1186 3901 ven-

196 3945 331 4015 duntur
363 3933 471 4006 h⁰dl⁰
504 3958 646 4030 (lumine
685 3928 880 3999 illustribus
920 3925 1100 4018 persimis’
1146 3937 1187 4044 ui
1237 3970 1366 4040 similia
1382 3968 1625 4061 gignentibus,
1651 3968 1735 4036 etin
1751 3969 1899 4037 foenore
1922 3969 2035 4060 gignit
2056 3994 2228 4041 nummus

197 4057 347 4125 vocant,
386 4038 633 4132 permissam),
675 4032 813 4128 quibus}
840 4028 976 4122 alioqui
1009 4027 1186 4119 negotiari

362 4156 387 4214 1.

199 4163 385 4319 tmpeberste
420 4243 615 4335 excogitata
639 4236 731 4307 ratio
753 4235 807 4304 rei
828 4231 1016 4304 familiaris
1043 4256 1186 4323 compa-

198 4355 333 4424 randae
349 4346 458 4419 habet
473 4360 566 4417 artes
582 4356 616 4412 et
633 4365 780 4434 operas,
806 4362 896 4432 quae
913 4349 1034 4405 tamen
1058 4334 1187 4404 libera·

196 4457 278 4526 liter
294 4450 549 4524 communicari
568 4447 709 4517 debent.
747 4442 950 4534 Operarurn
965 4438 1096 4507 locatio
1114 4461 1186 4507 ser·

197 4558 277 4629 vilis
292 4569 354 4626 est.
405 4553 505 4623 Talis
528 4563 579 4620 est
601 4560 819 4628 mercatura,
847 4568 954 4637 quam
975 4553 1106 4609 vocant
1119 4565 1183 4613 κα-

197 4656 426 4753 uallatam),
449 4680 559 4749 quum
577 4651 744 4733 emimus,
777 4661 818 4719 ut
831 4671 954 4717 rursus
971 4645 1086 4714 carius
1102 4668 1186 4711 ven-

197 4769 342 4844 damus,
368 4785 429 4829 seu
454 4757 551 4826 cuius
570 4755 649 4824 finis
671 4765 741 4834 εει,
767 4776 843 4820 non
866 4775 968 4832 usus,
994 4749 1055 4818 sed
1078 4770 1185 4840 quae-

197 4881 282 4938 stus.
350 4862 451 4930 Hanc
482 4858 661 4947 vituperat
690 4854 916 4936 Aristoteles,
959 4851 1041 4945 quia
1075 4875 1184 4943 quum

196 5005 403 5024 μ

230 5068 278 5136 28)
297 5070 338 5120 De
357 5068 398 5116 bis
410 5066 496 5117 Arlst.
517 5064 568 5114 1.1.
587 5074 610 5114 ο.
621 5061 646 5112 ³.
667 5060 786 5122 §.usqu
805 5057 889 5108 Editt.
901 5057 1050 5109 sobrieider
1063 5060 1090 5107 et
1103 5057 1186 5107 Statu

267 5137 304 5204 (c.
317 5139 343 5190 s.
362 5137 434 5187 utu.
453 5134 554 5191 acar.)
571 5131 691 5181 eruero.

230 5227 280 5285 rt)
298 5226 356 5275 Hoc
374 5226 416 5272 est
435 5222 477 5269 ius
496 5219 638 5280 regalium,
656 5216 691 5264 de
709 5225 761 5277 quo
779 5212 936 5263 contrua
953 5211 1105 5260 Pruckman
1124 5213 1186 5259 tra·

265 5295 356 5346 ctetus
376 5292 409 5341 de
427 5289 576 5354 regrtlbus.
600 5286 693 5337 nerol.
714 5282 790 5340 1587.
817 5284 843 5332 8.

229 5382 279 5447 att)
297 5380 416 5430 aristot.
438 5377 459 5426 l.
472 5375 491 5423 1.
508 5388 533 5425 c.
545 5373 573 5423 ³.
591 5372 618 5434 S.
632 5367 672 5422 ¹2.
693 5371 725 5420 u
739 5380 780 5431 sq.
798 5366 882 5417 ltdltt.
898 5365 1045 5417 schneider.
1061 5367 1088 5416 et
1103 5364 1186 5419 Stahr

258 5453 298 5504 [e.
313 5448 338 5498 9.
357 5446 434 5497 udat.
452 5443 561 5502 acad).
780 5454 786 5467 ¹

462 201 665 280 SCRIPTA
688 200 766 275 Pu.
792 197 910 282 Mul..
936 199 1005 285 AD,
1027 197 1237 274 ETHICEN
1263 201 1328 276 ΕΤ
1353 201 1609 284 POLlTlCEN
1635 201 1947 280 SPEOEANTIA.

2143 207 2223 283 {28

1237 374 1429 466 emptionis
1447 377 1529 448 finis
1543 379 1672 448 debeat
1686 403 1762 464 esse
1773 401 1878 462 uuas,
1903 390 2032 448 natura
2046 378 2144 448 enim
2159 382 2225 449 do·

1237 489 1292 546 cet
1315 503 1381 549 nos
1403 505 1485 550 usus
1509 492 1544 549 et
1558 480 1773 552 necessitatis
1789 505 1895 551 causa
1910 479 2141 566 contrahere,
2166 479 2225 552 bic

1237 579 1364 650 callide
1394 581 1535 652 videtur
1558 584 1647 654 alius
1674 584 1754 654 finis
1783 584 2019 674 excogitatus,
2059 585 2225 656 videlicet

1237 695 1427 776 quaestus.
1472 685 1570 775 Haec
1594 686 1767 756 calliditas
1788 687 1913 756 odiosa
1934 700 2009 773 est,
2041 688 2225 782 quianon

1236 785 1377 855 videtur
1408 788 1555 881 proprie
1581 790 1628 858 ad
1649 789 1894 859 necessitatem
1923 803 2150 882 comparata,
2191 804 2226 860 et

1236 892 1499 981 propemodum
1521 892 1708 962 defraudat
1732 892 1840 976 alios,
1883 891 1945 985 qui
1974 905 2116 963 tantum
2142 916 2227 965 usus

1237 1015 1341 1060 causa
1368 993 1523 1085 empturi
1546 1006 1658 1066 erant.
1723 993 1762 1064 si
1783 1017 1853 1087 qua
1878 1007 1962 1064 sunt
1982 996 2052 1064 alia
2074 994 2162 1064 vitia
2188 997 2226 1065 in

1236 1088 1304 1162 hac
1335 1097 1449 1186 specie
1482 1109 1723 1179 mercaturae,
1769 1119 1859 1189 quae
1893 1097 2004 1189 magis
2035 1093 2226 1168 bominum

1238 1221 1344 1289 quam
1361 1197 1415 1267 rei
1428 1212 1528 1285 sunt,
1553 1225 1593 1270 ea
1611 1194 1703 1268 nihil
1720 1211 1772 1269 est
1788 1222 1877 1290 opus
1891 1196 1950 1269 hic
1967 1201 2130 1273 recitare.

1583 1369 1645 1438 De
1671 1364 1886 1464 usuram).
2108 1322 2122 1349 ·

1338 1503 1557 1577 Numeratur
1575 1517 1611 1574 et
1625 1527 1733 1575 usura
1754 1502 1848 1572 inter
1868 1502 2001 1595 species
2023 1518 2101 1574 arte
2124 1530 2227 1576 exco—

1237 1606 1377 1697 gitatas,
1399 1609 1445 1675 ad
1463 1631 1538 1677 rem
1552 1607 1765 1677 familiarem
1782 1609 2074 1698 comparandam.
2106 1608 2227 1680 Porro

1236 1709 1442 1781 Aristoteles
1456 1711 1637 1802 vituperat
1650 1734 1742 1793 eam,
1769 1722 1804 1778 et
1817 1710 1905 1779 dicit
1919 1724 2043 1779 contra
2056 1725 2226 1783 naturam

1238 1837 1331 1896 esse,
1364 1814 1449 1906 quia
1470 1838 1639 1884 nummus
1661 1813 1707 1883 sit
1729 1812 1914 1894 inventus,
1946 1837 2022 1882 non
2043 1826 2083 1882 ut
2104 1815 2227 1905 gignat

1236 1939 1423 1985 nummum
1432 1915 1493 2012 Ἢ),
1519 1920 1581 1986 sed
1596 1929 1636 1986 ut
1648 1915 1694 1986 sit
1707 1915 1865 1984 medium
1881 1915 1920 1983 in
1935 1916 2115 2008 emptione
2131 1943 2227 1987 rner-

1237 2017 1296 2088 cis.
1348 2018 1396 2087 Αι
1410 2019 1448 2088 in
1465 2044 1572 2088 usura
1587 2043 1754 2088 nummus
1767 2017 1880 2109 gignit
1895 2042 2103 2102 nummum,
2128 2023 2226 2091 unde

1237 2133 1273 2190 et
1296 2121 1428 2190 Graeci
1453 2117 1567 2195 τόκον
1589 2121 1770 2214 appellant
1799 2146 1819 2188 a
1847 2116 1973 2195 τίκτω.
2036 2119 2101 2191 Εει
2128 2124 2227 2192 enim

1236 2220 1344 2294 lisura
1371 2225 1510 2295 lucrum
1539 2227 1637 2318 quod
1661 2226 1707 2293 ad
1733 2237 1898 2293 mutuum
1907 2221 1954 2318 18)
1979 2225 2132 2308 accedit,
2164 2251 2228 2299 seu

1236 2327 1298 2395 ubi
1321 2340 1463 2418 praeter
1485 2341 1617 2397 sortem
1643 2327 1794 2396 solvitur
1818 2326 1954 2418 aliquid
1976 2340 2124 2418 propter
2148 2355 2228 2399 mu·

1236 2429 1446 2501 tuationem.
1498 2430 1616 2499 Verba
1631 2429 1831 2500 Aristotelis
1841 2428 1889 2524 ς9)
1904 2424 1992 2498 haec
2015 2443 2099 2499 sunt
2122 2431 2229 2524 (libet

1237 2534 1331 2601 enim
1347 2532 1568 2616 adscribere,
1594 2533 1677 2627 quia
1691 2557 1796 2624 saepe
1813 2531 1967 2601 citantur
1991 2556 2011 2600 a
2034 2533 2148 2605 doctis
2173 2536 2229 2602 vi·

1235 2636 1285 2706 ris
1308 2636 1346 2704 in
1367 2632 1435 2705 hac
1459 2636 1699 2728 disputatione
1720 2638 1764 2704 cle
1788 2634 1930 2730 usura):
1967 2632 2228 2734 Eriloyuiraw

1235 2743 1395 2831 μισεῖται
1408 2734 1431 2833 ἡ
1446 2736 1713 2833 ὀβολοστατικὴ
1729 2733 1792 2811 διὰ
1805 2733 1848 2809 τὸ
1862 2735 1921 2809 ἀπ’
1939 2734 2057 2810 αὐτοῦ
2071 2744 2142 2812 τοῦ
2159 2765 2227 2812 νο-

1235 2839 1420 2934 μίσματος
1436 2837 1613 2936 εἶναιτὴν
1626 2846 1757 2934 κτῆσιν
1770 2835 1834 2913 καὶ
1858 2832 1928 2912 οὐκ
1951 2837 2005 2936 ἐφ’
2026 2835 2115 2936 ὅπερ
2140 2841 2228 2916 ἐπο-

1237 2943 1364 3039 ρίσθη.
1412 2943 1621 3038 μεταβολῆς
1634 2939 1709 3042 γὰρ
1730 2941 1873 3041 ἐγένετο
1895 2935 2026 3037 χάριν,
2053 2938 2074 3014 ὃ
2097 2938 2139 3016 δὲ
2160 2942 2227 3017 τό·

1235 3071 1299 3127 κος
1326 3042 1418 3119 αὐτὸ
1441 3050 1537 3117 ποιεῖ
1558 3043 1680 3120 πλέον.
1738 3042 1831 3117 ὅθεν
1850 3042 1914 3117 καὶ
1934 3043 2102 3137 τοῦνομα
2123 3044 2225 3119 τοῦτ’
2244 3036 2248 3042 ’

1236 3149 1404 3244 εἴληφεν·
1439 3145 1549 3240 ὅμοια
1563 3142 1638 3245 γὰρ
1653 3142 1701 3218 τὰ
1724 3147 1922 3239 τικτόμενα
1940 3149 2018 3228 τοῖς
2040 3152 2228 3246 γεννῶσιν

1237 3246 1334 3323 αυτά
1350 3252 1462 3341 ἐστιν,
1488 3246 1509 3322 ὃ
1525 3246 1566 3322 δὲ
1581 3245 1689 3330 τόκος
1702 3247 1845 3349 γίνεται
1858 3243 2023 3342 νόμισμα
2036 3249 2227 3342 voutam.

1236 3376 1318 3434 τος·
1360 3350 1448 3434 aicae
1474 3348 1538 3425 καὶ
1557 3354 1718 3444 μάλιστα
1739 3348 1840 3447 παρὰ
1865 3347 1982 3447 φύσιν
2009 3343 2116 3433 οὗτος
2146 3358 2226 3426 τῶν

1233 3460 1505 3551 χρηματισμῶν
1518 3452 1618 3526 ἐστίν
1625 3453 1685 3548 ³⁰).
1727 3452 1767 3524 ld
1783 3467 1853 3538 est,
1879 3454 1956 3525 iure
1971 3450 2123 3530 habetur
2141 3458 2226 3524 odio

1237 3583 1364 3643 usura,
1388 3557 1472 3651 quia
1490 3582 1648 3650 peream
1666 3558 1850 3651 quaeritur
1872 3549 2040 3627 nummus
2061 3582 2227 3642 nummo,

1238 3687 1349 3754 quum
1367 3685 1441 3730 non
1458 3665 1504 3730 ad
1517 3659 1585 3730 hoc
1600 3661 1780 3730 institutus
1795 3660 1852 3730 sit.
1885 3659 1949 3730 Est
1965 3660 2060 3728 enim
2076 3675 2227 3753 propter

1238 3763 1579 3854 commutationem„
1632 3763 1748 3832 Usura
1769 3775 1888 3832 autem
1909 3787 1945 3832 se
1969 3763 2081 3854 ipsam
2107 3779 2226 3856 auget,

1237 3869 1331 3937 unde
1349 3880 1384 3936 et
1396 3891 1530 3936 nomen
1547 3865 1705 3935 foenoris
1722 3864 1875 3957 accepit,
1894 3865 1984 3968 ⁸quia
2005 3866 2125 3957 genita
2143 3875 2228 3937 suut

1238 4098 1443 4143 nummum:
1478 4073 1599 4165 itaque
1612 4066 1700 4141 hacc
1721 4073 1814 4140 ratio
1837 4073 2099 4163 comparandae
2119 4098 2227 4164 pecu-

1237 4176 1318 4245 niae
1333 4173 1488 4245 maxime
1504 4188 1556 4245 est
1570 4187 1712 4266 praeter
1728 4187 1907 4246 naturam.

1327 4278 1381 4348 Ex
1395 4275 1462 4347 hac
1478 4278 1617 4347 ratione
1631 4277 1831 4349 Aristotelis
1848 4277 2017 4367 colligunt
2031 4276 2118 4347 alias
2134 4280 2228 4348 mul·

1238 4381 1345 4476 tas³¹)
1362 4382 1494 4451 eruditi
1509 4376 1693 4466 homines,
1720 4381 1848 4476 quibus
1863 4381 2056 4450 ostendunt
2078 4405 2227 4450 usuram

1238 4499 1361 4555 contra
1377 4498 1545 4554 naturam
1562 4507 1648 4554 esse.

1238 4642 1444 4656 —n—-

1272 4716 1322 4782 26)
1340 4719 1501 4770 Aristotelis
1518 4720 1552 4769 de
1569 4732 1670 4785 usura,
1700 4731 1779 4782 qtram
1796 4715 1988 4785 χρημασταιήν
2004 4719 2143 4784 nominat,
2170 4721 2189 4770 t.
2208 4721 2228 4772 1.

1305 4787 1524 4914 &cibastiiiltn
1542 4802 1600 4854 sqq.
1623 4791 1710 4840 uuirt.
1729 4790 1878 4841 s'cbuelder
1901 4793 1929 4839 et
1948 4787 2030 4841 staur
2055 4795 2094 4850 (c.
2107 4791 2133 4840 9.
2151 4791 2225 4844 uuit.

1271 4942 1320 5001 27)
1337 4947 1488 5060 nummum]
1512 4943 1551 4996 stc
1574 4928 1849 4998 rectelldltt.15³⁰.
1874 4946 1903 4994 et
1926 4942 2027 5007 sulm
2052 4942 2129 4994 Edit.
2150 4944 2227 4998 tosa.

1304 5026 1347 5061 mu
1362 5026 1432 5062 ιιιιιο.

1271 5098 1319 5165 28)
1337 5103 1472 5162 mutuum]
1491 5101 1531 5152 eie
1544 5102 1629 5152 Edltt.
1642 5102 1716 5153 15³0.
1736 5106 1765 5151 et
1779 5101 1879 5165 Barim
1896 5099 1968 5150 Edit.
1985 5100 2059 5154 1636.
2078 5113 2226 5156 nummum.

1270 5187 1495 5316 &thiptrlspobdl5
1507 5189 1525 5239 l.
1544 5201 1567 5239 c.
1582 5189 1607 5240 ³.
1626 5188 1652 5250 S.
1664 5188 1707 5238 2³.
1724 5188 1809 5239 Editt.
1822 5188 1971 5238 sebrreider
1989 5191 2016 5236 οι
2029 5190 2112 5238 Statu
2130 5193 2169 5251 (c.
2185 5192 2225 5241 10.

1371 5293 1377 5307 .
1420 5270 1452 5307 ce
1473 5295 1480 5308 .
1499 5292 1505 5305 .
2179 5262 2185 5269 '

1271 5341 1319 5407 ³0)
1338 5340 1428 5404 ἐστιν]
1446 5345 1485 5393 stc
1503 5343 1587 5395 uuirt.
1604 5344 1735 5407 Aristot.;
1753 5341 1838 5393 auu.
1855 5342 1933 5391 butus
1949 5342 2137 5392 commentarit
2156 5343 2224 5396 tart.

1241 5448 1248 5490 ,·
1271 5426 1320 5494 81)
1338 5431 1453 5491 uultu]
1468 5430 1510 5481 etc
1526 5428 1752 5482 Εάιιι.1630.·ει
1768 5428 1877 5499 Ιοτίλς·
1887 5426 1916 5477 ln
1932 5428 2007 5490 Εςιιι.
2023 5420 2099 5479 tm.
2116 5426 2206 5512 duest.
