4544 5766
125 206 218 283 1291
689 188 812 261 l'lllb.
844 187 958 264 blEla.
986 186 1193 264 SCRIPTA
1225 188 1563 269 PillbOLOGlCA.
2054 207 2144 286 1292

122 387 237 460 essent
262 365 476 443 decernendi
498 360 655 435 honores
678 376 822 433 mortuo
845 363 983 436 Servio.
1033 363 1112 435 Ob·
1161 374 1263 432 eraut
1285 366 1351 436 snb
1373 365 1566 454 Romanis,
1599 371 1821 443 seductum
1843 373 1942 448 socii.
2027 383 2143 452 Antie-

123 476 319 556 servandae
332 482 415 544 sunt
427 469 622 539 formulae:
655 464 788 535 Totam
813 466 1026 557 legationem
1053 491 1111 537 or·
1166 468 1247 538 clins
1255 463 1331 566 95)]
1358 466 1407 540 Es
1424 470 1469 542 ist
1482 473 1546 542 der
1558 473 1655 558 bdse,
1681 475 1742 568 qui
1758 477 1863 566 gessit
1880 491 2003 571 postea
2020 481 2143 554 bellum

122 586 206 655 bam
224 593 259 650 et
274 574 493 647 debilitatam
510 569 666 665 reliquit.
1164 592 1244 637 cum
1259 564 1411 644 ludaeis.
1486 573 1649 674 Leptine]
1675 578 1904 651 scilieet-uem
1926 596 2078 675 propter
2102 586 2141 656 le.

225 682 312 773 Cup.
334 675 363 748 Ι.
397 672 428 768 5.
451 679 488 749 Ξ.
528 667 693 770 Quodsi]
729 671 957 769 Propositio,
999 683 1035 740 et
1059 684 1112 742 est
1163 671 1357 761 gationem‚
1374 676 1434 745 sed
1453 690 1600 770 propter
1612 679 1728 751 ludos.
1750 681 1886 753 Probat
1898 709 1965 776 per
1980 689 2141 778 exempla.

24 837 27 840 ,
125 784 285 884 quaestio
302 779 424 872 scripti
441 791 475 849 et
496 773 712 856 sententiae,
737 773 862 845 Servio
887 787 969 844 sunt
991 776 1112 843 decer·
1267 773 1353 867 Cap.
1366 774 1423 848 lll.
1451 776 1480 868 5.
1496 777 1532 849 5.
1558 786 1676 875 Itaque
1692 786 1816 855 Patres
1830 785 2032 887 conscripti]
2059 790 2141 861 Con·

124 887 235 961 uendi
254 882 429 964 honores,
462 876 546 974 quia
568 875 723 969 suscepit
744 889 880 946 certum
902 875 1112 968 periculum,
1163 874 1286 946 clusio.
1363 878 1521 980 Extulit]
1548 907 1587 953 er
1603 897 1719 956 wuste
1735 887 1833 973 wol,
1863 891 1928 962 das
1950 913 1990 959 er
2010 894 2140 964 sterben

124 989 265 1062 taradtsi
281 987 460 1056 laboraret
478 982 624 1051 adversa
643 978 857 1051 valetudine.
1163 979 1291 1050 miiste.

229 1088 260 1183 5.
277 1090 313 1160 5.
347 1089 473 1172 Quidue
490 1078 578 1179 ate]
614 1081 716 1176 quasi
738 1081 887 1151 diceret:
922 1075 981 1148 ich
1000 1079 1112 1149 wolte
1266 1076 1297 1172 5.
1315 1080 1351 1152 6.
1377 1087 1426 1154 Ac
1442 1078 1518 1183 iile]
1550 1084 1723 1159 Probatio
1741 1088 1910 1178 minoris,
1942 1107 1978 1164 et
1996 1095 2081 1166 lacit
2097 1098 2139 1169 di-

125 1191 242 1266 nichts
259 1192 386 1260 randers
402 1209 523 1278 sagen,
545 1187 640 1253 denn
658 1185 719 1267 du,
742 1208 853 1253 ravenn
869 1177 925 1250 ich
940 1183 1019 1251 dem
1031 1182 1112 1252 Ser·
1163 1181 1311 1252 lemma:
1339 1184 1482 1256 Servius
1500 1203 1649 1281 propter
1671 1194 1926 1284 rempublicam
1949 1197 2138 1273 interiectus

125 1297 212 1367 vilio
231 1304 436 1363 antevorten
451 1291 576 1358 miiste.
655 1289 721 1371 oni
735 1282 843 1383 lunc]
870 1282 944 1353 Lex
958 1297 1046 1367 erat,
1071 1296 1112 1355 ut
1164 1297 1231 1353 est:
1265 1310 1350 1376 ergo
1374 1287 1425 1355 illi
1448 1301 1563 1359 statua
1586 1308 1753 1384 ponatur.
1843 1296 2077 1401 Dissimilem]
2104 1329 2136 1374 so

124 1397 262 1470 nemini
275 1405 469 1488 poneretur
485 1401 612 1474 statua,
626 1387 697 1458 nisi
711 1387 773 1482 qui
787 1390 883 1457 ferro
901 1400 989 1458 esset
1003 1387 1112 1456 inter·
1164 1389 1291 1457 wiirde
1316 1413 1354 1457 er
1378 1388 1563 1462 unredlich
1588 1392 1923 1486 gehandelthaben.
2001 1402 2133 1504 Mate]

125 1504 254 1579 sect11s3
301 1496 465 1566 Serrium
498 1517 572 1563 esse
597 1503 714 1561 autem
746 1492 938 1560 extinctum
964 1491 1110 1559 traorbo:
1162 1488 1422 1581 Amplificatio‚
1449 1495 1580 1565 scilicet
1603 1500 1775 1590 potuisset
1796 1507 2134 1590 commemorari‚si

125 1604 235 1697 igitur
257 1625 333 1669 non
354 1597 558 1691 ponendam
582 1618 655 1664 esse
678 1593 730 1661 illi
752 1606 917 1664 statuam.
969 1589 1112 1661 Achae
1163 1594 1335 1664 noluisset
1359 1594 1606 1689 obtemperare
1629 1603 1856 1694 reipublicae.
1911 1605 1977 1677 Est
2000 1604 2133 1679 rhetori·

126 1705 319 1797 respondet
340 1700 485 1783 Cicero,
519 1709 554 1766 et
577 1695 832 1789 interpretatur
854 1696 967 1787 legem
991 1698 1034 1764 de
1057 1720 1112 1778 eo,
1163 1719 1244 1764 cum
1262 1692 1415 1769 schema.
1491 1701 1689 1802 Hospitem]
1716 1705 1785 1774 viel
1799 1704 2132 1783 redlieherleuteef.

126 1808 189 1904 qui
209 1817 357 1900 propter
375 1799 632 1893 rempublicam
654 1798 700 1868 sit
723 1798 944 1880 interiectus,
979 1798 1113 1867 etfacit
1163 1798 1272 1866 boten
1291 1794 1365 1868 sich
1387 1799 1586 1873 freundlich
1609 1830 1721 1898 gegen
1743 1804 1831 1882 ihm.
1922 1817 1972 1884 At
1995 1816 2051 1884 ille
2067 1840 2130 1904 pra·

125 1912 235 1982 talem
252 1906 513 2001 syllogismum:
541 1902 664 1971 Statua
679 1912 835 1993 ponatur
853 1900 923 1982 illi,
953 1901 1014 1993 qui
1030 1926 1113 1992 pro·
1160 1900 1301 1991 perans]
1326 1900 1452 1972 Brevis
1473 1905 1541 1972 alia
1559 1930 1675 1979 causa.

125 2028 206 2107 pter
220 2007 475 2102 rempublicam
491 2003 719 2080 interficitur;
750 2001 893 2073 Servius
909 2002 1112 2072 interiectus
1267 1999 1297 2092 5.
1314 2002 1348 2073 7.
1374 2007 1555 2099 Iudicium]
1583 2013 1645 2080 das
1674 2006 1732 2081 ihr
1753 2012 1822 2081 den
1844 2012 2042 2086 Antonium
2062 2015 2129 2088 habt

126 2129 179 2187 est
194 2126 340 2206 propter
356 2109 629 2203 rempublicam:
664 2105 772 2196 igitur
794 2108 961 2197 ponenda
986 2118 1037 2177 est
1059 2104 1112 2172 illi
1162 2104 1221 2173 ttir
1249 2104 1354 2173 einen
1384 2107 1480 2175 seind
1512 2105 1687 2199 gelualten.
1752 2114 1896 2188 Servius
1923 2119 2019 2188 enim
2041 2121 2129 2190 inter·

127 2231 256 2290 statua.
322 2213 499 2283 Minorem
524 2208 617 2279 enim
643 2208 788 2313 prqbat:
826 2205 903 2300 lpse
926 2209 1113 2278 exornabat
1162 2208 1272 2277 sectus
1288 2220 1339 2276 est
1355 2208 1577 2294 abAntouio,
1604 2228 1774 2310 tanquam
1790 2219 1834 2287 ab
1849 2214 1963 2291 hoste.
2026 2224 2129 2316 Graan]

127 2320 314 2402 arrorlsum,
354 2317 415 2386 sed
443 2339 506 2383 vos
528 2309 691 2381 noluistis
713 2309 823 2402 ipsius
849 2308 1111 2381 excusationem
1164 2309 1314 2378 wiswol
1334 2334 1370 2380 es
1392 2312 1635 2386 ebenteurisch
1660 2320 1746 2389 laut.

127 2421 305 2512 accipere,
346 2431 381 2487 et
406 2415 594 2508 impulistis
617 2439 696 2482 eum
721 2416 765 2481 ad
790 2412 994 2483 obeundum
1024 2413 1111 2480 illud
1266 2411 1352 2503 Cap.
1375 2410 1435 2484 lV.
1476 2413 1506 2505 5.
1529 2417 1563 2486 8.
1599 2417 1778 2519 ordinem]
1814 2422 1849 2491 id
1871 2438 1941 2507 est,
1974 2443 2129 2496 sensum„

125 2551 268 2597 munus.
328 2525 469 2593 Crassum
485 2512 623 2614 mertis]
651 2516 689 2585 ln
707 2515 873 2586 orranibus
888 2514 989 2585 factis
1004 2539 1112 2609 quae·
1162 2511 1392 2612 Auctoritate]
1424 2513 1483 2586 lch
1500 2515 1611 2604 sabe,
1648 2525 1710 2593 das
1735 2526 1804 2593 vicl
1831 2551 1878 2594 an
1906 2524 1983 2597 ihm
2006 2532 2130 2621 gelegeu

125 2629 298 2707 rendum,
342 2645 417 2690 non
447 2621 629 2716 quomodo
661 2618 707 2688 sit
735 2619 884 2702 farctum,
931 2618 994 2689 sed
1021 2640 1112 2710 quae
1162 2639 1254 2687 war.
1330 2617 1561 2719 Auctoritntc]
1588 2624 1718 2694 scilieet
1737 2626 1935 2717 legationis.

125 2753 230 2804 causa
247 2723 429 2820 impulerit
444 2723 561 2817 ipsum
577 2723 621 2789 ad
637 2717 705 2789 hoc
720 2720 934 2791 laciendum.
987 2719 1110 2789 'liudo
1266 2717 1351 2808 Cap.
1370 2719 1412 2790 V.
1444 2719 1550 2810 510,
1584 2723 1745 2826 Matre]
1772 2730 1974 2803 conclusio,
2058 2739 2132 2804 prm„

125 2837 171 2907 ad
185 2834 298 2922 legem
313 2824 516 2920 Aquiliam,
542 2824 708 2893 occidisse
731 2823 880 2907 dicitur,
906 2822 969 2917 qui
985 2822 1112 2893 mortis
1162 2817 1312 2916 reliqua]
1346 2818 1419 2890 lam
1443 2826 1604 2917 sequitur
1626 2829 1715 2901 alius
1741 2833 1838 2904 locus
1872 2859 1915 2903 ex
1943 2837 2133 2905 laudatione

126 2960 269 3009 causam
286 2930 447 3026 quolibet
461 2930 569 2997 modo
594 2925 826 3021 praebuit⁹¹).
885 2922 973 2994 ltem
994 2928 1040 2994 ad
1064 2926 1112 2994 le·
1162 2945 1346 3012 personae.
1445 2928 1688 3029 Admirabilie]
1722 2933 1805 3003 Fuit
1827 2937 1923 3006 enim
1944 2939 2024 3008 talis
2047 2939 2133 3008 imis.
2172 2920 2174 3003 Ξ

126 3062 206 3134 gem
222 3031 427 3106 Corneliam
445 3033 488 3100 de
502 3031 637 3102 sicariis
654 3028 771 3121 inquit
789 3027 979 3118 Ulpianus:
1012 3022 1112 3099 Nihil
1164 3023 1361 3109 consultus,
1388 3039 1428 3096 ut
1453 3030 1618 3103 orrrnibns
1640 3035 1685 3104 sit
1708 3037 1898 3128 praelatus.
2000 3037 2134 3139 Dicinc]

125 3145 291 3221 interest,
331 3134 468 3204 occidat
489 3133 587 3228 quis,
623 3155 669 3200 an
695 3153 837 3201 causam
863 3132 988 3200 mortis
1009 3156 1112 3222 prae-
1163 3125 1229 3194 Hic
1248 3130 1426 3212 ridemus,
1453 3132 1581 3224 quibus
1596 3136 1761 3210 laudibus
1778 3141 1906 3210 debeat
1923 3143 2061 3212 laudari
2083 3146 2134 3212 bo.

125 3241 275 3336 beatffl).
353 3241 487 3308 Etenim
501 3231 576 3332 cni]
602 3233 731 3317 Ratio,
758 3257 849 3326 quae
869 3258 945 3302 non
973 3245 1111 3302 tantum
1163 3254 1229 3298 nus
1260 3230 1540 3306 iurisconsultus.
1640 3245 1820 3336 Aequitntc
1850 3243 2136 3344 explicuerim]

126 3344 326 3420 extenditur
353 3341 400 3408 ad
428 3362 590 3420 causam,
629 3337 692 3406 sed
721 3338 766 3404 ad
797 3335 917 3403 omnia
943 3336 1111 3426 pericula.
1162 3333 1332 3426 Aequitas
1366 3346 1418 3404 est
1447 3338 1667 3426 moderatio,
1706 3355 1741 3412 et
1769 3345 1929 3416 remissio
1953 3349 2136 3445 summit)

128 3454 266 3526 Oiirent
283 3497 292 3515 .
310 3494 318 3512 .
336 3493 345 3512 .
364 3436 544 3538 undecim]
578 3440 654 3509 auff
673 3442 735 3508 das
759 3438 809 3508 sie
833 3433 907 3507 sich
928 3440 1025 3508 deste
1049 3439 1112 3507 lie·
1163 3434 1268 3517 iuris,
1303 3460 1393 3529 quae
1419 3439 1626 3512 adversatur
1648 3470 1789 3515 summo
1814 3447 1895 3518 iuri.
1960 3450 2138 3523 Summum
2165 3508 2168 3515 .

124 3555 189 3624 ber
203 3542 384 3620 brauchen
398 3547 525 3614 lassen.
610 3536 797 3637 Exempla]
824 3564 902 3610 was
916 3540 965 3610 sie
981 3536 1112 3632 gethan
1163 3538 1236 3618 ius,
1262 3539 1324 3607 das
1341 3536 1474 3609 scharll
1485 3539 1594 3615 recht.
1644 3547 1814 3642 Aequitas
1829 3549 1977 3636 dicitur,
2003 3559 2137 3648 quando

125 3652 256 3727 haben.
329 3642 531 3743 Consilium]
555 3645 625 3715 Sed
640 3668 702 3714 cur
720 3644 758 3711 id
775 3643 959 3713 fecerunt?
1163 3640 1389 3711 concedimus
1404 3644 1447 3712 de
1462 3658 1586 3716 nostro
1602 3649 1691 3722 iure.
1742 3651 1871 3722 Graeci
1886 3670 2017 3726 vocant
2041 3655 2139 3731 iniri

231 3752 317 3843 Cap.
331 3746 374 3819 ll.
409 3745 440 3838 5.
455 3747 489 3818 4.
531 3741 736 3843 incastris]
768 3746 989 3837 Predigstiile
1019 3742 1110 3816 nahe
1162 3768 1277 3817 κειαν.
1329 3742 1439 3835 Leges
1453 3760 1571 3818 autem
1592 3753 1723 3822 debent
1739 3757 1785 3823 ad
1804 3756 2021 3850 aequitatem
2042 3760 2140 3843 flecti,

124 3863 194 3955 bey
209 3859 291 3928 dem
305 3846 524 3920 Rahthause.
560 3848 750 3943 Pliniusffl)
767 3850 852 3918 dicit
869 3873 942 3919 esse
960 3851 1051 3919 tacta
1070 3873 1112 3918 ex
1162 3846 1252 3915 sieut
1280 3847 1388 3916 etiam
1420 3849 1688 3925 iurisconsultus
1700 3854 1749 3952 ⁸⁸)
1778 3857 1911 3953 inquit:
1951 3861 2140 3955 Benignius

125 3944 325 4035 Antiatium
342 3951 582 4048 navibus⁰³⁸).
667 3948 866 4049 familiam]
890 3947 1110 4022 Geschlecbt.
1162 3949 1254 4039 leges
1276 3948 1565 4041 interpretandae
1588 3971 1689 4041 sunt,
1727 3985 1799 4053 quo
1831 3962 1996 4036 voluntas
2023 3991 2140 4040 eamn

124 4057 299 4158 Novitati]
324 4059 473 4130 Notum.
524 4054 620 4126 bovi
632 4048 794 4122 homines
808 4067 911 4123 erant
930 4059 1024 4146 apud
1039 4054 1111 4124 Ro·
1162 4064 1401 4122 conservetur.
1481 4055 1676 4157 masadan]
1702 4061 1738 4130 id
1760 4077 1831 4147 est,
1861 4067 2038 4157 prudens,
2071 4094 2141 4140 ver.

124 4190 271 4248 manos,
313 4184 467 4255 quorum
491 4157 643 4226 maiores
671 4157 759 4224 nulli
782 4156 868 4224 clari
887 4158 1004 4240 fuere,
1044 4158 1112 4249 ipsi
1162 4154 1319 4245 stendig,
1346 4157 1408 4249 qui
1423 4161 1619 4231 consulitur
1634 4164 1753 4258 aliqua
1770 4168 1813 4234 de
1828 4189 1878 4237 re.

125 4297 190 4366 per
212 4294 247 4340 se
271 4267 366 4356 ipsus
389 4262 476 4331 clari
498 4285 570 4331 esse
595 4259 782 4350 incipiunt.
857 4262 1015 4352 Animos]
1049 4264 1111 4331 das
1264 4255 1369 4346 5-11.
1404 4260 1582 4361 Actiencc]
1614 4261 1726 4336 bader
1754 4266 1951 4343 anrichten.
2037 4272 2140 4374 Erpa]

126 4362 449 4449 sicerforscheten,
475 4389 552 4433 was
570 4364 617 4432 sie
640 4358 713 4432 sich
737 4387 780 4433 zu
802 4356 914 4430 ihnen
939 4359 1111 4433 versehen
1162 4358 1356 4429 Dissimile:
1389 4360 1484 4453 Ergo
1502 4380 1658 4455 ponatur
1673 4370 1725 4437 illi
1739 4382 1876 4455 statua,
1908 4397 1983 4444 non
1999 4393 2141 4470 propter

128 4476 255 4548 solten.
313 4471 433 4540 Liberi
446 4461 642 4563 papatem]
668 4460 929 4547 lleirhsstedte,
958 4467 1111 4558 quinon
1163 4463 1281 4543 illum,
1309 4465 1369 4531 sed
1390 4480 1538 4558 propter
1559 4470 1792 4560 legationem,
1816 4489 1965 4568 propter
1981 4495 2138 4551 mortem.

128 4612 333 4634 ..---
1165 4568 1257 4636 Glari
1273 4562 1360 4663 viri]
1387 4573 1450 4637 das
1465 4595 1503 4638 er
1516 4597 1576 4664 sey
1591 4575 1648 4642 eiu
1665 4576 1794 4644 weiser
1810 4577 1897 4646 Man
1918 4603 2097 4669 gewesen.

163 4667 1111 4807 sacernarenarras·raama
1266 4667 1295 4760 a.
1315 4670 1373 4742 12·
1418 4676 1543 4743 ruer·
1565 4672 1636 4772 ..J
1670 4678 1796 4748 a...
1829 4679 1946 4751 v...
1969 4686 2077 4755 ...a
2098 4702 2140 4759 ..

197 4813 269 4864 citur
293 4811 375 4873 rotgo
401 4807 522 4869 quidem,
557 4807 602 4869 qui
633 4809 730 4855 nortis
756 4818 865 4857 causam
890 4807 1009 4868 quotibet
1032 4807 1111 4857 modo
1162 4771 1275 4840 Videsl
1305 4785 1441 4862 &samse
1482 4778 1593 4866 magis
1623 4781 1668 4846 ad
1699 4806 1762 4851 V⁰⁵
1797 4807 1904 4875 quam
1932 4785 2035 4856 illum
2069 4816 2138 4882 ptr·

196 4877 338 4945 praeunte,
361 4877 412 4926 rec
431 4876 491 4937 tege
510 4875 686 4937 aquensem.
1163 4874 1270 4959 tinet,
1308 4888 1347 4943 ut
1369 4888 1484 4945 statua
1507 4893 1674 4970 ponatur.
1788 4883 1958 4986 Affectus]
1991 4891 2137 4965 betritbt

161 4960 473 5098 ”witqff-ffibvffl·
489 4959 529 5013 tu.
544 4963 569 5012 ⁸·
597 4962 639 5011 Μ
663 4963 751 5026 regen
770 4960 927 5014 ⁰⁰¹⁰⁸¹¹⁸⁸¹²
948 4961 981 5011 ‘¹⁰
1001 4961 1111 5014 sturm
1162 4973 1400 5074 Attinerc⁹⁹)]
1428 4979 1490 5049 das
1511 5005 1547 5052 es
1571 4978 1646 5053 ihm
1669 4985 1812 5076 gebiire.
1889 4992 1997 5063 (iuius
2017 4992 2136 5094 luctus]

160 5122 209 5184 ⁹⁸)
229 5119 299 5171 rua
317 5114 395 5183 avt,
412 5116 437 5167 ⁴·
460 5115 489 5166 0‘
505 5112 566 5163 Μ’·
583 5113 657 5216 vm,
679 5116 717 5165 ¹⁴·
1051 5204 1055 5213 ,
1197 5146 1245 5204 ss)
1264 5145 1437 5206 anacetus]
1457 5145 1497 5196 uc
1514 5146 1564 5195 nc.
1579 5147 1669 5212 asem
1694 5149 1764 5211 apua
1783 5149 1959 5205 centonem:
1983 5157 2121 5212 aunan

160 5209 230 5268 9⁸.)
247 5219 280 5256 ex
302 5203 452 5253 Arattattun
469 5201 600 5263 nartem]
617 5200 667 5252 nr.
688 5200 761 5251 tm
779 5206 921 5263 corrupte:
948 5214 980 5250 ex
999 5203 1111 5250 entaatt·
1196 5214 1244 5272 90)
1263 5215 1458 5278 supercurrere]
1476 5215 1516 5264 stc
1532 5216 1582 5264 Ed.
1596 5216 1688 5279 tetus
1711 5219 1761 5270 ttd.
1778 5219 1861 5271 orett.
1880 5223 2066 5285 rapinem.
2172 5224 2174 5229 '

196 5279 245 5329 bns
262 5273 382 5323 uarium.
1197 5283 1245 5343 97)
1263 5284 1376 5343 summi]
1394 5285 1444 5336 ud.
1457 5285 1531 5333 ¹568.
1551 5296 1648 5335 errore
1665 5289 1792 5351 cyperus
1816 5291 1941 5341 summa.

161 5364 211 5424 94)
230 5360 329 5415 essere
343 5359 458 5423 poprie]
475 5357 516 5410 rto
532 5358 583 5412 ltu
599 5355 691 5420 ¹⁶⁶⁸&
717 5357 787 5419 spuet
806 5356 980 5408 ciceronem:
1004 5357 1111 5408 ittera·
1196 5353 1245 5411 98)
1263 5352 1363 5403 Celsus
1381 5353 1413 5425 tu·
1427 5352 1533 5417 lttgcst.
1550 5353 1571 5402 1.
1594 5352 1637 5404 tu.
1649 5353 1674 5406 t.
1692 5355 1728 5408 tr.
1744 5356 1784 5410 18.

194 5442 313 5495 mm,
327 5428 510 5493 fimum·
1197 5418 1247 5480 99)
1264 5421 1410 5481 Atttnere]
1429 5420 1470 5472 sle
1490 5420 1538 5473 Ν.
1556 5421 1631 5474 1568.
1652 5427 1681 5474 et
1697 5423 1751 5490 tl3
1772 5424 1821 5475 Ed.
1840 5424 1927 5482 erut
1942 5429 2093 5495 pertinen

326 5706 446 5742 Μ
