4566 5760
123 221 173 293 ot
437 236 462 265 '·
678 217 707 295 l.
756 217 1108 293 Pffltosoputau
1135 216 1349 292 uouuus
1372 216 1602 292 EPITOME.
2095 219 2159 296 ,62

127 392 323 464 sumendae
346 401 452 463 erunt
469 391 631 465 diversae
643 393 788 486 species.
838 392 933 465 Nam
953 393 1114 464 diversae
1164 416 1223 464 res
1244 386 1378 463 alienas
1397 393 1599 486 rapiamus,
1623 391 1708 461 item
1723 388 1930 464 liberalitas.
1980 389 2039 461 Ad
2057 405 2151 461 octa-

127 518 256 567 causae
280 494 597 587 pariuntdiversas
611 496 756 589 species.
808 494 901 566 Sunt
915 509 1034 566 autem
1048 520 1114 565 no·
1165 521 1270 580 vum,
1297 496 1447 579 veritas,
1474 519 1566 591 quae
1583 505 1702 564 servat
1716 495 1823 564 fidem
1838 495 1877 563 in
1890 493 2004 587 pactis
2017 507 2053 564 et
2068 518 2152 564 con-

125 598 228 668 titiae
250 597 333 668 illae
355 596 551 690 principia,
575 623 640 669 seu
661 598 905 669 conclusiones
924 598 1114 690 practicae,
1165 598 1355 682 tractrbus,
1380 599 1471 668 vitat
1489 597 1677 667 mendacia
1700 595 1740 664 in
1760 597 1862 667 omni
1875 620 2041 668 sermone
2057 609 2093 667 et
2106 598 2153 667 si-

126 699 325 772 sententiae
340 700 551 771 naturaliter
564 713 692 784 nobae,
721 724 813 795 quae
828 715 1003 772 vocantur
1018 703 1113 793 leges
1164 700 1398 771 mulationem
1423 700 1632 771 insidiosam
1657 699 1697 769 iu
1720 700 1820 768 omni
1843 700 1995 772 actione.
2073 696 2153 769 Ho'c

125 815 299 886 naturae,
325 826 417 897 quae
439 803 640 894 gubernant
661 805 819 874 actiones
838 800 1006 876 h‘onestas
1029 829 1112 895 erga
1164 806 1274 875 modo
1287 804 1500 874 distribuere
1513 803 1661 873 virtutes
1676 802 1715 871 in
1730 801 1967 894 Deealogum,
1994 803 2152 894 prodest.

125 903 267 989 Deum,
291 917 327 974 et
342 928 426 996 erga
446 903 631 991 homines,
655 929 722 975 uec
741 918 859 998 potest
879 907 997 999 aptior
1021 909 1111 976 ordo
1163 904 1215 975 lta
1234 905 1329 976 enim
1343 907 1483 975 facilior
1497 918 1550 976 est
1566 904 1810 987 enumeratio,
1838 918 1874 974 et
1895 904 1970 996 ipsa
1989 906 2097 974 series
2113 904 2151 972 in

125 1008 223 1078 ullus
235 1006 371 1077 institui
386 1019 447 1076 arat
462 1008 623 1098 cogitari,
646 1033 755 1102 quam
763 1009 972 1101 Decalogus.
1010 1008 1112 1078 Hanc
1163 1009 1342 1100 Decalogo
1358 1022 1410 1079 est
1426 1008 1627 1100 aptissima,
1656 1019 1692 1076 et
1708 1004 1815 1076 hahet
1830 1006 1986 1076 eruditas
2003 1008 2150 1076 demon-

126 1111 280 1180 sciamus
297 1109 459 1180 omnium
474 1112 592 1201 legum
608 1135 764 1181 summas
780 1136 866 1182 csse.
915 1111 1044 1183 Facilis
1060 1124 1113 1182 est
1163 1112 1363 1183 strationes.
1428 1106 1641 1202 Philosophi
1676 1110 1769 1201 leges
1799 1121 1949 1179 naturae
1981 1109 2152 1199 colligunt

127 1211 238 1302 igitur
260 1211 483 1282 enumeratio
507 1225 543 1281 et
563 1213 743 1283 distinctio
765 1214 861 1284 iuxta
881 1213 1111 1306 Decalogum.
1159 1213 1329 1307 ¹inspectis
1345 1214 1458 1285 causis
1475 1226 1510 1283 et
1527 1212 1708 1282 effectibus
1731 1212 1888 1304 propriis
1909 1207 2090 1294 hominis,
2110 1225 2151 1281 ut

125 1313 186 1382 Ad
205 1314 362 1407 primam
385 1315 544 1384 tabulam
574 1315 755 1406 pertinent
782 1317 949 1402 virtutes,
984 1318 1111 1412 quibus
1163 1341 1290 1388 causae
1304 1319 1498 1386 ostendunt
1514 1340 1588 1386 esse
1603 1315 1739 1398 Deum,
1765 1314 1882 1384 Deum
1899 1339 1973 1384 esse
1989 1313 2149 1382 condito·

125 1416 333 1487 immediate
346 1440 426 1485 cum
441 1417 518 1488 Deo
536 1418 683 1508 agimus.
725 1419 796 1488 Sed
808 1415 1035 1512 philosophia
1048 1444 1112 1490 seu
1161 1444 1238 1489 rem
1256 1419 1394 1511 generis
1411 1415 1579 1503 humani,
1604 1418 1720 1486 Deum
1738 1441 1811 1486 csse
1828 1417 1973 1500 iustum,
1999 1417 2150 1508 punien-

127 1519 222 1589 ratio
245 1519 419 1589 naturalis
439 1543 513 1588 non
532 1533 651 1612 potest
671 1522 877 1614 praecipere
901 1524 946 1592 de
967 1521 1037 1593 hoc
1054 1547 1112 1614 ge·
1162 1535 1233 1592 tem
1258 1520 1393 1590 atrocia
1418 1520 1566 1605 delicta,
1608 1519 1687 1588 Deo
1719 1531 1891 1613 tanquam
1920 1520 2039 1589 autori
2075 1545 2148 1589 esse

125 1645 214 1691 nere
232 1621 423 1703 virtutum,
448 1621 538 1692 sicut
556 1647 646 1715 opus
659 1636 731 1708 est,
756 1623 839 1718 quia
856 1626 949 1696 ratio
966 1638 1112 1696 natura·
1163 1625 1411 1695 obediendum.
1443 1622 1519 1692 Hae
1535 1622 1683 1692 notitiae
1699 1622 1846 1712 pariunt
1863 1623 2149 1716 qualemcunque

124 1723 173 1794 lis
204 1736 344 1794 tantum
373 1722 509 1817 aliquas
543 1725 629 1816 legis
661 1727 854 1797 sententias
882 1728 1003 1810 novit;
1047 1729 1110 1798 sed
1161 1726 1398 1798 reverentiam
1414 1722 1609 1795 humanam
1624 1749 1688 1795 seu
1702 1725 1903 1794 naturalem
1918 1747 2002 1815 erga
2018 1723 2149 1806 Deum,

123 1823 362 1916 Evangelium
390 1826 435 1895 de
463 1828 616 1919 gratuita
645 1829 853 1900 remissione
881 1843 1109 1923 peccatorum
1162 1854 1253 1924 quae
1286 1830 1382 1920 apud
1417 1824 1651 1921 philosophos
1685 1826 1793 1896 etiam
1829 1826 1955 1918 religio
1988 1838 2148 1895 vocatur.

126 1952 278 2021 prorsus
302 1928 464 2026 ignorat.
504 1927 590 2000 Ideo
613 1930 658 1999 de
683 1933 771 2016 fide,
793 1957 856 2003 seu
875 1934 1004 2004 fiducia
1027 1957 1110 2024 erga
1160 1932 1282 2003 Fateri
1297 1932 1394 2001 enirn
1409 1954 1470 2001 eos
1486 1943 1630 2024 oportet
1645 1929 1802 2022 primam
1819 1955 1892 1999 esse
1908 1929 2078 1998 virtutem
2094 1952 2150 1996 re-

125 2029 246 2100 Deum
278 2028 371 2100 nihil
394 2042 514 2123 potest
543 2033 768 2126 praecipere,
802 2047 838 2104 et
866 2036 904 2104 in
923 2060 992 2107 usu
1014 2035 1109 2105 vitae
1160 2033 1358 2106 verentiam
1375 2056 1459 2124 erga
1475 2033 1611 2118 Deum,
1638 2031 1777 2103 etiamsi
1800 2033 1844 2101 de
1866 2027 1922 2102 his
1945 2031 2150 2112 virtutibus,

126 2156 347 2226 magnopere
368 2135 516 2226 prodest
534 2135 731 2228 intelligere
753 2133 822 2208 hac
843 2138 882 2207 in
905 2134 945 2208 r'e
959 2152 1109 2209 naturae
1162 2139 1291 2233 quibus
1311 2135 1516 2206 immediate
1537 2161 1619 2206 cum
1633 2134 1711 2205 Deo
1737 2134 1893 2226 agimus,
1918 2129 2149 2227 philosophia

125 2231 310 2306 humanae
332 2237 595 2322 infirmitatem,
617 2251 659 2309 ut
681 2240 826 2310 aliunde
848 2241 1025 2312 discamus
1045 2237 1110 2311 has
1161 2267 1236 2311 non
1254 2251 1373 2333 potest
1387 2238 1616 2333 praecipere,
1643 2237 1945 2333 quemadmodam
1972 2262 2063 2328 opus
2086 2249 2150 2319 est,

126 2339 297 2423 virmtes,
321 2352 358 2410 et
380 2338 419 2408 in
442 2340 669 2411 invocatione
691 2355 727 2413 et
750 2343 829 2414 aliis
850 2344 919 2438 piis
936 2344 1110 2414 exercitiis
1161 2346 1279 2415 sedut
1297 2366 1405 2434 supra
1423 2343 1645 2428 dictumest,
1671 2343 1716 2410 de
1733 2335 1789 2412 his
1803 2340 1994 2412 virtutibus
2010 2340 2149 2409 concio-

125 2464 216 2512 voce
237 2440 426 2533 Evangelii
447 2445 554 2513 fidem
578 2469 814 2518 exerceamus.
876 2447 967 2517 Sunt
990 2460 1110 2516 autem
1161 2460 1269 2517 natur
1281 2444 1529 2537 Evangelium.

128 2567 234 2614 verae
257 2545 426 2626 virtutes,
462 2570 550 2639 quas
573 2542 775 2616 Christiana
803 2548 966 2617 doctrina
989 2548 1110 2629 tradit,
1264 2546 1455 2616 Praeterea
1487 2544 1585 2637 apud
1609 2539 1846 2640 philosophos
1875 2545 1992 2616 oritur
2015 2544 2148 2616 iustitia

125 2645 349 2739 pertinentes
370 2647 416 2715 ad
437 2647 594 2737 primum
617 2661 865 2740 praeceptum,
899 2648 1008 2718 timor
1030 2649 1111 2731 Dei,
1160 2646 1372 2721 universalis
1385 2672 1428 2717 ex
1442 2646 1580 2716 notitiis
1596 2645 1640 2713 de
1657 2645 1748 2717 Deo.
1799 2647 1908 2716 Ratio
1928 2649 2023 2717 enim
2045 2648 2149 2714 intel-

126 2750 235 2832 lides,
265 2746 409 2817 dilectio
438 2747 525 2833 Dei,
565 2749 767 2819 obedientia
793 2750 833 2820 in
862 2751 1111 2822 afflictionibus
1162 2747 1320 2844 ligithoc
1336 2749 1526 2821 discrimen
1539 2743 1774 2819 honestorum
1791 2763 1826 2818 et
1842 2749 2001 2842 turpium
2018 2748 2148 2818 divini-

126 2850 300 2921 divinitus
326 2850 513 2941 impositis.
582 2850 640 2920 Ad
667 2852 882 2937 seeundum,
918 2853 1112 2936 invocatio,
1162 2869 1219 2925 tus
1234 2853 1380 2923 insitum
1397 2876 1470 2922 esse
1488 2849 1621 2920 nostris
1636 2851 1828 2923 mentibus.
1878 2851 2028 2946 Deoque
2051 2851 2148 2920 iuxta

128 2952 456 3045 gratiarumactio,
474 2954 667 3038 confessio,
691 2954 911 3048 praedicatio
925 2955 1113 3049 Evangelii
1163 2957 1251 3027 illud
1272 2956 1523 3025 obediendum.
1583 2950 1669 3022 Ideo
1694 2952 1827 3023 iustitia
1848 2954 2062 3024 universalis
2085 2965 2149 3036 est,

126 3056 226 3126 iuxta
250 3054 500 3140 vocationem,
528 3058 729 3127 observatio
758 3058 1003 3132 iurisiurandi.
1055 3060 1113 3129 Ad
1162 3060 1242 3129 Deo
1267 3059 1365 3129 iuxta
1389 3081 1514 3126 omnes
1537 3053 1615 3125 illas
1638 3051 1807 3127 honestas
1827 3056 1973 3128 notitias
1990 3055 2148 3127 obedire.

127 3159 295 3243 tertium,
339 3158 542 3227 observatio
571 3159 874 3245 ceremoniarum,
912 3162 1112 3232 reverentia
1163 3161 1301 3231 Deinde
1324 3161 1439 3253 leges,
1470 3182 1562 3252 quae
1585 3157 1786 3250 grrbernant
1809 3172 1965 3230 caeteras
1987 3159 2149 3240 virtutes,

129 3273 167 3330 et
194 3260 416 3331 conservatio
445 3261 634 3334 ministerii
660 3262 859 3355 Evangelii.
917 3264 1113 3359 Quousque
1164 3267 1353 3359 pleraeque
1381 3261 1598 3351 colligrmtur
1626 3284 1668 3329 ex
1700 3261 1900 3345 effectibus,
1934 3275 1976 3332 ut
2006 3263 2150 3332 effectus

127 3377 249 3434 autern
265 3363 358 3432 ratio
373 3363 560 3449 naturalis,
582 3388 646 3435 seu
660 3360 889 3458 philosophia
906 3369 1114 3459 progredia-
1165 3370 1358 3439 ostendunt
1381 3389 1449 3434 nos
1472 3361 1573 3432 nasci
1594 3363 1641 3432 ad
1660 3364 1968 3455 procreationem,
1995 3368 2040 3435 ad
2065 3389 2149 3433 con-

129 3479 209 3550 tur,
240 3467 329 3537 alias
349 3465 484 3535 dictum
498 3478 571 3550 est,
608 3468 850 3559 praecipitat
879 3460 1113 3561 agnoscamus
1164 3470 1402 3542 servationem
1416 3465 1463 3561 ⁸¹)
1487 3477 1678 3548 natorum,
1713 3466 1760 3534 ad
1782 3467 1999 3538 societatem.
2055 3465 2149 3535 Hinc

128 3592 243 3640 unum
265 3594 339 3641 esse
361 3568 500 3650 Deum,
532 3570 754 3640 conditorem
777 3582 814 3640 et
837 3573 1113 3662 gubernatorem
1164 3586 1249 3645 sunt
1272 3573 1354 3641 illae
1376 3569 1487 3661 leges:
1511 3566 1597 3639 Nati
1620 3568 1744 3637 tuendi
1758 3581 1858 3638 sunt:
1882 3569 2041 3640 Societas
2064 3592 2148 3639 eon·

127 3684 301 3755 naturae,
326 3672 522 3763 sapientem
539 3684 575 3740 et
589 3672 733 3745 iustum.
783 3671 872 3743 Item
888 3674 1005 3744 Deum
1016 3675 1114 3743 'indi-
1164 3676 1340 3748 servanda
1356 3684 1424 3754 est,
1452 3669 1653 3761 depellendi
1668 3693 1709 3739 ac
1730 3671 1879 3741 tollendi
1902 3685 2005 3756 sunt,
2032 3673 2061 3743 si
2086 3672 2149 3767 qui

128 3773 224 3843 disse
243 3774 348 3845 nobis
364 3776 537 3868 quasdam
558 3769 726 3846 honestas
739 3775 904 3860 notitias,
930 3776 1026 3847 iuxta
1049 3773 1114 3848 has
1166 3791 1343 3850 conantur
1365 3774 1537 3866 dissipare
1565 3796 1794 3843 communem
1822 3774 2049 3858 societatem,
2080 3770 2150 3845 hoc

129 3875 226 3947 ratio
243 3875 341 3946 iubet
354 3901 420 3948 nos
432 3876 511 3946 Deo
527 3875 683 3962 obedire.
720 3875 809 3948 Item
822 3879 930 3948 sentit
944 3878 1115 3952 divinitus
1166 3895 1229 3966 est,
1247 3881 1302 3952 vis
1316 3878 1354 3948 vi
1369 3876 1577 3969 depellenda
1592 3887 1655 3947 est.
1692 3874 1746 3946 Ex
1761 3873 1816 3947 his
1831 3878 1967 3969 legibus
1983 3877 2149 3948 oriuntur

130 3976 256 4072 puniri
268 3979 402 4048 atrocia
426 3978 572 4070 flagitia.
622 3977 711 4049 Item
733 3980 832 4050 iubet
846 3982 1029 4052 observari
1044 3982 1115 4052 ius·
1165 3996 1282 4055 certae
1304 3982 1470 4063 virtutes,
1505 3977 1669 4048 videlicet
1691 3979 1805 4070 pietas
1827 4004 1909 4073 erga
1931 3982 2079 4050 liberos:
2107 4002 2149 4049 ex

129 4082 347 4163 iurandum,
384 4092 421 4150 et
451 4083 559 4152 sentit
587 4081 766 4177 aliquibus
789 4085 1000 4155 ceremoniis
1024 4109 1115 4177 opus
1164 4084 1233 4158 hac
1261 4088 1354 4177 lege:
1393 4081 1479 4155 Nati
1500 4081 1624 4152 tuendi
1642 4094 1745 4165 sunt,
1788 4096 1823 4152 et
1844 4084 1928 4177 quia
1949 4081 2148 4150 infirmiora

131 4208 220 4255 esse.
270 4184 431 4255 Tantum
445 4183 553 4275 igitur
569 4183 689 4279 aliqua
704 4210 747 4255 ex
761 4198 864 4278 parte
879 4188 983 4258 docet
998 4184 1115 4280 philo·
1165 4190 1242 4282 regi
1256 4188 1388 4258 debent
1403 4211 1422 4255 a
1436 4183 1673 4269 firmioribus,
1699 4184 1928 4275 intelligimus
1943 4184 2075 4253 liberos
2089 4183 2149 4253 de·

130 4282 259 4378 sophia
271 4288 316 4356 de
331 4285 543 4381 quibusdam
565 4288 689 4358 officiis
710 4287 869 4372 timoris,
893 4291 956 4360 sed
976 4291 1020 4361 de
1045 4292 1115 4360 fide
1164 4295 1250 4364 bere
1263 4288 1502 4363 obedientiam
1516 4287 1736 4380 parentibus.
1786 4286 1840 4355 Ex
1857 4287 1925 4357 alia
1944 4287 2021 4377 lege
2034 4289 2079 4356 de
2092 4311 2149 4356 so·

132 4386 225 4459 nihil
237 4391 351 4460 docet.
401 4387 498 4457 Haec
510 4389 715 4460 brevissime
731 4391 780 4461 sic
794 4392 1004 4483 perstrinxi,
1031 4393 1114 4489 quia
1167 4397 1292 4466 cietate
1314 4392 1577 4474 conservanda,
1603 4387 1720 4458 oritur
1741 4387 1893 4475 iustitia,
1920 4414 2012 4485 quae
2026 4386 2150 4483 prohi-

132 4493 235 4562 locns
254 4493 412 4584 postulat
434 4487 493 4562 hic
512 4491 699 4562 admoneri
724 4494 902 4565 studiosos
922 4497 968 4565 de
991 4494 1115 4565 discri-
1165 4501 1227 4569 bet
1241 4496 1401 4579 iniurias,
1423 4506 1459 4563 et
1472 4496 1595 4563 affines
1610 4490 1777 4573 iustitiae,
1803 4493 1997 4584 gratitudo,
2021 4493 2150 4562 libera-

132 4594 232 4664 mine
257 4608 294 4665 et
313 4595 404 4665 serie
423 4595 619 4677 virtutum,
642 4605 680 4663 et
695 4595 781 4689 quid
804 4597 896 4667 desit
907 4598 946 4668 in
957 4593 1116 4691 philoso·
1165 4603 1258 4673 litas.
1308 4599 1362 4669 Ex
1385 4598 1461 4688 lege
1474 4598 1518 4666 de
1533 4592 1738 4664 defensione
1753 4592 1801 4690 ω)
1826 4595 1942 4666 oritur
1963 4596 2151 4678 fortitudo,

131 4692 232 4791 phia.
266 4698 381 4768 Venio
398 4699 445 4767 ad
459 4695 651 4767 secundam
666 4698 836 4770 tabulam.
872 4698 930 4769 Ad
947 4713 1115 4796 quartum
1167 4729 1259 4799 quae
1283 4716 1336 4773 est
1358 4700 1519 4792 depulsio
1541 4695 1707 4768 iniuriae.
1757 4696 1873 4768 Debet
1894 4699 1990 4768 enim
2007 4698 2083 4790 regi
2099 4699 2152 4770 iu-

132 4813 362 4894 praeceptum
384 4800 541 4892 pertinet
565 4798 700 4869 iustitia
725 4801 954 4887 universalis,
991 4803 1115 4887 idest,
1166 4807 1274 4878 stitia.
1325 4803 1481 4874 Maxime
1509 4800 1697 4894 proprium
1729 4796 1870 4871 homini
1898 4815 1951 4872 est
1979 4825 2151 4897 quaerere

132 4903 337 4974 obedientia
353 4901 564 4974 universalis
580 4926 662 4994 erga
677 4902 915 4993 magistratus,
934 4930 998 4976 seu
1011 4907 1115 4997 leges,
1166 4935 1304 4992 verum,
1319 4907 1481 4977 etvitare
1499 4906 1674 4996 acbrgere
1689 4905 1788 4975 falsa.
1822 4903 1896 4976 Nec
1910 4905 1986 4974 sine
2001 4905 2151 4975 veritate

133 5007 221 5077 item
235 5005 349 5100 pietas
361 5030 443 5096 erga
458 5018 636 5097 parentes,
653 5003 797 5089 liberos,
823 5019 889 5080 etc.
938 5007 995 5079 Ad
1011 5010 1115 5103 quin-
1165 5024 1353 5105 pactorum
1368 5023 1403 5078 et
1418 5008 1631 5078 iudiciorum
1645 5007 1849 5077 conservari
1861 5008 2011 5078 societas
2023 5021 2153 5102 potest.

133 5124 232 5194 tum,
256 5109 389 5180 iustitia
401 5107 643 5200 particularis,
668 5130 761 5201 quae
775 5121 892 5192 cavet,
916 5134 963 5180 ne
986 5135 1115 5204 corpus
1166 5116 1259 5185 Hinc
1280 5113 1397 5184 oritur
1417 5111 1550 5196 virtus,
1586 5133 1677 5205 quae
1699 5123 1848 5182 vocatur
1868 5112 2012 5182 veritas.
2064 5110 2151 5181 Item

132 5213 344 5308 miusqnam
358 5210 553 5281 afficiamus
565 5210 709 5293 iniuria,
732 5214 989 5298 mansuetudo,
1014 5213 1115 5283 forti-

133 5317 236 5390 md0·
294 5314 353 5385 Ad
371 5326 528 5398 mlum,
543 5362 547 5371 ’
562 5312 722 5396 ‘affilas’
752 5315 1001 5406 temperantia·
1057 5316 1115 5386 Ad
1198 5361 1248 5419 81)
1266 5361 1520 5423 conservationem]
1531 5360 1572 5409 stc
1584 5360 1633 5410 ud.
1647 5359 1803 5423 tbtd.;ltd.
1816 5360 2150 5441 tutu-conversationem

133 5417 345 5515 septimum,
368 5415 502 5492 instilla
522 5413 765 5510 Parfifflldl'ls,
797 5430 1035 5516 quassaret,
1067 5442 1114 5490 ne
1197 5447 1248 5509 82)
1265 5446 1442 5509 deteuslouc]
1460 5447 1502 5498 stc
1518 5446 1571 5498 Est.
1591 5445 1685 5512 thq
1702 5445 1753 5498 tte
1773 5429 1848 5497 also.
1866 5445 2045 5502 deteastouts.
2130 5442 2133 5447 '
