4566 5760
71 198 127 271 77
521 222 524 229 ’
624 195 653 272 l.
692 193 1043 273 PHILOSOPHIAE
1069 193 1283 270 atomis
1306 193 1537 272 EPITOME.
2040 204 2089 278 78

73 372 232 442 cessitate
252 369 404 442 vescitur
425 370 578 462 panibus
601 373 859 465 propositionis
885 372 938 469 (1.
960 373 1056 444 Sam.
1107 372 1177 440 late
1207 371 1246 440 in
1269 370 1370 440 omni
1399 371 1473 441 vita
1496 383 1618 463 pateat
1641 372 1804 441 doctrina
1833 375 1876 443 de
1906 373 2088 464 ἐπιείκεια,

71 478 142 560 21,
161 473 235 569 6.),
261 472 329 543 hoc
344 475 504 566 exemplo
520 500 595 544 non
609 477 704 545 tollit
717 477 849 567 legem,
871 480 933 548 sed
948 476 1058 569 signi-
1107 474 1315 566 praesertim
1331 475 1472 543 veroin
1488 474 1647 567 imperiis
1660 475 1846 546 utilissima
1863 491 1927 562 est,
1949 481 2012 549 ubi
2027 505 2089 550 ne·

70 580 155 648 ficat
181 577 468 647 observationem
497 579 779 648 ceremoniarum
808 605 883 649 non
906 605 980 650 esse
1007 580 1056 664 id,
1108 602 1200 647 cesse
1234 591 1287 648 est
1309 579 1421 648 multa
1450 577 1648 647 condonari
1673 574 1852 649 humanae
1877 582 2089 654 infirmitati.

71 705 146 774 quo
175 681 406 751 iustificamur
430 705 552 750 coram
572 681 670 764 Deo,
696 685 758 751 sed
779 684 870 752 ritus
890 683 1055 774 politicos
1106 679 1225 772 Scipio
1248 681 1466 751 condonavit
1486 681 1649 774 publicae
1670 682 1923 776 tranquillitati
1938 685 2088 756 iniurias

69 807 141 874 pro
160 796 319 875 tempore
334 786 546 867 servandos,
574 785 637 879 qui
652 783 691 852 in
705 787 910 855 necessitate
927 787 1056 856 admit·
1106 782 1221 852 illatas
1236 809 1256 852 a
1272 784 1429 855 tribuno.
1479 783 1637 854 Econtra
1655 783 1866 855 Coriolanus
1881 787 2003 857 intulit
2013 788 2089 859 hel·

70 897 190 955 terent
224 886 545 979 dispensationem,
587 911 628 955 ac
661 890 826 957 cederent
858 890 1053 961 moralibus
1105 886 1179 955 lum
1217 888 1375 978 patriae,
1417 887 1588 958 ulciscens
1619 885 1789 958 iniuriam
1822 914 1961 959 summo
1997 892 2087 960 iure.

70 1002 169 1058 extra
197 1013 316 1059 casum
340 989 557 1059 offensionis.
595 989 830 1061 Discernendi
852 992 947 1061 enim
971 1006 1054 1062 sunt
1104 985 1253 1058 Athenis
1269 1002 1352 1080 post
1368 985 1586 1084 Thrasybuli
1600 990 1807 1073 victoriam,
1830 1017 1909 1060 cum
1925 992 2017 1062 cives
2032 993 2086 1061 in·

70 1114 171 1162 casus
195 1092 402 1162 offensionis
431 1106 466 1160 et
487 1091 645 1161 scandali
673 1117 693 1160 a
722 1094 875 1187 simplici
895 1121 982 1178 usu,
1013 1107 1054 1165 ut
1104 1091 1193 1161 iuste
1214 1092 1309 1183 pulsi
1334 1105 1493 1184 repetere
1518 1117 1582 1163 sua
1603 1093 1820 1185 patrimonia
1845 1119 1985 1164 summo
2008 1096 2086 1166 iure

69 1199 107 1268 2.
125 1190 289 1265 Machab.
307 1195 343 1265 7.
359 1207 452 1264 recte
467 1195 601 1264 faciunt
615 1195 685 1287 pii,
712 1197 776 1289 qui
790 1199 930 1268 malunt
943 1198 1052 1266 inter-
1103 1196 1321 1285 potuissent,
1348 1220 1439 1289 quae
1461 1197 1505 1266 ab
1522 1196 1600 1267 aliis
1613 1196 1906 1287 possidebantur,
1935 1210 1969 1265 et
1991 1198 2086 1290 ipsos

69 1297 145 1380 fici,
168 1322 276 1391 quam
300 1299 403 1366 edere
426 1297 564 1367 suillam
592 1322 753 1382 carnem,
779 1301 862 1394 quia
882 1325 957 1370 uon
972 1325 1051 1391 age·
1103 1321 1322 1388 possessores
1350 1298 1567 1382 interficere,
1600 1311 1721 1368 tamen
1753 1294 1999 1392 Thrasybulus
2030 1325 2086 1369 ae·

68 1400 176 1469 batur
196 1403 240 1468 de
256 1400 408 1491 simplici
422 1424 506 1482 usu,
532 1405 594 1471 sed
609 1403 809 1492 exemplum
824 1403 1051 1495 flagitabatur
1103 1400 1237 1492 quitate
1265 1425 1349 1470 usus
1373 1414 1444 1485 est,
1477 1427 1518 1470 ac
1540 1402 1658 1471 sanxit
1685 1397 1920 1495 ἀμνηστίαν,
1954 1403 1991 1471 id
2022 1416 2085 1487 est,

68 1503 291 1571 abiiciendae
316 1526 357 1570 ac
372 1503 540 1571 delendae
562 1505 659 1594 legis.
711 1503 752 1574 ln
767 1507 898 1577 talibus
913 1506 1050 1576 casibus
1103 1501 1320 1572 oblivionem
1333 1503 1547 1574 iniuriarum
1556 1503 1615 1598 ¹²),
1637 1516 1678 1573 ut
1694 1517 1900 1596 parceretur
1914 1504 2028 1589 victis,
2051 1518 2087 1574 et

66 1630 134 1674 nec
152 1605 373 1673 ceremoniae
389 1606 583 1675 admittunt
601 1608 914 1700 dispensationem.
964 1607 1049 1678 Ideo
1100 1605 1196 1696 pacis
1231 1629 1335 1675 causa
1369 1630 1445 1675 non
1481 1620 1706 1677 mutarentur
1735 1607 1996 1698 possessiones,
2037 1632 2085 1678 ne

66 1709 258 1798 diligenter
281 1731 406 1777 causae
428 1711 672 1800 exemplorum
693 1712 933 1805 inspiciendae
955 1724 1049 1783 sunt.
1099 1732 1195 1778 nova
1209 1708 1303 1777 bella
1319 1709 1513 1778 orirentur.
1564 1709 1660 1778 Haec
1677 1710 1878 1777 moderatio
1895 1712 1986 1779 adeo
2000 1735 2085 1802 pro·

65 1807 237 1880 Ezechias
249 1809 281 1905 ⁹)
306 1836 390 1880 usus
413 1811 545 1903 insigni
566 1804 756 1897 ἐπιείκεια,
781 1818 843 1885 sed
871 1827 967 1885 extra
993 1840 1049 1884 ca·
1099 1813 1167 1880 luit
1188 1810 1343 1894 civitati,
1374 1825 1416 1882 ut
1438 1812 1571 1881 finierit
1599 1812 1714 1880 civilia
1740 1812 1833 1880 bella
1859 1811 1952 1880 inter
1972 1810 2081 1882 Athe·

64 1939 147 1984 sum
163 1913 319 1982 scandali
335 1926 398 1982 aut
416 1916 665 2000 consessionis,
692 1923 727 1991 2.
743 1917 900 2011 Paralip.
918 1919 987 2000 30,
1002 1917 1048 2013 ¹⁰)
1099 1915 1250 1984 nienses.
1301 1912 1399 1982 Haec
1424 1927 1461 1984 et
1487 1915 1616 1986 similia
1642 1916 1803 2006 exempla
1824 1915 2082 1985 consideranda

66 2015 242 2110 (17.18.)
270 2017 408 2085 cumin
431 2019 642 2090 ceremoniis
663 2016 840 2111 paschatis
854 2020 958 2091 multi
972 2045 1048 2090 non
1098 2030 1200 2100 sunt,
1234 2028 1275 2086 ut
1301 2017 1476 2087 discamus
1497 2030 1531 2087 et
1553 2018 1749 2108 intelligere
1773 2029 1808 2085 et
1834 2042 1955 2086 amare
1976 2015 2083 2090 ἐπιεί-

65 2132 183 2188 essent
196 2119 336 2189 usitatis
351 2121 561 2192 ceremoniis
576 2124 676 2214 prius
691 2125 853 2216 purgati,
878 2119 1047 2194 Ezechias
1097 2145 1222 2211 κειαν,
1248 2119 1339 2189 sicut
1352 2119 1506 2212 plurima
1523 2133 1712 2212 praecepta
1727 2133 1887 2191 monent.
1939 2119 1980 2190 ln
1996 2144 2083 2214 qna·

64 2234 187 2291 tamen
209 2221 310 2291 iussit
333 2246 393 2292 eos
412 2223 505 2292 vesci
525 2221 712 2316 paschate,
734 2229 796 2297 sed
815 2251 881 2318 pro
902 2229 952 2296 eis
967 2252 1048 2318 pre·
1098 2224 1181 2291 dam
1203 2246 1327 2312 graeca
1352 2223 1501 2315 epistola
1528 2224 1660 2293 dantur
1681 2236 1867 2315 praecepta
1889 2224 1932 2292 de
1955 2225 2084 2313 guber·

64 2337 185 2411 catur,
212 2325 351 2395 omissis
380 2328 591 2398 ceremoniis
613 2331 892 2421 purgationum..
941 2328 1047 2400 lntel-
1097 2325 1243 2395 natione
1273 2327 1502 2411 ancillarum,
1526 2325 1718 2397 imitandas
1735 2351 1809 2397 csse
1833 2321 2018 2419 cytharas,
2042 2327 2081 2394 in

63 2429 144 2518 ligit
166 2427 262 2497 enim
277 2427 541 2499 invocationem
558 2444 593 2500 et
607 2433 713 2501 fidem
728 2459 800 2503 esse
816 2433 1046 2524 praecipuam
1098 2429 1226 2522 quibus
1257 2429 1342 2499 fides
1363 2442 1601 2520 rumpuntur,
1636 2429 1666 2499 si
1692 2429 1846 2498 nimium
1876 2431 2082 2512 tendantur,

62 2531 333 2622 purgationem,
367 2543 402 2599 et
429 2533 616 2602 meliorem
638 2534 879 2604 ceremoniali.
937 2535 1046 2603 Aliud
1097 2532 1286 2600 sinautem
1302 2531 1454 2600 nimium
1468 2531 1648 2614 laxentur,
1675 2535 1787 2600 edunt
1803 2532 1947 2602 obtusos
1961 2556 2081 2603 sonos.

62 2635 277 2723 exemplum.
328 2629 429 2701 losue
454 2659 660 2728 quanquam
683 2660 805 2705 errore
823 2658 948 2727 pacem
962 2661 1045 2729 pro·
1095 2633 1143 2701 Et
1157 2628 1349 2724 Sophocles
1372 2632 1505 2724 inquit:
1534 2634 1685 2722 grandes
1709 2635 1873 2716 arbores,
1899 2634 1984 2725 quia
2006 2659 2082 2703 non

59 2735 161 2804 misit
175 2729 412 2804 Gabaonithis
428 2733 494 2830 ¹¹),
519 2762 609 2830 quos
622 2738 745 2809 debuit
758 2739 967 2822 interficere,
992 2752 1045 2807 ta·
1097 2736 1234 2816 cedant,
1259 2733 1371 2802 everti
1386 2734 1522 2826 impetu
1538 2758 1712 2828 aquarum
1728 2735 1997 2815 exundantium,
2018 2739 2079 2804 sed

60 2861 147 2907 men
164 2836 281 2905 noluit
296 2837 542 2907 iusiurandum
557 2841 769 2911 rescindere.
818 2841 934 2912 Norat
949 2841 1043 2910 enim
1095 2833 1243 2906 humilia
1268 2838 1411 2906 arbusta
1435 2850 1468 2907 et
1491 2836 1679 2919 flexibilia,
1706 2860 1797 2930 quae
1825 2839 1972 2921 cedunt,
2002 2860 2079 2906 non

60 2941 269 3012 scandalum
298 2940 422 3007 violati
448 2941 680 3011 iurisiurandi
703 2944 815 3033 pluris
842 2943 1042 3013 faciendum
1095 2941 1218 3010 everti.
1268 2939 1452 3031 Scriptura
1473 2938 1581 3007 etiam
1602 2936 1770 3010 hortatur
1787 2941 1833 3007 ad
1849 2936 1942 3009 hanc
1956 2943 2080 3009 mode-

61 3068 157 3125 esse,
185 3067 293 3135 quam
316 3042 468 3111 alterum
489 3046 698 3115 mandatum
725 3049 768 3116 de
791 3046 1043 3115 interficiendis
1094 3044 1292 3127 rationem,
1321 3068 1402 3112 cum
1431 3042 1548 3134 inquit
1581 3041 1732 3136 (Eccles.
1757 3043 1800 3126 7,
1826 3041 1921 3137 17.):
1955 3041 2009 3112 Ne
2032 3041 2079 3112 sis

59 3142 221 3215 hostibus
245 3146 513 3214 etvoluntatem
535 3148 621 3239 legis
638 3149 884 3242 aliquomodo
903 3175 1042 3219 conser-
1093 3146 1200 3215 nimis
1214 3145 1337 3215 iustus.
1378 3142 1466 3214 Item
1489 3144 1614 3238 (Prov.
1631 3145 1699 3228 30,
1716 3143 1813 3240 33.):
1837 3144 1910 3237 Qui
1924 3145 2078 3214 nimium

60 3251 187 3331 rabat,
221 3247 304 3340 qnia
332 3247 393 3315 illa
421 3251 728 3339 amplectebantur
750 3251 981 3343 religionem,
1007 3265 1043 3321 et
1094 3252 1272 3339 emungit,
1298 3248 1393 3316 elicit
1408 3248 1629 3338 sanguinem.

59 3352 313 3442 redigebantur
329 3349 365 3418 in
380 3351 585 3421 servitutem
612 3351 695 3447 (los.
714 3354 756 3438 9,
775 3352 981 3449 15-27.).
1192 3364 1194 3368 '

162 3453 310 3545 Semper
325 3453 363 3520 in
376 3452 531 3523 Ecclesia
548 3469 690 3524 exortae
705 3470 787 3526 sunt
801 3459 918 3542 rixae,
943 3470 982 3527 ut
997 3459 1040 3525 de
1127 3475 1244 3543 Estne
1265 3464 1516 3541 iudicandum
1537 3472 1650 3540 iuxta
1676 3472 1861 3559 seriptum
1880 3475 1962 3553 ius,
1989 3490 2042 3540 an

58 3570 221 3647 tempore
251 3552 447 3646 paschatis,
480 3570 515 3625 et
543 3561 586 3626 de
608 3559 782 3631 similibus
810 3557 1039 3657 ἀδιαφόροις,
1311 3585 1517 3660 mundum
1540 3583 1856 3682 aequyyayempre)

58 3683 151 3752 quae
173 3683 249 3727 non
270 3654 404 3728 habent
423 3661 633 3730 mandatum
655 3661 734 3732 Dei.
793 3662 890 3731 Haec
912 3662 978 3732 etsi
1000 3687 1039 3730 re

58 3785 144 3829 vera
160 3773 242 3831 sunt
254 3762 383 3844 libera,
407 3773 528 3831 tamen
542 3764 674 3834 Paulus
692 3765 740 3833 ita
754 3766 959 3835 moderatus
975 3777 1039 3846 est,
1192 3755 1295 3824 Duae
1320 3767 1404 3824 sunt
1428 3753 1671 3847 quaestiones,
1698 3756 1801 3845 prior
1829 3779 1876 3823 ³¹¹
1900 3754 2010 3824 salin-t
2032 3755 2078 3824 Sit

55 3876 98 3934 ut
114 3863 240 3933 ritibus
265 3862 415 3933 ludaicis
433 3868 529 3956 apud
551 3864 701 3937 ludaeos
725 3869 935 3962 plerumque
955 3893 1038 3938 usus
1090 3860 1128 3927 in
1143 3859 1248 3928 rebus
1260 3857 1410 3950 Publitiss
1425 3856 1478 3926 uti
1493 3857 1626 3948 scriplO
1641 3881 1682 3924 ²¹⁰
1698 3870 1793 3926 ΰθῐῐθ
1810 3857 1908 3939 iure,
1933 3882 1979 3925 ³1¹
1995 3881 2076 3948 Per·

55 3966 122 4049 sit,
151 3967 245 4056 apud
260 3963 431 4036 Ethnicos
450 3991 526 4036 non
547 3969 593 4040 sit
612 3995 716 4052 ustas,
741 3995 787 4039 ne
802 3971 923 4041 alteris
937 3984 1038 4062 petu-
1090 3962 1230 4031 mittere
1252 3960 1537 4048 magistratibus,
1570 3973 1611 4030 ut
1634 3983 1690 4029 res
1712 3960 1869 4030 iudicent
1892 3960 1987 4028 iuxta
2011 3983 2074 4027 Μ·

55 4069 155 4152 lans,
182 4069 302 4139 alteris
325 4071 588 4160 superstitiosus
607 4073 800 4143 videretur.
849 4074 1036 4144 Postremo
1089 4066 1241 4135 tttralrm
1263 4063 1499 4157 aequitatem,
1526 4063 1718 4151 ⁶⁰gitt¹1³¹1¹
1742 4065 1818 4133 Sine
1839 4063 1969 4152 Scripta
1985 4063 2075 4150 leges

55 4171 297 4253 adiiciendum
316 4184 351 4239 et
372 4167 441 4240 hoc
461 4187 531 4258 est,
558 4178 655 4269 quod
672 4176 786 4268 ipsum
802 4174 1037 4268 Evangelium
1089 4169 1178 4238 sicut
1205 4162 1313 4235 hodie
1335 4165 1469 4234 multae
1492 4178 1613 4254 gentes
1639 4166 1847 4234 barbaricae
1869 4164 1985 4232 nullas
2010 4159 2074 4232 ha·

55 4275 167 4342 tradit
186 4275 374 4342 mirificam
400 4271 591 4351 ἐπιείκειαν
614 4279 700 4370 legis
718 4279 872 4351 divinae.
923 4280 1037 4348 Docet
1087 4272 1174 4340 bent
1189 4268 1337 4359 scriptas
1353 4281 1415 4338 aut
1431 4280 1544 4337 certas
1559 4270 1663 4358 leges.
1712 4267 1765 4335 De
1783 4262 1849 4334 hac
1864 4266 2072 4358 quaestione

54 4377 151 4446 enim
165 4379 309 4468 ‘placere
326 4376 402 4447 Deo
427 4373 628 4449 inchoatam
646 4395 681 4450 et
693 4382 936 4474 imperfectam
953 4383 1036 4451 aba.
1087 4374 1229 4465 copiose
1245 4373 1403 4463 disputat
1416 4370 1624 4439 Aristoteles
1640 4369 1745 4437 tertio
1763 4368 2012 4453 Politicorum,
2039 4383 2075 4439 ct

54 4479 227 4548 dientiam
256 4480 294 4548 in
323 4476 378 4550 his
410 4479 472 4573 qui
508 4484 656 4552 credant
682 4480 836 4556 Christo,
895 4483 936 4553 la
967 4483 1035 4555 hac
1086 4476 1303 4568 prommciat
1323 4475 1432 4544 satius
1456 4497 1549 4554 esse,
1577 4471 1631 4541 uti
1653 4471 1786 4563 scripto
1805 4497 1846 4541 ac
1860 4485 1958 4542 certo
1984 4473 2071 4554 iure,

53 4579 224 4654 ἐπιείκεια
244 4584 338 4652 lucet
356 4582 566 4674 magnitudo
588 4587 853 4657 misericordiae
877 4588 965 4671 Dei,
1000 4600 1035 4656 et
1087 4580 1169 4673 quia
1195 4580 1351 4647 incertae
1370 4575 1558 4668 opiniones
1582 4574 1684 4642 facile
1701 4576 1847 4666 pariunt
1864 4575 2071 4645 discordias.

52 4685 252 4754 excitantur
272 4686 324 4777 pii
347 4688 391 4755 ad
409 4685 631 4776 diligentiam
646 4704 739 4759 recte
754 4690 926 4774 faciendi,
953 4717 1033 4760 cum
1084 4683 1157 4751 Ubi
1179 4695 1298 4751 autem
1320 4705 1396 4748 non
1420 4689 1473 4745 est
1492 4677 1665 4768 scriptum
1689 4678 1764 4762 ius,
1792 4679 1841 4747 ibi
1856 4702 1961 4768 saepe
1979 4678 2069 4747 acci-

53 4787 213 4877 cogitant
235 4801 370 4857 tantam
393 4813 467 4858 esse
487 4790 685 4860 bonitatem
713 4792 799 4876 Dei,
824 4806 866 4863 ut
886 4807 1034 4886 propter
1084 4787 1316 4876 dereputest,
1342 4794 1383 4850 ut
1395 4779 1473 4849 aliis
1495 4780 1670 4851 iudicibus
1696 4782 1793 4851 aliud
1816 4784 2001 4862 videatur,
2028 4805 2069 4848 ac

51 4890 286 4959 mediatorem
311 4887 491 4961 Christum
513 4893 652 4984 placcat
672 4893 750 4963 Deo
771 4896 897 4986 exigua
923 4910 958 4965 et
979 4896 1033 4965 in·
1083 4888 1291 4980 praesertim
1315 4883 1521 4976 potentibus
1540 4908 1581 4954 ac
1594 4884 1815 4977 principibus
1836 4908 1928 4977 opus
1947 4895 1999 4951 est
2020 4883 2069 4950 lc-

49 4996 154 5063 finna
168 4994 381 5064 obedientia.
417 4993 512 5062 llaec
527 4996 687 5086 exempla
703 5002 907 5083 ostendunt,
922 5025 1029 5094 quam

47 5150 256 5166 m

1118 5175 1165 5234 12)
1185 5174 1263 5226 Cont.
1281 5174 1364 5226 corn.
1383 5174 1450 5237 Nep.
1468 5175 1603 5236 Ttiresyb.
1622 5173 1657 5237 ⁸,
1674 5172 1701 5223 2.

83 5241 115 5308 ⁹)
134 5242 154 5293 t·
171 5255 196 5296 s.
216 5241 328 5307 ¹¹¹⁵th
347 5255 397 5292 ¹0¹
414 5242 504 5295 ¹⁰⁶⁸&
1119 5280 1164 5338 ts)
1191 5280 1282 5331 astae
1298 5305 1333 5314 -
1350 5271 1564 5343 aeaouatemtt
1588 5277 1628 5325 uc
1652 5276 1719 5324 raa.
1740 5273 1815 5323 tam.
1841 5276 1869 5322 et
1890 5275 1983 5336 tarsa
2015 5275 2065 5324 ra.

83 5331 133 5387 ¹⁰)
150 5328 177 5382 8·
191 5330 311 5392 rotatu.
330 5330 389 5389 30-]
407 5331 475 5383 Edd-
487 5330 563 5383 ¹54⁰·
581 5332 695 5410 971546·
712 5331 800 5384 Μθθῑ
817 5330 972 5398 ΗΜΠΡ·
985 5332 1030 5389 2⁰·
1152 5348 1226 5397 15³8.
1246 5350 1338 5400 Estne
1355 5349 1540 5401 tudtrandum
1558 5348 1646 5398 turta
1660 5344 1847 5409 aequitatoris,
1865 5356 1904 5392 aa
1918 5344 2005 5395 ueta
2018 5344 2066 5396 1ιιι

48 5491 51 5494 ἢ
82 5413 132 5481 11)
154 5414 216 5471 te.
233 5414 395 5468 theonitb.
1149 5419 1300 5481 scriptum.
