4544 5766
120 198 196 291 2⁸2

477 262 481 277 ,
577 234 580 239 ·
680 197 724 272 ll.
765 198 977 283 Fililttctt
1008 194 1644 279 Bouraiuat2E1AEMEurA.·
1739 234 1744 249 ·
1829 236 1833 243 ·

2142 288 2148 297 ι

124 396 204 442 cum
220 370 353 445 desum
365 371 546 441 mercedes
559 384 595 441 et
609 372 789 458 defensio,
814 375 900 468 quia
910 373 989 447 Deo
1004 398 1111 445 curae
1163 372 1271 465 spitio
1293 371 1476 443 reddenda
1498 385 1551 442 est
1571 373 1835 464 compensatio,
1876 397 1991 468 eoque
2021 377 2147 468 magis,

122 473 211 558 erit,
236 485 280 545 ut
297 473 428 543 alicubi
451 473 504 565 pii
528 476 691 545 doctores
716 490 751 547 et
771 477 936 569 discipuli
957 474 1113 547 habeant
1164 477 1249 570 quia
1269 475 1386 545 maior
1403 486 1455 544 eet
1476 474 1701 546 familiaritas
1724 475 1819 545 inter
1838 469 2015 568 hospites,
2038 505 2148 573 quam

120 573 279 669 hospitia
298 588 334 647 et
350 577 605 647 defensionem.
656 579 754 648 Sicut
767 579 886 665 Eliae,
912 582 1042 650 Daniel
1053 580 1111 676 ¹⁶),

121 679 306 772 Apostolis
321 680 488 771 praebuit
509 675 684 771 hospitia,
710 695 745 750 et
763 706 824 753 eos
845 685 1020 767 servavit,
1047 684 1111 751 do-

1163 578 1300 672 alioqui
1331 578 1424 646 inter
1448 591 1605 649 ementes
1627 591 1663 649 et
1684 581 1888 650 vendentes.
1955 579 2003 650 Et
2023 595 2063 651 ut
2084 608 2147 652 sna

1163 683 1289 776 cuique
1305 683 1433 751 domus
1454 695 1616 772 receptus
1639 693 1691 750 est
1714 682 1933 770 gratissimus
1958 696 1993 751 et
2016 684 2148 755 tutissi-

122 807 187 855 nec
222 781 438 853 curriculum
471 784 701 854 constitutum
724 785 873 880 quisque
901 788 1110 857 absolveret.
1162 810 1260 868 mus,
1302 796 1342 853 ut
1362 780 1564 875 Xenophon
1594 784 1712 877 inquit
1728 783 1794 879 ¹⁸),
1836 798 1872 855 et
1895 786 2002 855 verba
2028 787 2149 856 Xeno·

123 886 175 956 hc
192 909 261 955 nos
287 885 433 978 quidem
452 886 635 979 loquimur
659 890 701 955 de
725 889 897 961 ministris
911 889 1110 980 Evangelii,
1162 882 1306 977 phontis
1321 910 1341 955 a
1355 883 1664 980 Iurisconsonow)
1688 888 1839 978 repetita
1862 902 1962 958 sunt:
1996 889 2046 956 ita
2063 916 2144 959 cum

126 990 225 1061 etde
246 989 452 1058 docentium
476 1001 513 1058 et
529 989 739 1059 discentium
762 992 936 1077 coetibus,
962 995 1006 1061 de
1032 992 1109 1085 qui-

1162 985 1289 1081 hospes
1304 989 1498 1081 recipiatur
1511 990 1551 1058 in
1566 994 1735 1072 domurn,
1758 991 1865 1061 simul
1881 1004 2004 1061 mutua
2026 993 2145 1062 desen-

126 1093 188 1163 bos
204 1092 520 1161 omnibusPardus
542 1091 659 1186 inquit
681 1094 733 1186 (1.
752 1094 833 1163 Cor.
852 1094 888 1178 9,
912 1093 980 1189 7.):
1019 1095 1109 1186 Quis
1160 1093 1212 1162 sio
1234 1092 1475 1185 promittitur,
1515 1106 1549 1162 et
1568 1093 1765 1165 multorum
1791 1092 1990 1164 officiorum
2014 1095 2146 1167 vicissi-

128 1193 254 1264 militat
266 1194 340 1264 suis
354 1193 565 1286 stipendiis?
599 1191 697 1264 Nihil
712 1193 770 1265 hic
784 1197 938 1267 dicimus
951 1200 995 1266 de
1018 1199 1108 1266 otio-

130 1298 171 1369 sis
183 1293 432 1379 helluonibus,
459 1297 521 1390 qui
538 1300 713 1368 devorant
734 1301 977 1393 eleemosynas
989 1298 1108 1371 Eccle—

131 1400 215 1483 siae,
241 1412 277 1468 et
291 1400 397 1470 simul
412 1424 489 1468 earn
507 1401 697 1472 trucidant.

223 1502 421 1597 Postquam
439 1515 557 1572 autern
579 1506 623 1574 de
644 1506 862 1597 proprietate
885 1506 923 1573 in
944 1506 1107 1574 mercede

134 1606 256 1674 dictum
275 1616 348 1689 est,
374 1607 414 1674 ht
429 1606 616 1698 perspicua
633 1609 744 1677 altera
767 1609 964 1678 conclusio:
1000 1607 1107 1677 Mini-

135 1707 190 1778 siri
201 1707 386 1798 Evangelii
403 1733 441 1775 re
465 1734 548 1776 sera
573 1723 655 1779 suni
668 1712 940 1794 usufructuarii,
968 1712 1050 1804 quia
1069 1710 1106 1776 in

136 1812 282 1879 mercede
297 1811 553 1902 proprietatem
568 1809 720 1896 habent,
742 1827 783 1882 ut
799 1816 932 1884 dictum
950 1826 1011 1883 est.
1061 1811 1107 1880 Et

139 1913 345 1984 verissimum
358 1914 491 1983 dictum
503 1927 573 1983 est:
593 1915 847 1986 Honestissime
861 1930 1003 2009 partum
1022 1940 1107 1998 esse,

141 2018 221 2109 quod
234 2017 332 2084 fideli
353 2018 476 2085 labore
492 2017 651 2107 „docendi
670 2033 814 2110 parturn
836 2034 898 2090 est.
948 2016 1021 2086 larn
1047 2014 1107 2085 hic

142 2121 293 2189 monendi
304 2132 408 2188 erant
424 2145 547 2189 omnes
564 2124 820 2211 gubernatores
843 2137 878 2191 et
902 2146 1026 2190 omnes
1042 2116 1106 2189 ho-

144 2222 237 2291 nines
260 2223 298 2291 in
317 2221 494 2306 Ecclesia,
530 2238 570 2292 ut
590 2225 741 2293 libenter
764 2228 949 2294 conserant
974 2226 1020 2292 ad
1040 2223 1108 2292 mi-

91 2398 93 2405 ,
144 2324 259 2394 obterii
288 2337 323 2394 et
350 2325 551 2395 studiorum
581 2328 764 2397 doctrinae
787 2328 1105 2398 conservationem.

144 2422 209 2497 lieo
226 2428 264 2496 in
281 2426 387 2497 Esaia
403 2428 573 2518 scriptum
591 2443 658 2499 est:
691 2430 806 2521 Reges
828 2444 932 2499 erunt
953 2430 1106 2500 nutrito-

146 2553 187 2599 res
197 2528 389 2614 Ecclesiae,
416 2544 451 2598 et
465 2530 608 2620 reginae
624 2533 843 2628 nerrricesffl),
870 2534 993 2615 idest,
1019 2531 1107 2601 Res-

146 2633 283 2722 publicae
306 2633 485 2703 curabunt
506 2634 552 2700 ali
575 2637 758 2706 ministros
771 2635 976 2726 Evangelii,
1004 2647 1039 2703 ct
1053 2635 1107 2704 iu-

148 2735 206 2803 nri
216 2735 330 2807 studia
346 2736 549 2807 doctrinae.

149 2908 188 2979 ht
208 2932 266 2982 res
292 2908 531 2980 conductoris
555 2932 629 2980 non
648 2910 828 2980 solventis
850 2919 918 2980 eut
940 2933 1105 2982 eorrum-

147 3016 246 3103 ptoiie
276 3010 579 3099 habitationem,
619 3016 698 3081 sint
730 3014 887 3083 locatori
922 3023 1106 3107 tanquam

427 3119 567 3211 pignus
593 3112 791 3210 obligatae.

175 3260 179 3269 '
222 3247 371 3319 Locatio
389 3262 441 3319 est
461 3273 635 3342 personae
659 3250 715 3317 vel
741 3250 793 3318 rei
817 3253 861 3318 ael
885 3274 989 3319 usum
1013 3251 1105 3319 lacta

147 3352 323 3435 concessio,
350 3376 417 3443 pro
432 3352 584 3443 pecunia
603 3353 847 3435 numeranda,
874 3355 917 3421 de
936 3377 1006 3445 qua
1022 3377 1106 3421 eon·

145 3454 228 3524 senii.
277 3452 325 3523 Et
341 3479 421 3524 curn
439 3455 485 3524 sit
500 3455 629 3545 duplex
646 3455 798 3537 locatio,
824 3455 894 3522 alia
920 3467 1106 3545 perpetua,

142 3554 194 3625 alia
206 3556 289 3627 certi
308 3559 498 3649 temporis,
525 3583 591 3626 nos
607 3557 680 3625 iarn
697 3559 739 3625 de
758 3557 843 3624 cerii
865 3558 1037 3648 temporis
1054 3559 1106 3625 lo-

140 3658 257 3729 catione
274 3661 444 3731 dicemus.
496 3659 706 3730 Omittirnus
728 3660 836 3727 etiam
860 3659 1105 3753 quaestionem

137 3762 171 3829 de
184 3776 366 3833 contractu
382 3759 645 3856 emphyteutico
656 3763 713 3858 l⁷),
741 3787 788 3830 an
801 3762 846 3830 sit
859 3761 1003 3844 locatio,
1024 3788 1106 3831 curn

135 3874 238 3934 umen
264 3891 340 3934 non
365 3867 517 3935 multum
542 3866 720 3935 dissimilis
744 3864 788 3934 sit
811 3865 882 3934 iuri
904 3865 1106 3950 feudorum,

134 3978 163 4037 et
175 3971 361 4039 transierat
375 3969 462 4038 utile
478 3969 691 4039 dominium.
740 3967 903 4038 Pertinet
918 3980 1036 4037 autern
1061 3969 1106 4036 ad

130 4069 233 4141 bonos
248 4096 367 4141 mores
385 4071 601 4162 intelligere,
634 4084 669 4140 et
693 4096 834 4139 servare
857 4071 935 4139 iura
958 4070 1106 4139 locatio-

128 4173 197 4256 nis,
222 4175 305 4269 quia
321 4188 363 4243 ut
378 4175 465 4244 alias
479 4175 612 4244 iustitia
630 4187 682 4243 est
697 4198 763 4264 pro
782 4175 889 4243 rebus
905 4187 967 4242 aut
987 4175 1106 4265 operis

126 4279 265 4346 reddere
289 4279 477 4371 aequalem
497 4276 844 4369 compensationem,
879 4276 927 4345 ita
953 4301 1019 4368 pro
1042 4272 1106 4345 ho-

156 4512 334 4632 ilrlli'aniel]
361 4509 405 4561 sie
420 4510 488 4560 lidii.
508 4509 600 4574 raet,
628 4509 704 4561 teet.
723 4513 752 4559 ct
772 4511 864 4573 1560.;
885 4509 934 4560 Ed.
956 4509 1031 4560 taso.
1048 4509 1107 4558 De-

187 4597 231 4633 nre
245 4598 261 4631 r.

152 4671 201 4729 td]
218 4668 300 4720 Gont.
319 4667 375 4716 les.
393 4666 438 4724 aa,
457 4664 500 4716 23.

152 4756 201 4815 rt)
217 4753 387 4806 contrectas
406 4747 623 4812 emphyteuticus
643 4762 665 4798 s.
683 4747 946 4810 emphyteuticarios
971 4749 1015 4795 est
1039 4758 1106 4796 con-

184 4827 307 4885 teretur,
336 4833 389 4883 quo
414 4832 469 4868 uua
491 4818 708 4869 contrahentium
726 4828 793 4878 pers
811 4818 846 4866 ad
864 4819 980 4865 aiteram
1000 4818 1107 4865 corrsert
1131 4821 1135 4877 l

1131 4882 1134 4983 Ι
1228 4927 1337 4964 caruem
1356 4911 1481 4960 corrviris
1500 4910 1698 4969 erateponebat,
1730 4910 1763 4956 oir
1788 4917 1867 4970 qrranr
1886 4898 1996 4960 hospitii
2016 4897 2145 4945 violatio-

186 4888 381 4955 emphyteusin
399 4887 416 4939 i.
431 4901 454 4937 c.
475 4887 516 4935 ius
533 4887 560 4934 in
578 4898 647 4948 agro
666 4896 733 4941 siro,
752 4885 825 4933 circa
843 4899 921 4933 usum
942 4885 980 4932 rei
1000 4887 1027 4932 et
1046 4886 1106 4931 iru-

184 4966 248 5012 ctns
265 4957 472 5021 percipiendos,
503 4970 561 5004 curn
580 4957 687 5016 pierrurrr
706 4958 761 5002 turn
781 4955 945 5003 dirrturrnurr.
989 4954 1030 5002 De
1049 4966 1106 5001 ern-

184 5029 345 5095 pap-renum
369 5027 429 5074 iure
452 5025 544 5088 egitur
567 5025 595 5072 in
621 5024 687 5073 cod.
708 5023 757 5072 iv.
786 5023 827 5071 tit.
847 5023 889 5071 oo.
926 5023 1023 5084 (corp.
1056 5022 1106 5069 iur.

186 5100 240 5150 civ.
258 5097 300 5146 etl.
319 5097 392 5144 Beck
412 5095 441 5143 Τ.
456 5092 486 5141 il.
508 5092 537 5141 Ρ.
552 5093 572 5143 Ι.
596 5107 621 5153 p.
640 5089 797 5157 titisqq.);
832 5090 894 5157 Cirr.
913 5091 959 5143 rr.
980 5091 1106 5139 Iiliilrien·

184 5167 284 5216 lrrucir:
323 5164 449 5212 doctriua
474 5162 681 5210 Pendet-tarum.
705 5161 767 5208 ¹r'ol
785 5160 814 5208 ll.
846 5161 943 5220 calcei.
974 5158 1108 5218 §.298-

184 5236 245 5286 wi.
264 5246 289 5296 p.
305 5232 358 5280 teo
372 5245 431 5293 sqq.
450 5231 514 5279 edit.
529 5233 571 5287 az
596 5231 683 5280 eirrsa.
703 5225 830 5293 ichriario
851 5228 894 5279 tec
907 5224 1107 5291 &afflictiones

184 5305 233 5359 eet
257 5292 341 5355 iiior.
366 5297 488 5364 birote..
506 5299 530 5349 2.
548 5296 625 5360 ituit.
651 5309 675 5349 e.
701 5297 752 5352 dt.
770 5294 969 5360 tricennaria
1004 5311 1027 5358 p.
1050 5300 1107 5345 rot.

185 5374 293 5433 afflue.
334 5368 416 5421 coos.
435 5370 516 5419 etiem
533 5370 568 5417 ii.
586 5370 635 5417 Ed.
653 5369 789 5419 Dictaea:
815 5366 944 5417 rostrante
961 5366 1106 5417 latinitetis

185 5441 304 5491 iorrtinrn
322 5438 393 5488 iuris
412 5438 502 5488 civilis
521 5438 704 5497 bunuorum
723 5450 748 5499 p.
763 5437 811 5489 ³21
827 5450 869 5498 sq.

1162 1199 1260 1266 tudo.
1312 1194 1395 1264 ldeo
1413 1195 1606 1290 antiquitas
1622 1209 1716 1264 certa
1729 1196 1902 1287 religione
1927 1197 2005 1266 iura
2025 1193 2145 1290 hospi-

1162 1298 1200 1366 tii
1232 1298 1359 1382 coluit,
1399 1312 1434 1368 et
1454 1299 1592 1368 addidit
1617 1299 1855 1383 ceremonias,
1899 1300 1997 1369 dedit
2019 1315 2144 1371 mutua

1160 1401 1278 1491 signo,
1321 1414 1355 1470 et
1378 1400 1416 1469 iu
1439 1402 1542 1471 bellis
1561 1404 1730 1492 parcebat
1751 1398 1881 1494 hospes
1910 1399 2063 1494 hospiti,
2105 1419 2145 1474 ut

1157 1504 1294 1574 Glauco
1303 1503 1494 1574 Diomedes
1509 1503 1808 1595 apudHomerum
1818 1503 1877 1599 ²⁰).
1911 1503 2145 1590 Benenato,

1160 1607 1254 1701 (19.)
1283 1607 1454 1698 scripturn
1480 1621 1548 1677 est:
1590 1607 1638 1678 Et
1666 1632 1730 1675 ros
1759 1621 1877 1676 amate
1903 1609 2146 1699 peregrinum,

1161 1710 1245 1803 quia
1263 1724 1297 1778 et
1311 1710 1378 1800 ipsi
1394 1710 1508 1780 fuistis
1531 1711 1689 1779 advenae
1711 1710 1750 1777 in
1773 1722 1866 1779 terra
1882 1709 2046 1803 Aegypti.
2098 1711 2146 1780 Et

1160 1814 1285 1882 Petrus
1316 1813 1447 1906 inquit:
1491 1811 1777 1903 Hospitalitatem
1801 1838 1846 1881 ne
1871 1812 2144 1884 obliviscamini.

1160 1917 1228 1986 Per
1243 1911 1335 1985 hanc
1350 1914 1446 1984 euim
1462 1917 1608 2008 quidam
1625 1928 1838 2007 exceperunt
1854 1915 2016 2005 angelos,
2040 1940 2143 2008 prae-

1161 2031 1212 2086 ter
1228 2020 1509 2110 expectationem
1527 2044 1627 2087 suam
1638 2016 1696 2112 ⁹¹).
1757 2017 1849 2086 Hinc
1866 2020 2046 2087 cimoliae
2065 2044 2143 2088 sen-

1161 2122 1289 2190 tentiae
1306 2135 1467 2190 veterum
1481 2121 1695 2211 scriptorum
1711 2134 1874 2212 acceptae
1891 2144 1910 2188 a
1932 2121 2059 2212 primis
2080 2145 2143 2212 pa—

1160 2224 1271 2294 tribus
1293 2225 1476 2315 leguntur:
1504 2220 1599 2304 Zetis
1621 2220 1659 2297 δ’
1687 2218 1909 2317 ἐπιτιμήτωρ
1917 2221 1964 2315 ⁹⁹)
1986 2217 2145 2295 ἱκετάων

1159 2354 1196 2398 ce
1212 2322 1342 2409 ξείνων
1356 2353 1395 2398 τε
1403 2326 1462 2420 ⁹³).
1514 2324 1619 2397 Item:
1647 2322 1761 2406 ξένοις
1775 2326 1946 2420 ἐπαρκῶν
1959 2330 2037 2398 τῶν
2051 2326 2146 2398 locria

1159 2423 1264 2523 τεύξῃ
1288 2424 1388 2503 πότε.
1446 2429 1494 2497 Et
1513 2429 1717 2499 immanitas
1741 2428 1954 2496 violantiunr
1979 2427 2057 2497 iura
2080 2424 2145 2498 ho-

1158 2531 1272 2622 spitii,
1300 2545 1442 2600 taxatur
1459 2528 1990 2623 vituperationeLestrygouum
1998 2530 2057 2625 ²⁴),
2077 2530 2144 2624 Cy-

1159 2637 1320 2725 clopum,
1344 2632 1520 2726 Lycaonis
1529 2635 1595 2728 ⁸²⁶),
1618 2632 1860 2727 Busiridisw).
1913 2632 2009 2700 Haec
2025 2644 2144 2702 vetera

1159 2739 1251 2805 dieta
1276 2750 1312 2807 et
1334 2738 1492 2829 exempla
1517 2737 1705 2826 diligenter
1730 2735 2018 2817 considerentur,
2052 2759 2144 2827 quae

1194 2964 1240 3033 18)
1259 2968 1412 3032 Xenophon
1431 2971 1458 3019 in
1477 2971 1633 3034 Cpropeed.
1653 2972 1713 3020 vii.
1738 2985 1761 3022 e.
1779 2972 1804 3020 5.
1830 2966 1916 3030 ets.
1940 2961 2003 3029 ἢτί
2018 2959 2145 3019 anorm-

1226 3050 1287 3119 oegrc
1305 3032 1342 3087 ἄν
1359 3034 1533 3122 τῆςαιὶρχῆς,
1558 3041 1583 3091 sl
1608 3037 1693 3108 μόνος
1718 3037 1833 3121 εἴμοιρρς
1858 3037 1912 3098 εἴης
1936 3033 2078 3098 ἑστίας,
2107 3024 2149 3086 erl

1227 3121 1307 3157 oves
1338 3104 1536 3174 ὄσιωτερον
1591 3113 1700 3174 optor
1732 3110 1769 3158 tr
1799 3101 2020 3225 evdpoinotr,
2066 3100 2149 3157 orire

1227 3170 1342 3242 ἥδιον,
1370 3173 1451 3229 orire
1470 3176 1692 3244 otneroespo'v
1709 3175 1808 3227 iem
1827 3168 1862 3223 od
1893 3174 1943 3236 ίνς

1195 3263 1240 3322 19)
1259 3264 1325 3312 Seii.
1345 3275 1362 3313 e
1380 3264 1446 3314 caio
1465 3263 1534 3314 iitrro
1555 3264 1574 3312 i.
1594 3264 1630 3312 ed
1648 3265 1736 3326 tegern
1755 3260 1807 3311 xii
1826 3259 2007 3316 ieiunorum,
2038 3255 2148 3317 uigent.

1226 3333 1260 3381 ll.
1278 3333 1357 3381 tite.
1378 3336 1477 3395 fragm.
1494 3335 1533 3384 ro.
1553 3333 1651 3393 (Corp.
1671 3335 1722 3382 iar.
1748 3332 1800 3378 (siv.
1827 3330 1868 3376 ed.
1886 3327 1961 3376 Beck
1983 3326 2051 3378 nl.
2076 3325 2106 3379 P.
2127 3324 2148 3376 l.

1227 3414 1253 3462 p.
1271 3401 1361 3458 im:
1392 3400 1522 3462 Plerique
1547 3403 1729 3462 putaverunt.
1755 3399 1858 3447 nntium
1883 3395 1916 3444 cie
1940 3396 2020 3443 domo
2043 3404 2094 3442 rna
2119 3391 2147 3440 in

1227 3471 1270 3517 ius
1289 3469 1380 3519 vocari
1400 3470 1500 3532 licere,
1519 3470 1582 3530 quie
1600 3471 1695 3519 doinus
1717 3468 1882 3517 tutissimum
1900 3463 1997 3525 cuique
2012 3461 2147 3524 refugium

1226 3543 1308 3599 atque
1326 3539 1525 3600 receptaculum
1544 3540 1597 3602 sit,
1616 3550 1743 3600 curaque,
1770 3535 1815 3598 qui
1833 3534 1895 3583 iude
1913 3532 1940 3580 in
1960 3534 2002 3580 ius
2022 3536 2148 3591 roraret,

1226 3608 1281 3655 viru
1300 3607 1405 3655 inferre
1422 3606 1519 3658 videri.

1192 3710 1241 3769 20)
1260 3712 1338 3760 lion.
1358 3709 1389 3763 li.
1406 3710 1453 3758 Vi.
1474 3708 1629 3763 tro-2³6.
1655 3708 1684 3755 in
1713 3705 1820 3767 proelio
1844 3701 1990 3752 Diomedes
2016 3703 2044 3750 et
2061 3700 2148 3750 Giarr-

1227 3793 1293 3840 cus,
1317 3780 1371 3829 dux
1394 3779 1554 3842 layciorum,
1577 3779 1613 3827 ad
1636 3780 1776 3826 certamen
1800 3772 1961 3836 progressi,
1991 3771 2150 3833 priusquam

1227 3861 1323 3901 marrus
1340 3851 1536 3911 correerereut,
1566 3850 1682 3908 paterna
1706 3847 1778 3894 inter
1803 3856 1833 3890 se
1857 3840 1977 3902 hospitia
1999 3839 2148 3893 recordati,

1227 3918 1301 3967 fecte
1317 3929 1455 3967 crinorum
1474 3917 1689 3978 permutatione,
1709 3916 1821 3965 dextras
1840 3911 1965 3972 irrngrnrt.

1192 4024 1241 4080 21)
1262 4023 1319 4071 lior
1338 4020 1436 4071 dictum
1454 4032 1508 4068 non
1526 4020 1663 4081 reperitur
1676 4019 1703 4068 in
1719 4017 1794 4067 Petri
1813 4014 1956 4077 epistolis,
1975 4011 2068 4060 sedin
2087 4009 2146 4070 epi-

1229 4091 1497 4208 ptolpptpd⁴iltpreeos
1518 4088 1559 4147 ta,
1578 4089 1622 4143 2.,
1643 4089 1743 4137 similis
1762 4091 1852 4135 tornea
1870 4081 2025 4130 adirortotio
2044 4079 2146 4142 iegitur

1246 4196 1252 4209 .
1335 4195 1341 4208 .
1374 4192 1382 4222 ,
1419 4196 1426 4211 .

1192 4262 1240 4319 22)
1260 4253 1288 4309 d’
1298 4253 1488 4378 δίζιιτιμὴῐωρ]
1513 4256 1552 4305 tic
1577 4258 1672 4316 iiom.;
1704 4257 1732 4304 in
1756 4255 1840 4304 Editt.
1864 4249 1951 4299 Elicio.
1975 4243 2147 4315 ἔπιτημὴῐωρ

1228 4343 1280 4382 our.
1329 4367 1336 4379 .

1193 4435 1241 4491 23)
1260 4434 1337 4483 llum.
1357 4431 1407 4481 od.
1425 4429 1473 4479 ix.
1492 4428 1551 4481 270.

1193 4539 1242 4595 24)
1262 4537 1472 4596 Laestrygones
1496 4531 1604 4581 incolae
1621 4540 1688 4579 orae
1705 4526 1860 4579 maritimae
1877 4524 1974 4574 itatiee
1992 4521 2148 4582 -entireopo-

1228 4605 1307 4668 phagi
1332 4604 1420 4655 scrisse
1445 4604 1610 4660 narrentur,
1643 4601 1721 4648 lions.
1748 4598 1798 4647 0d.
1818 4596 1853 4644 X.
1877 4590 2046 4653 ott-rae,
2077 4588 2146 4638 Piin.

1227 4677 1291 4725 trist.
1309 4678 1364 4722 iret.
1384 4672 1401 4724 l.
1418 4670 1478 4719 vlt.
1498 4670 1524 4730 S.
1538 4670 1565 4718 2.

1189 4779 1239 4837 2ὁ)
1256 4779 1389 4838 Lycaon,
1408 4771 1518 4835 Pelasgi
1536 4771 1625 4831 titius,
1642 4780 1691 4818 rex
1708 4767 1859 4820 Arcadiae.
1888 4764 1932 4827 qui
1953 4762 2076 4812 advenas
2096 4760 2146 4807 iro-

1228 4845 1366 4907 spitetiter
1384 4841 1490 4905 qrridenr
1508 4841 1674 4901 excipiebat,
1703 4841 1759 4886 tura
1781 4847 1847 4885 roro
1866 4834 1980 4883 rreeairet
1999 4840 2145 4888 eorrrrnqrre

1228 4997 1288 5033 uero
1307 4994 1324 5030 a
1342 4981 1406 5029 lore
1425 4979 1451 5026 in
1472 4980 1561 5039 iupunr
1580 4980 1699 5026 rnrrtntus
1727 4987 1792 5024 esse
1816 4971 1945 5035 fingitur,
1976 4966 2047 5015 cerri.
2068 4965 2145 5014 lirici.

1227 5055 1336 5102 Metam.
1355 5050 1374 5098 i.
1397 5046 1551 5097 too—24³.

1193 5154 1243 5212 26)
1261 5151 1381 5207 Busiris,
1391 5147 1660 5211 rexaegpptioron,
1671 5144 1716 5207 qui
1727 5158 1785 5193 erun
1795 5141 1918 5202 hospites
1927 5149 2023 5216 ornnes
2031 5132 2088 5185 lori
2097 5147 2148 5181 nn·

1227 5222 1361 5277 ructaret,
1393 5220 1428 5268 ab
1452 5218 1571 5267 lierrule
1595 5217 1622 5264 in
1645 5216 1802 5276 Aegyptum
1827 5210 1935 5267 deluto,
1967 5220 2009 5253 rur
2035 5204 2148 5253 errrrdenr

1227 5295 1332 5341 sortem
1350 5290 1481 5351 proterret.
1514 5297 1645 5335 urracam
1670 5282 1726 5331 tilio
1753 5280 1936 5343 tptridnnrarrte
1961 5278 1988 5322 et
2014 5283 2149 5333 praecone

1228 5359 1329 5410 Clreitre
1348 5357 1512 5407 interiectus
1538 5356 1589 5403 cst.
1634 5351 1712 5403 Cerri.
1732 5349 1857 5411 Apotiorl.
1877 5347 1908 5395 ii.
1927 5344 1955 5423 ζ),
1976 5343 2032 5401 it,
2060 5339 2150 5389 Seirai.

1228 5427 1355 5489 apollon.
1370 5427 1418 5489 iv,
1435 5424 1508 5473 1396.
1535 5422 1653 5471 itecrotr.
1672 5422 1729 5467 Sat.
1744 5420 1792 5469 i't,
1806 5417 1832 5467 7.
1859 5418 1879 5463 11
1883 5425 1960 5476 ‚egen
1975 5408 2028 5459 tao.
2043 5406 2146 5465 xxiii.

1451 5487 1536 5562 17*
