4544 5766
105 185 176 263 Μ
396 184 456 259 lX.
512 184 799 261 Eaauuaato
827 181 1089 259 natatoriis
1121 180 1372 259 CIOEROMS
1402 185 1504 259 Prto
1535 186 1811 261 MARCELLO.
2039 190 2122 269 Μ

201 360 289 451 Cap.
313 362 357 431 X.
398 357 429 450 ᾗ.
451 360 512 431 30.
554 365 720 432 Diversae
748 359 949 450 utrumn]
991 359 1085 429 Con·
1238 356 1324 449 Cap.
1346 356 1404 428 Xl.
1431 356 1461 448 ᾗ.
1486 361 1548 431 dd.
1572 365 1643 432 Sed
1664 362 1806 456 undeffl)
1827 374 1878 433 est
1900 364 1995 454 orsa]
2030 366 2121 435 Gran

105 461 213 531 clusio
238 459 343 534 buius
363 464 537 532 secundae
566 462 678 552 partis
701 461 890 532 orationis:
925 461 1016 531 Cum
1045 472 1086 530 tu
1136 456 1268 527 tiaram
1287 461 1392 531 actio.
1495 464 1554 534 Eje
1568 463 1770 556 omnium⁶⁸)
1791 465 1962 558 precibus]
1989 467 2122 539 Trans-

105 565 298 636 servaveris
335 590 401 636 nos
439 578 519 655 post
559 564 712 650 bellum,
762 565 923 659 sequitur
968 565 1085 655 ingra-
1136 559 1224 628 latio
1246 563 1291 630 ad
1315 587 1541 633 communem
1567 568 1803 636 securitatem.

105 679 177 735 tuni
220 670 317 751 sore,
366 668 395 738 si
438 667 517 760 quis
555 678 678 736 contra
723 681 755 737 te
790 667 925 760 aliquid
960 665 1086 735 molia-

105 782 161 838 tur
1170 727 1220 786 111)
1240 730 1296 781 Sed
1312 729 1402 789 sads]
1419 728 1526 780 111111.
1546 730 1714 795 01111.;1111.
1735 732 1809 786 1118.
1829 736 1885 787 Sea
1901 737 1934 786 111
1952 736 2035 788 sude.

1172 796 1223 854 aa)
1241 799 1382 859 1111111111]
1399 798 1440 848 uc
1457 798 1506 851 td.
1525 798 1630 863 0rstt;
1648 800 1696 854 Ed.
1719 803 1793 855 1118.
1814 804 1951 856 mter.

158 1321 197 1399 d.
250 1316 397 1393 anta
429 1317 854 1394 PA'RAPHRASIS
890 1318 1125 1396 PRIMAE
1161 1318 1386 1394 PARTlS
1419 1318 1600 1394 llUlUS
1635 1317 1980 1404 ORATIONIS
1998 1332 2056 1427 ³⁴).

207 1525 500 1617 propositio:
536 1524 715 1595 Hactenus
747 1550 827 1594 mea
857 1550 914 1596 me
944 1528 1089 1598 fortuna
1142 1526 1264 1620 possit.
1316 1526 1363 1593 a:
1384 1526 1490 1617 longe
1505 1527 1677 1599 maiorem
1696 1531 1846 1621 gloriani
1864 1538 2003 1627 peperit
2016 1532 2124 1610 bodie

104 1626 159 1699 bis
188 1629 326 1699 miseris
357 1641 392 1697 et
418 1628 588 1698 luctuosis
624 1626 840 1720 reipublicae
869 1628 1090 1721 temporibus
1142 1628 1302 1698 Marcelli
1328 1627 1523 1712 restitutio,
1551 1655 1658 1724 quam
1682 1633 1752 1702 ulla
1780 1659 1938 1731 unquam
1965 1641 2048 1709 belli
2065 1644 2125 1711 de·

105 1733 207 1802 silere
232 1731 357 1823 coegit.
410 1730 514 1802 Nunc
535 1730 694 1822 inaudita
720 1730 880 1800 Caesaris
902 1730 1089 1802 clementia
1143 1757 1238 1802 cora.
1313 1731 1448 1799 Ratio
1483 1756 1546 1823 per
1586 1735 1830 1807 collationem:
1875 1738 1997 1809 Animi
2032 1744 2122 1814 sacta

104 1835 316 1929 bonitasque
336 1859 394 1902 me
417 1858 436 1901 a
463 1835 558 1903 luctu
584 1846 727 1901 revocat
744 1833 795 1904 M.
812 1833 983 1904 Marcello
1001 1831 1091 1904 mibi
1141 1846 1326 1926 praestant
1357 1833 1582 1906 militaribus.
1643 1836 1734 1909 Nam
1766 1865 1982 1936 quamquam
2018 1870 2124 1917 nemo

106 1962 145 2006 ac
166 1937 291 2021 vobis,
317 1936 442 2006 Patres
464 1936 665 2027 Conscripti
679 1934 744 2032 ⁶⁵),
769 1936 946 2009 restituto.

205 2039 361 2107 Ratio:
398 2038 561 2109 Primum
604 2039 697 2106 enim
740 2039 809 2108 dici
849 2065 923 2109 non
962 2050 1091 2131 potest,

106 2155 259 2236 quantae
283 2141 459 2233 voluptati
481 2141 527 2211 sit
548 2137 639 2209 mibi
661 2142 839 2233 privatum
865 2143 1000 2212 socium
1019 2153 1090 2210 stu-

106 2245 248 2314 diorum
279 2269 442 2314 meorum
468 2258 502 2313 et
530 2240 636 2314 huius
666 2244 834 2313 curriculi
864 2241 954 2313 mihi
974 2243 1090 2326 reddi,

106 2372 177 2441 quo
219 2347 382 2416 adiutore
425 2343 578 2415 veterem
625 2348 764 2416 dicendi
797 2346 1089 2417 consuetudinem

105 2473 289 2520 renovem.
340 2449 640 2519 Distributio:
666 2449 713 2518 Et
734 2450 873 2543 publice
898 2450 937 2520 C.
960 2449 1091 2518 Caesar

106 2578 202 2645 spem
228 2553 332 2622 nobis
352 2551 458 2635 facis,
493 2577 573 2621 cum
588 2553 722 2622 doloris
743 2553 794 2623 tui
820 2552 949 2623 oblitus
971 2551 1090 2620 inimi-

107 2681 184 2726 cum
211 2656 351 2726 senatui
374 2656 574 2735 condonas;
597 2658 694 2741 sore,
721 2669 761 2724 ut
784 2679 885 2725 suam
907 2680 972 2749 per
988 2669 1022 2724 te
1037 2679 1090 2724 se-

104 2773 209 2828 natus
240 2758 466 2827 autoritatem
499 2758 660 2828 retineat.
724 2756 1040 2850 Amplificatio
1069 2782 1088 2824 a

105 2885 257 2954 persona
273 2861 445 2930 Marcelli.
496 2856 596 2931 Nihil
611 2862 771 2953 profecto
786 2861 957 2929 Marcello
973 2860 1090 2952 potuit

104 2989 167 3059 per
207 2988 352 3033 omnem
388 2964 497 3031 vitam
538 2959 831 3035 honorificentius
872 2965 1090 3055 contingere,

106 3083 136 3138 et
160 3079 261 3136 tanta
287 3079 429 3137 senatus
453 3090 534 3157 erga
558 3090 639 3135 eum
663 3067 929 3151 benevolentia,
963 3079 997 3135 et
1020 3061 1089 3134 hoc

105 3184 165 3241 tuo
191 3170 232 3240 C.
256 3168 386 3239 Caesar
400 3168 610 3260 gravissimo
625 3170 777 3254 iudicio,
804 3169 867 3264 qui
884 3182 1021 3239 tantum
1036 3169 1088 3237 illi

106 3274 282 3357 tribuisti,
320 3285 360 3341 ut
388 3272 551 3364 quamvis
582 3273 756 3356 offensus,
799 3273 935 3364 putaris
969 3285 1089 3340 tamen

104 3380 252 3446 domum
275 3400 348 3445 esse
363 3375 616 3445 revocandum.
668 3372 856 3445 Pathos:
882 3376 1027 3444 Accedit
1044 3376 1088 3443 ad

105 3480 286 3551 cumulum
317 3477 495 3547 felicitatis
528 3476 688 3546 Marcelli
718 3478 752 3546 id
786 3502 948 3572 quoque,
992 3481 1088 3572 quod

104 3606 142 3653 ex
164 3582 243 3652 eins
266 3582 456 3650 commodo
478 3606 616 3650 summa
643 3584 686 3649 ad
713 3605 836 3650 omnes
857 3580 990 3649 laetitia
1014 3604 1089 3648 ma-

104 3700 185 3769 nat,
229 3685 290 3779 qui
327 3695 516 3776 postquam
548 3684 657 3752 edidit
697 3678 765 3752 boc
794 3683 973 3776 specimen
1005 3706 1088 3754 suae

105 3787 313 3858 clementiae
337 3787 488 3870 Caesar,
521 3786 558 3854 in
591 3787 763 3880 optimam
795 3810 892 3877 spem
916 3788 960 3855 de
984 3810 1089 3878 repu-

104 3892 192 3961 blica
219 3890 393 3960 venimus.
445 3889 569 3982 Neque
590 3915 675 3959 vero
698 3885 753 3959 his
777 3889 1003 3981 amplissimis
1025 3884 1089 3957 ho-

105 3994 253 4065 noribus
276 3993 441 4083 indignus
464 4005 516 4061 est
538 3992 747 4075 Marcellus,
771 3992 843 4061 sive
864 3992 1002 4084 generis
1025 4014 1090 4059 no-

106 4098 300 4179 bilitatem,
334 4096 407 4165 sive
434 4095 651 4187 optimarum
677 4095 807 4164 artium
829 4096 965 4180 studia,
996 4119 1090 4164 sum-

106 4224 274 4293 mamque
289 4200 456 4266 virtutem
471 4210 616 4289 spectes.
667 4197 957 4288 Propositio:
984 4196 1089 4268 Nulla

108 4317 204 4373 tanta
232 4301 285 4371 vis
308 4298 461 4390 ingenii,
487 4299 584 4369 nulla
613 4313 685 4369 tarn
707 4300 864 4391 locuples
887 4300 1089 4393 eloquentia

107 4421 176 4489 est,
203 4427 296 4498 quae
319 4428 385 4495 pro
409 4403 538 4472 merito
562 4426 619 4475 res
645 4414 716 4470 ate
731 4403 818 4472 soris
834 4414 947 4493 gestas
963 4425 1092 4471 ornare

139 4624 283 4683 11111111
300 4619 477 4684 paraphrasis
496 4619 524 4668 tn
541 4617 592 4668 Ed.
613 4618 708 4681 tm,
726 4628 796 4680 quse
814 4617 875 4668 sote
893 4628 954 4670 ran
971 4622 1094 4687 praebet,

176 4695 217 4744 stc
235 4695 281 4742 est
302 4690 450 4752 inscripta:
478 4689 542 4739 Alta
558 4686 740 4750 perparuo
754 4687 860 4749 pm
877 4688 966 4750 pnrtts
983 4689 1011 4739 tn
1027 4702 1095 4742 ors-

176 4764 253 4813 ttone
271 4771 320 4822 pro
338 4760 375 4811 11.
394 4758 543 4821 Marcello,
561 4759 659 4806 autore
675 4755 742 4806 rati.
760 4756 823 4806 1111.
843 4757 916 4808 1119.

140 4848 191 4909 11)
210 4848 270 4898 nso
286 4855 370 4895 voces
388 4844 416 4893 tn
434 4842 484 4895 Ed.
506 4841 581 4892 1161
597 4839 718 4903 scupus
734 4842 798 4890 sunt
814 4853 864 4905 per
882 4843 979 4893 111111
996 4842 1026 4893 P.
1048 4843 1079 4896 t).

1143 1950 1344 2006 exterorum
1369 1960 1489 2028 regum
1501 1956 1516 2022 ,'
1544 1963 1650 2008 neruo
1672 1955 1876 2013 nostrorum
1907 1946 2037 2017 civium
2060 1975 2126 2021 un·

1143 2064 1249 2134 quam
1282 2038 1411 2122 suerit,
1450 2065 1556 2133 quem
1595 2067 1668 2112 non
1709 2057 1850 2116 anteeas
1881 2051 2126 2141 magnitudine

1142 2167 1261 2211 rerum
1290 2156 1491 2234 gestamm,
1534 2157 1656 2214 11111111
1696 2146 1733 2215 in
1769 2149 1973 2221 societatem
2012 2156 2126 2227 laudis

1142 2240 1248 2315 buius
1268 2245 1415 2314 veniunt
1444 2245 1592 2330 milites,
1625 2249 1722 2318 venit
1751 2250 1857 2320 etiam
1888 2255 2031 2326 fortuna
2063 2261 2126 2328 do·

1142 2346 1239 2415 mina
1275 2371 1415 2430 rerum,
1463 2373 1554 2441 quae
1587 2348 1752 2442 inprimis
1791 2353 1828 2422 in
1859 2355 1960 2427 bellis
1988 2374 2127 2431 exercet

1143 2449 1332 2540 imperium
1359 2474 1474 2519 suum.
1525 2451 1573 2519 At
1594 2453 1753 2523 animum
1775 2468 1880 2552 atque
1902 2458 2125 2533 iracundiam

1142 2551 1304 2657 vincere,
1339 2553 1520 2644 ignoscere
1544 2555 1768 2640 adversario,
1800 2582 1841 2627 ea
1867 2585 1952 2630 vero
1976 2564 2124 2657 propria

1142 2667 1200 2723 tua
1226 2655 1303 2725 laus
1326 2669 1389 2739 est,
1416 2680 1456 2723 ex
1477 2681 1546 2748 qua
1569 2681 1738 2749 arrogare
1760 2660 1827 2729 sibi
1851 2662 2008 2747 fortuna,
2035 2664 2125 2737 nihil

1142 2758 1330 2849 decerpere
1345 2757 1446 2827 miles
1461 2758 1583 2849 possit.
1634 2759 1952 2854 Amplisicatio
1977 2768 2125 2841 difficul-

1142 2872 1274 2930 tatum:
1307 2860 1482 2929 Maximas
1511 2861 1596 2929 citra
1631 2866 1910 2936 controversiam
1938 2893 1993 2940 res
2017 2874 2125 2944 armis

1142 2963 1288 3053 gessisti.
1341 2963 1408 3033 Sed
1432 2975 1484 3032 est
1505 2975 1624 3032 tamen
1656 2980 1782 3036 natura
1806 2993 1925 3039 rerum
1956 2973 2054 3059 talis,
2087 2987 2127 3046 ut

1140 3066 1249 3150 ferro,
1276 3079 1317 3136 ut
1341 3067 1375 3135 vi
1394 3066 1511 3158 frangi
1536 3068 1655 3137 omnia
1682 3074 1948 3169 expugnarique
1970 3092 2126 3168 possent.

1140 3167 1191 3236 At·
1220 3194 1322 3238 suum
1352 3169 1462 3261 ipsius
1497 3169 1657 3240 animum
1696 3173 1837 3245 vincere
1862 3181 2125 3270 propemodum

1141 3294 1249 3363 supra
1280 3285 1445 3342 naturam
1476 3274 1681 3344 mortalium
1714 3289 1776 3346 111.
1839 3277 1885 3347 Ε1
1914 3275 2012 3351 baud
2040 3284 2126 3370 scio,

1142 3398 1188 3441 an
1212 3398 1291 3444 cum
1314 3375 1387 3444 ullo
1412 3372 1668 3466 imperatorum
1692 3378 1853 3449 omnium
1875 3377 1967 3453 hanc
1981 3385 2125 3459 laudem

1142 3501 1367 3547 communem
1391 3472 1536 3547 babeas.
1589 3474 1682 3546 Mihi
1707 3481 1850 3574 quidem
1880 3482 1958 3556 Diis
1989 3486 2125 3558 similli-

1143 3602 1222 3648 mus
1252 3580 1336 3671 ipsis
1365 3580 1523 3663 videtur,
1569 3581 1597 3649 si
1629 3581 1707 3676 quis
1737 3595 1835 3653 tanta
1868 3589 2126 3679 magnitudine,

1141 3693 1241 3750 tanto
1264 3684 1394 3752 robore
1421 3681 1533 3751 animi
1556 3697 1626 3767 est,
1654 3696 1693 3754 ut
1707 3685 1808 3756 malit
1822 3687 2037 3762 incolumem
2054 3720 2126 3766 111-

1141 3808 1225 3853 vare
1246 3785 1453 3868 inimicum,
1480 3810 1588 3880 quarn
1611 3786 1816 3858 iracundiae
1838 3816 1975 3863 morem
1992 3806 2125 3887 gerere.

1142 3886 1406 3958 Conclusio:
1446 3884 1569 3984 ltaque
1601 3914 1657 3960 res
1690 3890 1836 3963 bellicae
1869 3908 1948 3965 111111
1971 3898 2125 3968 celebra·

1141 3992 1276 4061 buntur
1299 3992 1342 4059 ad
1364 4004 1526 4084 posteros
1549 3993 1710 4063 omnium
1740 3996 1896 4086 gentium
1925 3997 2051 4070 litteris
2074 4014 2126 4071 at-

1143 4117 1212 4188 que
1239 4093 1387 4186 linguis:
1421 4096 1483 4166 sed
1515 4095 1654 4180 nescio,
1694 4099 1877 4192 quomodo
1907 4102 2042 4191 gratior
2074 4116 2127 4175 est

1143 4197 1316 4267 memoria
1354 4221 1476 4268 earum
1505 4198 1697 4281 virtutum,
1732 4224 1821 4292 quae
1849 4198 2019 4273 victoriae
2052 4206 2125 4278 vim

1144 4312 1250 4395 atque
1271 4301 1443 4393 impeturn
1466 4300 1592 4370 lenisse
1616 4300 1792 4370 videntur.
1844 4293 1965 4397 Quare
1982 4332 2061 4377 cum
2080 4308 2128 4380 sit

1143 4414 1271 4472 natura
1296 4403 1451 4474 insolens
1475 4427 1514 4471 ac
1536 4400 1708 4494 superba,
1732 4400 1848 4474 Deum
1873 4407 2126 4498 immortalem,

1146 4530 1218 4601 quo
1231 4507 1349 4577 studio
1365 4504 1607 4590 incendimur,
1634 4518 1770 4599 quanto
1786 4508 1909 4578 favore
1924 4512 2126 4605 complecti-

1145 4634 1228 4678 mur
1260 4634 1340 4692 eos,
1379 4608 1441 4703 qui
1471 4608 1617 4677 modum
1648 4607 1703 4678 sui
1740 4607 1778 4676 in
1814 4611 1962 4683 victoria
1993 4611 2126 4688 habere

1146 4723 1316 4804 potuere,
1342 4734 1407 4779 nec
1433 4725 1484 4782 est
1506 4708 1692 4782 invenuste
1714 4712 1866 4784 dictum:
1899 4714 1962 4788 Bis
1985 4719 2126 4790 vincere

1148 4837 1248 4898 eum,
1275 4814 1335 4909 qui
1350 4836 1423 4884 sese
1436 4813 1561 4884 vicerit
1576 4813 1614 4883 in
1631 4813 1791 4887 victoria.
1842 4818 1920 4890 Huc
1935 4844 2045 4915 usque
2060 4832 2125 4897 etc.

964 5108 1272 5126 m
