4544 5766
762 166 901 242 arnt.
932 164 1048 242 ΜΕῙ..
1079 163 1283 241 SCRIPTA
1311 164 1647 245 PlllLOLOGlCA.
2128 172 2219 247 1248

309 362 395 453 Cap.
410 354 470 427 tv.
497 351 529 447 ξ.
546 351 582 422 9.
613 338 850 442 tolleman]
877 343 913 410 id
928 354 998 424 est,
1028 365 1102 411 non
1117 365 1192 412 sus·
1243 347 1396 436 gendum
1424 345 1670 436 naufragium,
1708 345 1806 438 qnod
1825 367 1926 435 passa
1950 357 2002 415 est
2028 344 2220 437 respublica

207 472 288 545 tulit
319 467 418 536 illam
446 457 703 549 suspicionem,
744 471 860 541 neque
894 444 1049 528 sedavit,
1089 443 1192 537 quasi
1243 449 1421 541 superiori
1437 473 1552 531 rinno,
1577 446 1726 530 scilicet,
1752 471 1831 515 cum
1848 471 1957 517 essem
1973 450 2064 519 exul.
2117 445 2221 539 Igitur

210 578 320 648 dicat:
354 559 627 658 Aliquantulum
654 550 803 645 aequior
825 548 892 616 luit
913 548 1056 636 negotio
1072 545 1194 615 Catili·
1245 563 1387 642 oportet
1410 576 1467 620 me
1487 552 1586 642 prins
1609 549 1724 619 dicere
1748 551 1791 617 de
1814 549 1882 619 illis
1906 550 2028 633 malis,
2050 574 2161 644 quam
2175 552 2220 620 di-

207 188 304 266 1247

210 679 332 757 naria,
359 684 394 739 et
410 664 562 735 multum
579 655 713 749 negotii
726 652 794 723 luit
809 651 977 737 collegam
993 649 1131 717 flectere
1155 648 1194 715 in

210 802 327 856 matun
349 768 571 844 senteutiam.
656 747 917 849 Coniuratio⁷)]
945 752 1076 822 scilicet
1099 751 1194 820 Cati·

208 882 350 961 linaria.
410 872 488 940 lloc
510 879 562 937 est
585 863 679 954 apud
698 854 915 927 Sallustium.
1000 845 1193 948 Familiam]

212 988 343 1063 scilicet
356 976 606 1070 gladiatorum.
634 961 705 1053 Ipsi
718 955 851 1029 habeut
863 955 1075 1047 gladiatores
1090 979 1194 1025 causa

212 1115 296 1166 suae
311 1076 526 1155 securitatis,
553 1083 588 1138 et
604 1079 644 1137 ut
657 1075 801 1156 paratos
816 1055 988 1127 habereut
1002 1060 1046 1125 ad
1065 1057 1196 1127 tumul·

212 1212 290 1275 tus,
323 1196 496 1255 ettamen
518 1169 770 1266 praetexebant
790 1164 905 1231 ludos.
991 1155 1194 1255 Conventus]

214 1304 278 1369 der
301 1285 439 1363 haulie,
471 1282 534 1348 der
559 1299 601 1341 zu
624 1270 766 1361 Capuae
788 1265 931 1357 gelegen
952 1262 1007 1332 ist.
1082 1266 1197 1332 Deca-

211 1381 451 1485 riorsesqare⁸)]
477 1376 713 1452 Decuriones‚
739 1368 796 1436 die
810 1360 1044 1435 Rathsherru.

316 1494 347 1585 ᾗ.
367 1491 426 1560 10.
452 1477 550 1578 Nau]
575 1469 807 1569 ἐπιφώνημα.
842 1466 1114 1537 Commendatio
1134 1490 1197 1533 au-

214 1620 287 1675 tem
301 1609 354 1667 est
366 1586 515 1669 decreti,
541 1581 639 1676 quod
652 1598 726 1645 non
741 1574 786 1643 sit
799 1584 976 1642 extortum
992 1568 1198 1651 ambitione,

216 1708 277 1779 sed
293 1701 338 1772 sit
354 1695 484 1764 virtute
495 1712 517 1771 ,·
530 1697 566 1754 et
580 1679 736 1750 maximo
752 1673 922 1745 beneficio
938 1685 1095 1764 partum.

318 1801 405 1890 Cap.
418 1795 462 1864 V.
489 1788 521 1881 ἓ.
539 1790 597 1859 ta.
626 1773 842 1873 Consecutus]
861 1775 991 1882 scilicet
1007 1787 1217 1875 postquam

213 1918 352 1988 Romae
384 1922 459 1968 non
490 1887 641 1981 amplius
680 1906 769 1972 opus
805 1876 994 1947 habuimus
1032 1871 1201 1967 exercitu,

217 2011 318 2112 quasi
333 2005 441 2074 dicat:
477 1996 567 2064 Cum
582 1985 713 2058 Sestius
736 1981 952 2063 advenisset,
986 1980 1112 2048 terruit
1136 1977 1199 2045 tri-

214 2126 350 2191 bunos,
376 2106 438 2197 qui
454 2123 509 2168 me
523 2090 673 2163 iu'cxitu
688 2085 889 2154 consulatus
904 2081 976 2150 mei
998 2082 1199 2173 opprimere

218 2217 398 2290 volebant.
464 2201 533 2270 Sed
561 2219 640 2265 cum
671 2186 866 2257 intercessit
886 2183 993 2266 Cato,
1034 2183 1201 2274 apparuit

216 2319 322 2396 nubis
337 2307 427 2380 nihil
443 2326 531 2396 opus
544 2321 616 2368 esse
632 2290 821 2385 praesidio.

322 2416 353 2507 ξ.
380 2412 437 2482 13.
484 2408 583 2475 llatue
615 2389 736 2489 initur]
785 2388 952 2458 Defensio
990 2389 1198 2457 trilumatus.

218 2517 387 2603 Defendit
403 2509 497 2581 enim
513 2530 569 2574 res
593 2502 630 2568 iu
652 2498 834 2567 tribunatu
849 2503 975 2581 gestas.
1051 2494 1199 2579 lrrtepri.

217 2625 292 2726 tas]
313 2624 436 2697 idest,
460 2610 528 2681 luit
543 2609 582 2675 in
602 2597 786 2695 provincia
807 2594 975 2685 diligens,
1009 2617 1083 2662 non
1105 2617 1200 2661 com-

219 2712 593 2832 pilavitprovinciam.
674 2694 814 2797 Veram]
838 2691 999 2811 Schema.

323 2827 411 2916 Cap.
426 2816 487 2888 Vl.
523 2811 555 2904 ἓ.
572 2810 631 2881 15.
666 2794 878 2895 Orationem]
906 2797 1000 2890 Qura
1019 2793 1108 2864 haec
1123 2817 1201 2862 ora-

219 2943 271 3012 tio
286 2927 475 3029 praecipue
492 2912 648 2988 delensio
664 2920 717 2978 est
733 2903 934 2974 tribunatus
951 2899 1074 2980 Sestii,
1107 2921 1202 2964 com-

219 3043 398 3114 memorat
420 3022 539 3094 omnia
564 3011 722 3087 consilia.
778 3004 972 3073 Accusatus
993 3016 1043 3071 est
1058 3002 1201 3081 Sestius,
1220 3017 1224 3028 ·

273 3143 319 3212 od
350 3135 389 3202 in
421 3129 604 3197 tribunatu
636 3111 773 3183 lecisset
806 3106 982 3201 quaedam
1020 3128 1084 3195 per
1117 3102 1203 3184 rim,

223 3242 367 3342 quando
387 3232 469 3300 tulit
480 3229 594 3317 legem
616 3220 659 3287 de
680 3212 882 3285 reducendo
898 3207 1085 3290 Cicerone,
1119 3204 1202 3310 quia

221 3170 271 3240 qu

220 3346 355 3421 Sestius
386 3347 421 3404 et
448 3330 538 3402 Milo
574 3323 793 3392 reduxerunt
822 3312 1041 3382 Ciceronem.
1108 3306 1203 3376 llaec

223 3433 515 3522 commemoratio
532 3423 724 3499 debet'esse
742 3416 940 3506 exemplum
959 3409 1139 3483 historiae.

325 3545 356 3638 ἓ.
372 3540 431 3614 14.
457 3523 655 3624 Hortensia]
682 3520 782 3619 quasi
800 3519 896 3587 dicat
913 3515 1123 3585 Hortensius
1148 3536 1204 3580 cx-

222 3652 343 3751 posuit
357 3658 467 3714 totam
485 3656 644 3712 causam,
672 3651 737 3718 ego
753 3634 891 3691 tantum
912 3633 1083 3710 repetam.
1130 3615 1204 3732 ΙΝΕ.

223 3759 315 3838 scio,
349 3772 396 3818 an
416 3746 569 3833 legatur:
603 3731 668 3801 uti.
753 3731 796 3796 ttr
816 3729 888 3795 eius
910 3717 1037 3818 oratio]
1071 3715 1203 3812 Phihl)

1245 678 1321 722 cam
1336 657 1380 724 de
1397 655 1590 723 tribunatu.

1347 757 1433 848 Cap.
1448 752 1523 827 Vll.
1559 752 1589 846 ξ.
1606 748 1666 823 15.
1705 757 1830 823 Fuerat
1850 757 1908 823 ille
1931 780 2043 826 anuas
2065 766 2219 849 tauquam

1244 863 1283 927 ia
1312 856 1499 956 republica]
1534 855 1627 927 Phil.
1658 855 1743 925 Mel.
1773 868 1891 925 censet
1922 857 2110 947 legendum
2141 881 2219 936 esse:

1246 973 1417 1054 tanquam
1441 955 1724 1054 reipublicae¹⁰).
1829 957 2073 1058 Truduatiane]
2108 962 2145 1029 id
2166 975 2221 1042 est,

1245 1057 1355 1131 homo
1378 1064 1507 1134 nobilis
1533 1061 1646 1132 voluit
1669 1060 1829 1150 cooptari
1859 1061 1897 1128 in
1925 1063 2101 1152 plebeiam
2128 1063 2222 1131 iami-

1246 1165 1342 1237 liam.
1427 1163 1600 1262 Hominis]
1626 1163 1758 1234 scilicet
1778 1162 1905 1232 Clodii.

1348 1267 1379 1359 ἓ.
1399 1269 1456 1339 16.
1489 1271 1596 1340 Solvit
1616 1269 1724 1337 audita
1746 1267 1853 1356 lepram
1876 1269 2006 1349 eonsrrl,
2042 1269 2096 1336 ael
2116 1280 2154 1338 tat
2172 1293 2220 1358 epa

1247 1373 1396 1442 arbitror
1411 1367 1682 1463 exhortamen),
1707 1370 1758 1435 rel
1769 1379 1806 1437 ut
1820 1392 1886 1437 raon
1902 1392 1995 1437 nemo
2007 1381 2145 1456 portaret
2163 1375 2221 1439 mi·

1249 1483 1343 1543 ratus
1354 1472 1424 1571 Ι1)]
1453 1469 1546 1542 Phil.
1568 1471 1652 1540 Mel.
1678 1471 1727 1538 sie
1752 1463 1848 1537 huuc
1878 1483 2010 1539 textum
2042 1472 2221 1561 legendum

1248 1599 1322 1643 esse
1337 1577 1528 1647 existimat:
1560 1573 1673 1644 Solvit
1698 1573 1815 1642 subito
1837 1572 1971 1664 legibus
1993 1574 2137 1657 consul,
2163 1576 2222 1656 rel,

1248 1691 1288 1747 ut
1312 1702 1376 1770 ego
1403 1680 1558 1747 arbitror
1580 1666 1762 1756 exoratus,
1802 1675 1860 1742 vel
1884 1689 1925 1744 ut
1953 1701 2060 1743 nemo
2090 1690 2222 1766 putaret

1249 1776 1338 1850 mihi
1359 1782 1481 1867 iratus.
1566 1774 1705 1875 constet]
1738 1777 1868 1846 scilicet
1892 1779 2066 1847 Gabinius
2090 1793 2126 1848 et
2148 1781 2221 1849 Piso

1248 1885 1393 1954 luerunt
1416 1883 1592 1963 consules,
1621 1881 1764 1974 quando
1781 1879 1904 1948 Cicero
1924 1881 1962 1948 in
1988 1881 2133 1950 exilium
2155 1885 2221 1974 pul-

1250 2012 1307 2057 sus
1324 1998 1386 2055 est.
1459 1982 1544 2081 Qui]
1571 1984 1702 2053 scilicet
1719 1983 1875 2051 Clodius.

1351 2087 1381 2179 ᾗ.
1406 2088 1465 2158 17.
1505 2081 1678 2182 Goaatrles]
1712 2085 1842 2154 scilicet
1863 2084 2056 2154 Gabinium
2079 2100 2115 2155 et
2134 2087 2224 2157 Piso-

1250 2217 1351 2275 nem,
1395 2192 1496 2286 quasi
1519 2190 1629 2258 dicat:
1677 2187 1950 2256 Valuit·alieuis
1978 2188 2138 2273 auxiliis,
2178 2191 2224 2257 rel

1251 2295 1390 2363 adiutus
1416 2307 1467 2363 est
1487 2317 1505 2360 a
1529 2292 1729 2360 consulibus
1755 2291 1791 2357 in
1824 2292 2012 2358 evertenda
2041 2293 2224 2383 republica.

1250 2396 1414 2495 Haece'ue]
1450 2394 1648 2484 Descriptio
1670 2395 1864 2462 consulum.
1932 2391 2000 2461 lsta
2024 2409 2109 2463 sunt
2134 2396 2225 2463 valde

1250 2499 1395 2584 florida,
1428 2512 1463 2569 et
1482 2497 1675 2589 plurimum
1703 2508 1995 2565 ornamentorum
2018 2493 2128 2566 hahet
2151 2494 2228 2568 haec

1252 2602 1380 2672 oratio.
1493 2596 1707 2696 Proditores]
1749 2599 1951 2680 Correctio,
1992 2601 2094 2693 quasi
2124 2602 2227 2670 dicat:

1251 2704 1334 2775 Non
1349 2706 1492 2773 fuerunt
1509 2702 1680 2772 consules.
1731 2701 1904 2771 Gabinius
1926 2702 1994 2770 suit
2016 2706 2152 2786 audax,
2185 2705 2229 2770 l·

1253 2807 1455 2889 cinorosus,
1481 2805 1620 2875 deditus
1641 2804 1743 2896 gulae
1766 2816 1800 2872 et
1825 2804 1958 2887 ventri,
1992 2807 2114 2899 quales
2135 2806 2228 2876 multi

1253 2923 1335 2980 sunt
1349 2910 1506 2989 nobiles,
1534 2908 1594 3001 qui
1614 2932 1687 2975 non
1702 2908 1844 2977 student
1861 2907 1996 2976 virtuti.

1356 3014 1441 3103 Cap.
1455 3010 1544 3078 llll.
1577 3008 1608 3100 3.
1625 3012 1683 3080 18.
1716 3014 1915 3098 Despiciam
1937 3007 2083 3081 samaias
2104 3021 2229 3099 darpra-

1254 3142 1329 3185 rum
1344 3142 1384 3185 uc
1399 3127 1522 3185 celeres
1538 3125 1714 3184 taxatores
1727 3114 1891 3183 aetatulae
1906 3138 2004 3195 suae,
2039 3112 2228 3204 pmeattau)

1253 3230 1284 3288 et
1295 3220 1543 3307 tacueratoram
1556 3219 1713 3306 praylius
1727 3227 1869 3284 verutus
1885 3227 1983 3308 atqare
1994 3215 2229 3307 percussusu),

1255 3322 1333 3390 olim
1355 3323 1529 3390 Ilbsaaleia
1544 3317 1589 3410 ¹⁶)
1613 3321 1669 3388 illa
1691 3324 1783 3387 aeris
1802 3320 1907 3386 alieni
1930 3323 1965 3386 ia
1993 3318 2083 3405 freta
2111 3323 2155 3387 ud
2183 3342 2229 3386 ca-

1254 3417 1683 3517 lamnamadlaeresaeret]
1710 3417 1801 3488 Phil.
1821 3419 1903 3489 Mel.
1930 3416 2023 3488 huuc
2048 3420 2166 3488 locum
2187 3419 2229 3485 ita

1254 3524 1417 3595 restituit.
1442 3571 1444 3574 >
1470 3524 1649 3593 Sententia
1675 3535 1792 3591 autem
1817 3536 1884 3590 est:
1918 3522 2092 3592 Gabinius
2118 3522 2229 3591 luisset

1255 3627 1472 3719 proscriptus
1496 3628 1534 3695 in
1556 3627 1742 3707 columna,
1779 3625 1901 3694 suisset
1926 3638 2049 3694 excitus
2072 3627 2229 3694 omnibus

1255 3730 1425 3814 l'ortunis,
1458 3730 1533 3799 eius
1554 3730 1649 3797 bona
1670 3727 1846 3797 venissent
1864 3730 1928 3796 sub
1947 3723 2060 3797 hasta.
2112 3728 2228 3797 Factus

221 3863 318 3934 hunc
335 3863 468 3923 textum
482 3843 531 3909 ita
552 3834 740 3925 tegendum
764 3839 896 3896 censel:
930 3838 971 3894 Ul
991 3826 1065 3893 01⁰8
1088 3820 1203 3936 0105?
1256 3845 1306 3903 est
1322 3833 1416 3901 enim
1432 3831 1574 3913 consul,
1601 3843 1635 3899 et
1651 3844 1735 3899 tunc
1761 3830 1918 3921 despexit
1936 3855 2078 3913 omnes,
2115 3831 2230 3923 quibus

222 3958 463 4037 defensionem
478 3967 552 4014 non
568 3938 675 4006 modo
692 3930 881 4001 criminum
898 3927 1205 3996 videreturconu-
1255 3937 1387 4005 debuit.
1436 3935 1522 4007 ,Fuit
1535 3934 1734 4015 obaeratus,
1759 3947 1794 4001 et
1809 3934 2037 4003 credidissent
2052 3958 2148 4016 cum,
2172 3932 2229 4000 uisi

222 4089 328 4144 nere,
354 4051 535 4128 sedetiam
551 4032 868 4124 memoriadigna,
893 4029 1043 4128 scilicet,
1070 4028 1205 4096 videre·
1257 4035 1468 4128 confugisset
1493 4040 1538 4106 ad
1562 4036 1825 4125 magistratum,
1858 4039 1920 4106 ubi
1943 4049 2084 4128 poterat
2108 4037 2228 4127 compi-

224 4188 285 4242 Μ
309 4177 343 4235 01
362 4150 577 4249 reipublicae
600 4140 852 4235 capessendae,
893 4145 956 4201 etc.
1062 4123 1204 4224 Tacent]
1256 4143 1341 4211 lare.
1443 4134 1641 4236 Perculsae]
1669 4139 1792 4207 vexirt.
1894 4135 2006 4236 Prata]
2040 4139 2125 4208 Fuit
2146 4142 2226 4207 locus

223 4264 427 4344 Praefatio,
451 4253 636 4326 moderate
652 4243 770 4313 dicam
788 4239 849 4307 illa
867 4233 1022 4326 negotia.
1104 4239 1147 4302 Ul
1169 4236 1206 4301 ln
1256 4243 1404 4311 Romae.
1480 4236 1674 4337 Nesauleia]
1709 4242 1839 4312 scilicet
1863 4243 2093 4311 foeneratori.
2152 4242 2224 4311 Pro-

225 4368 319 4469 eam]
345 4357 540 4436 Correctio.
590 4347 761 4417 lnvadere
776 4343 870 4414 ultro
888 4333 1079 4431 grassantis
1094 4347 1145 4403 est
1161 4336 1206 4402 ad
1258 4344 1331 4436 digi
1356 4346 1499 4414 luerunt
1529 4345 1688 4413 infames.
1793 4342 2075 4443 Adhaeresaerat]
2113 4345 2223 4416 scilicet

226 4477 392 4568 aliquem.
455 4460 640 4530 Incurrere
664 4462 783 4518 autem
805 4458 857 4514 est
886 4467 969 4512 casu
990 4442 1027 4508 iu
1052 4437 1206 4530 aliquem
1258 4474 1339 4517 cum
1364 4448 1516 4517 multum
1542 4450 1686 4515 deberet
1708 4446 1759 4513 illi
1775 4446 1982 4529 Nesculeio,
2015 4448 2148 4517 scilicet
2167 4450 2222 4516 loe·

224 4576 392 4650 incidere.

326 4671 358 4766 ἓ.
375 4664 434 4743 15.
462 4650 629 4755 Consilia]
654 4655 690 4723 id
707 4665 776 4734 est,
802 4648 848 4719 ad
867 4669 1090 4716 communem
1115 4640 1207 4712 salu-

226 4800 310 4856 tem.
391 4760 552 4860 Versata]
579 4758 679 4855 quasi
701 4756 811 4825 dicat:
839 4751 916 4820 Hoc
938 4749 1022 4818 lecit
1045 4749 1089 4816 acl
1111 4743 1208 4814 colli-

228 4927 432 4960 .-----

259 5036 291 5094 6)
310 5018 478 5081 Volataral]
496 5010 537 5063 sia
552 5007 603 5059 ttt.
620 5004 711 5069 1568.;
734 5002 785 5055 nt.
804 5000 890 5054 orell.
908 4999 1057 5054 uolitaret

260 5121 293 5181 7)
312 5100 503 5168 cantarana]
522 5094 562 5146 sic
573 5090 623 5144 ut.
636 5089 730 5149 itaer,
747 5086 818 5151 aptet
829 5085 988 5137 Ciceronem
1003 5081 1121 5148 legitur:
1138 5092 1209 5131 caa-

260 5180 554 5335 8)·¹llehldlibhemu]
584 5249 653 5299 haue
677 5242 733 5296 Cic.
763 5253 857 5291 vocem
889 5241 957 5292 huic.
972 5241 1053 5290 uotae
1078 5238 1138 5300 ipse
1160 5236 1210 5286 at·

297 5332 403 5396 scripsi.

262 5432 294 5486 9)
312 5419 380 5474 l‘tatl.
400 5409 565 5464 Melanthon.

1258 4552 1428 4621 neratori.
1515 4545 1732 4646 Venditalat]
1766 4549 1895 4618 scilicet
1918 4552 2040 4621 serris.
2103 4552 2222 4643 Operae

1259 4726 1461 4742 ...ιι-.-

1295 4824 1341 4881 10)
1360 4821 1551 4885 retpalllcae]
1570 4820 1619 4869 hos
1636 4819 1685 4869 ltu.
1703 4818 1790 4868 orell.
1808 4816 1835 4865 in
1855 4820 1931 4866 textu
1949 4816 2039 4868 h'ataet.
2057 4846 2061 4852 -

1294 4910 1340 4967 u)
1358 4908 1545 4965 eatrartatuc]
1563 4905 1613 4956 Ed.
1632 4903 1718 4955 orell.
1737 4906 1885 4954 eaerulus.
1968 4944 1974 4953 .

1294 4997 1340 5054 12)
1357 4995 1498 5054 mtratua]
1516 4993 1566 5042 Ed.
1580 4991 1667 5043 oren.
1686 4992 1756 5040 natat
1775 4993 1881 5041 tratur.

1295 5083 1341 5140 13)
1358 5081 1498 5146 putealia]
1516 5079 1565 5129 Ed.
1586 5077 1673 5130 orell.
1689 5077 1812 5140 puteali.

1294 5169 1340 5222 tt)
1359 5166 1483 5281 eruptus
1510 5167 1598 5228 atque
1618 5162 1789 5226 peramans]
1822 5160 1870 5210 Ed.
1900 5158 1987 5210 orell.
2008 5144 2134 5239 lanatus
2155 5164 2222 5223 atam

1326 5246 1413 5298 percu
1426 5247 1485 5282 sos.
1774 5264 1777 5268 -

1297 5322 1344 5380 lb)
1362 5320 1529 5379 Nacratem]
1548 5319 1596 5368 uu.
1611 5317 1698 5368 orell.
1716 5329 1752 5367 ue
1764 5316 1902 5375 scultare.
1925 5340 1955 5354 ⁴—
1980 5315 2043 5377 de.
2063 5318 2159 5369 oreltti
2174 5318 2221 5364 ncta

1330 5390 1392 5440 crit.
1410 5388 1445 5437 ad
1463 5391 1534 5439 burra
1551 5390 1639 5438 locun
1658 5390 1824 5447 corruptum.
