4544 5766
120 163 215 239 1271
610 230 613 237 .
679 160 809 259 ritu.
840 162 955 239 MEL.
986 158 1188 237 SCRIPTA
1220 159 1554 234 PHILOLOCICA.
1779 210 1786 223 ·
1841 212 1844 217 -
1909 190 1912 195 ’
2027 158 2119 232 tata

223 334 310 427 Cap.
340 333 397 408 ΙΙΙ.
441 333 472 428 ὃ.
495 337 531 411 7.
570 331 778 436 Syracusas]
829 337 923 431 Quia
954 336 1004 405 ibi
1030 336 1098 405 luit
1149 334 1310 405 consules
1331 334 1521 405 voluerunt
1553 358 1682 404 vocare
1709 346 1909 404 senatorem
1932 335 2122 402 detrectari·

127 451 305 533 quaestor.
1149 450 1240 520 tem,
1264 451 1477 529 acceperunt
1498 438 1646 530 pignus,
1672 433 1788 507 haben
1809 433 1921 506 ihuen
1938 437 2056 506 lassen
2072 434 2122 503 ein

229 536 261 630 ξ.
281 540 315 610 8.
341 535 512 639 Edictum]
537 542 670 613 scilicet
684 545 727 612 de
741 542 946 635 provinciis.
1014 546 1098 611 Edi·
1149 541 1258 632 pfand
1273 540 1395 630 geben.
1432 543 1590 632 Cestio]
1617 540 1653 609 id
1668 553 1731 623 est,
1756 539 1914 609 volentes
1928 538 2078 608 veniunt
2090 537 2121 606 iu

126 638 230 741 num]
265 641 357 737 Quia
380 643 511 714 Brutus
534 656 569 714 et
592 645 731 716 Cassius
755 647 898 716 fuerunt
918 656 1099 735 praetores
1151 642 1302 732 gratiam
1328 666 1471 727 eorum,
1497 643 1626 738 quibus
1650 643 1933 712 decernebantur
1953 639 2121 732 supplica-

127 745 276 829 urbani‚
302 758 336 813 et
359 747 501 816 luerunt
523 759 661 817 tantum
686 748 797 818 edicta
821 745 1014 817 iudicialia.
1151 745 1276 816 tiones.
1335 742 1405 815 lsta
1434 769 1490 816 res
1520 746 1589 816 luit
1617 742 1823 816 honorifica.
1928 744 2121 835 nnumin]

229 846 315 939 Cap.
330 844 389 918 IV.
416 843 447 938 ἓ.
463 846 498 920 9.
530 856 640 946 Atque
654 875 711 941 epo
726 845 895 948 celeriter]
921 849 1100 917 Hactenus
1152 847 1283 917 scilicet
1304 847 1399 916 ultro
1420 848 1580 919 veniunt.
1680 851 1784 941 Min]
1805 847 1936 917 scilicet
1957 845 2121 929 Antonio,

129 950 314 1042 descripsit
339 950 558 1020 occasionem
580 954 652 1023 sive
677 977 818 1023 causam
833 953 979 1033 reditus,
1004 975 1100 1020 nune
1153 948 1254 1044 quasi
1274 949 1384 1018 dicat:
1409 950 1583 1022 Excusavi
1604 975 1673 1020 me.
1774 950 2011 1041 Aedificatam]
2040 947 2122 1018 scili

129 1053 172 1121 de
195 1053 324 1127 reditu.
428 1047 521 1150 Vidi]
549 1054 680 1126 Plenus
712 1069 764 1125 est
792 1055 925 1125 doloris
955 1055 993 1121 in
1024 1054 1100 1144 ipsa
1153 1064 1207 1120 eet
1238 1052 1427 1123 Ciceronis.
1542 1056 1625 1139 Quis
1654 1054 1781 1144 autem]
1820 1051 1875 1122 De
1907 1050 1985 1143 ipso
2017 1074 2122 1120 more.

128 1155 334 1225 brevitate.
387 1150 497 1252 Facti]
521 1157 651 1227 scilicet
666 1158 917 1228 intersectionis
931 1155 1101 1226 Caesaris.
1153 1155 1409 1244 Argumentum
1433 1179 1452 1223 a
1475 1157 1658 1225 communi
1679 1155 1950 1226 consuetudine:
1977 1152 2063 1226 Non
2080 1167 2124 1223 est

128 1253 181 1325 lta
206 1257 395 1349 cogebatur
416 1258 554 1349 publice
585 1260 698 1329 dicere
721 1261 842 1330 Cicero
878 1274 912 1330 et
935 1259 1103 1352 probare,
1152 1283 1230 1328 mos
1246 1271 1445 1327 senatorem
1461 1259 1532 1327 alio
1548 1260 1656 1327 modo
1674 1282 1817 1348 cogere,
1844 1280 1952 1351 quam
1968 1256 2124 1347 pignore,

132 1364 229 1452 quod
254 1363 383 1429 factum
411 1373 473 1430 est.
1154 1373 1216 1429 aut
1238 1360 1363 1448 gratia.
1453 1355 1613 1452 coenet]
1640 1361 1677 1428 id
1700 1373 1770 1443 est,
1795 1359 1948 1430 vocavit.
2034 1360 2124 1430 Mul·

235 1458 265 1551 §.
284 1464 342 1534 10.
367 1455 517 1558 Pisonis]
543 1462 675 1532 scilicet
688 1466 731 1533 de
747 1464 965 1556 deponendis
983 1463 1103 1534 armis.
1152 1457 1271 1560 ulmi]
1315 1461 1446 1531 scilicet
1472 1464 1722 1553 pecuniarum,
1756 1487 1832 1532 non
1859 1473 2050 1555 propterea
2080 1460 2124 1528 vis

134 1559 267 1661 Oratio]
299 1564 429 1634 scilicet
456 1566 500 1633 de
529 1565 722 1637 retinendis
754 1567 791 1637 in
823 1569 909 1638 urbe
932 1567 1047 1636 Bruto
1069 1578 1105 1634 et
1155 1564 1187 1633 ei
1210 1565 1367 1636 affertur.
1465 1567 1675 1656 demisisset]
1708 1561 1951 1658 Reprehensio
1972 1569 2123 1634 senatus

134 1664 266 1736 Cassio.
317 1664 358 1737 L.
379 1666 463 1737 Piso
481 1665 526 1760 16)
555 1668 622 1738 tuit
653 1681 757 1739 autor
789 1670 902 1762 pacis,
938 1683 974 1739 et
1004 1692 1105 1740 socer
1156 1667 1316 1737 consulti.
1367 1664 1511 1758 Colligit
1536 1679 1653 1736 autem
1674 1666 1778 1751 inde,
1811 1670 1909 1761 quod
1937 1665 1986 1736 sit
2007 1677 2124 1734 contra

134 1764 304 1838 Caesaris.
402 1769 569 1858 Pertinere
581 1766 645 1869 ¹⁷)]
670 1771 801 1843 scilicet
823 1796 990 1843 revocare
1013 1771 1105 1842 Bru·
1155 1769 1375 1860 religionem.
1424 1768 1629 1838 Parentalia
1643 1769 1843 1861 significant
1857 1768 2016 1852 inferias,
2043 1791 2126 1860 quae

132 1881 207 1941 tum
231 1884 266 1939 et
289 1868 459 1943 Cassium.
1156 1867 1332 1941 habentur
1354 1871 1522 1954 mortuis,
1553 1870 1773 1945 Todtenfest.
1822 1870 1887 1942 Illa
1910 1884 1995 1941 suut
2018 1868 2126 1939 irreli-

234 1969 266 2063 ἓ.
294 1974 351 2043 11.
378 1976 541 2059 Quoniam
561 1970 749 2073 utriusque]
777 1974 867 2045 Cum
884 1978 1000 2046 oratio
1017 1970 1105 2045 haec
1156 1974 1275 2065 giosa‚
1303 1974 1410 2044 simul
1424 1973 1580 2068 aliquem
1597 1977 1733 2045 afficere
1754 1977 1822 2047 isto
1845 1971 1983 2044 honore
2004 1995 2124 2064 paren-

135 2074 181 2146 sit
203 2074 342 2159 senilis,
369 2087 403 2143 et
426 2071 555 2144 habeat
574 2101 656 2148 suos
677 2102 817 2161 sensus,
850 2103 1003 2173 suosque
1029 2103 1106 2147 mo·
1156 2076 1300 2160 talium,
1334 2089 1370 2145 et
1392 2079 1580 2146 decernere
1601 2078 1886 2169 supplicationes.

134 2190 210 2259 tus,
257 2177 336 2246 finis
365 2177 438 2248 eius
479 2178 546 2246 erit
584 2175 780 2271 patheticus
820 2193 855 2249 et
894 2177 1104 2251 rhetoricus.
1258 2178 1344 2271 Cap.
1357 2177 1416 2249 Vl.
1444 2176 1475 2269 ᾗ.
1492 2180 1551 2249 13.
1575 2183 1790 2273 Parentalia]
1815 2181 1854 2250 id
1868 2191 1932 2262 est,
1956 2176 2125 2248 funebria.

135 2277 268 2349 Omnia
296 2291 412 2348 autem
446 2281 649 2351 brevissime
686 2284 872 2367 dicuntur,
911 2296 946 2353 et
984 2297 1106 2353 tamen
1155 2285 1399 2374 inexpiabiles]
1416 2282 1451 2350 id
1467 2295 1530 2365 est,
1546 2282 1713 2367 nefariae,
1734 2308 1825 2378 quae
1842 2282 1987 2352 irritant
2003 2278 2126 2362 Deum,

135 2380 357 2465 suavissime,
382 2407 456 2452 non
476 2395 559 2453 sunt
572 2387 764 2475 pendentes
777 2386 983 2457 sententiae.
1034 2385 1105 2455 Ab·
1157 2397 1303 2475 propter
1319 2411 1406 2478 quas
1420 2383 1528 2455 sumit
1536 2383 1632 2456 Deus
1644 2385 1995 2478 suppliciumdetoto
2006 2405 2125 2474 genere

135 2483 250 2555 soluto
278 2484 356 2554 loco
387 2485 442 2555 sui
471 2485 640 2559 discessus
668 2502 704 2557 et
730 2488 885 2573 reditus,
923 2515 1018 2561 nunc
1049 2513 1106 2558 ex·
1157 2481 1326 2557 humano.
1425 2490 1613 2579 Religionis
1627 2486 1690 2584 10)]
1722 2486 1918 2560 insectatur
1941 2488 2126 2555 decretum.

134 2587 291 2677 postrdat
314 2611 393 2658 cum
415 2587 593 2673 Antonio,
625 2594 720 2684 quod
750 2614 824 2660 non
854 2594 1027 2685 receperit
1049 2619 1107 2664 ex·
1156 2591 1256 2658 Nileil
1269 2592 1357 2681 dico]
1370 2586 1601 2680 παρένθεσις,
1618 2590 1718 2684 quasi
1734 2592 1845 2662 dicat:
1871 2605 2000 2661 utnon
2016 2588 2126 2656 dicam

136 2688 374 2773 cusationem,
420 2717 492 2784 quo
530 2691 648 2763 minus
684 2694 822 2765 venerit
857 2693 895 2764 in
932 2708 1106 2769 senatum.
1157 2689 1299 2759 interim
1317 2690 1831 2766 Caesaremiureintersectum
1848 2718 1935 2776 esse,
1960 2705 2127 2784 tanquam

134 2791 311 2863 Antonius
331 2792 473 2887 quidem
492 2794 531 2864 in
553 2796 717 2868 omnibus
737 2796 887 2887 negotiis
907 2799 1106 2870 civilissime
1158 2805 1369 2886 tyrannum,
1392 2804 1428 2862 et
1448 2794 1643 2880 netarium,
1668 2809 1807 2868 tantum
1832 2798 1950 2879 abest,
1980 2805 2023 2862 ut
2045 2791 2128 2862 divi·

137 2893 241 2984 gessit
254 2919 291 2966 se
313 2896 559 2989 obtemperans
574 2901 725 2970 senatui.
777 2899 865 2970 Cum
883 2913 1001 2971 autem
1019 2902 1107 2971 vidit
1158 2920 1223 2967 rios
1246 2891 1400 2967 honores
1430 2910 1621 2968 mereatur.
1678 2899 1880 2993 Metalepsis
1908 2920 1975 2991 per
2008 2918 2129 2965 conse·

136 2996 329 3067 desiderari
358 2997 562 3084 Caesarem,
595 3015 629 3072 et
655 3002 771 3096 coepit
800 3003 994 3094 respirare,
1028 3005 1108 3074 tulit
1159 3023 1288 3092 quens,
1313 2999 1410 3070 aliud
1430 2998 1610 3093 loquitur,
1633 3012 1668 3070 et
1688 3002 1785 3074 aliud
1805 3003 1882 3074 vult
1902 2997 2071 3090 intelligi,
2095 3019 2129 3065 er

137 3099 318 3173 seditiosas
333 3101 425 3192 leges
442 3105 486 3172 ad
501 3102 640 3174 animos
655 3107 751 3197 vulgi
767 3103 834 3176 sibi
856 3107 1107 3179 conciliandos.
1129 3108 1136 3224 ]
1158 3101 1203 3171 ist
1224 3102 1307 3170 iibel
1326 3103 1476 3194 geriist„
1497 3097 1567 3172 hoc
1593 3115 1664 3186 est,
1695 3129 1735 3173 er
1763 3101 1827 3175 hat
1856 3102 1979 3193 wenig
2005 3102 2127 3191 genist.

136 3199 177 3271 lu
199 3215 322 3273 senatu
343 3216 459 3274 actum
485 3218 536 3275 est
555 3206 709 3298 primum
733 3211 777 3278 de
792 3209 1107 3299 supplicationibus
1156 3206 1323 3296 Stirpem]
1351 3202 1482 3275 scilicet
1509 3204 1560 3276 M.
1584 3204 1729 3281 Brutus.
1828 3206 2019 3300 Religione]
2055 3202 2128 3272 Pri-

138 3305 366 3376 decernendis
395 3304 547 3377 Caesari.
596 3307 734 3380 Deinde
767 3336 910 3405 quoque
940 3315 984 3382 de
1011 3336 1106 3383 nova
1158 3331 1257 3377 mum
1285 3304 1427 3378 Caesari
1449 3309 1581 3377 sactum
1603 3320 1674 3393 est,
1707 3321 1747 3382 ut
1767 3306 1907 3380 homiui
1931 3306 2047 3378 divini
2068 3300 2126 3374 ho-

137 3407 277 3477 decuria
301 3408 469 3481 iudicum.
521 3409 643 3481 Cicero
666 3438 740 3483 non
763 3415 861 3484 venit
881 3415 918 3484 in
933 3427 1107 3501 senatum,
1158 3434 1263 3479 nores
1287 3411 1570 3481 decernerentur.
1670 3415 1906 3504 Sepulchrum]
1939 3409 2033 3504 Quia
2057 3431 2128 3476 ror·

137 3506 205 3580 hoc
232 3512 324 3582 male
354 3507 479 3584 habuit
501 3512 709 3589 Antonium.
812 3513 992 3615 Quoniam]
1018 3518 1108 3589 Pro·
1158 3536 1224 3603 pus
1246 3509 1320 3582 eius
1347 3513 1415 3583 fuit
1442 3524 1649 3585 crematum.
1750 3515 1973 3607 Parentetur]
2005 3511 2041 3578 id
2070 3522 2129 3592 est,

136 3612 277 3704 positio.
1158 3626 1199 3684 ut
1227 3627 1388 3686 cantetur
1417 3614 1450 3683 ei
1479 3615 1658 3711 requiem,
1696 3618 1742 3686 da
1769 3641 1853 3685 man
1886 3611 1961 3684 ihm
1992 3608 2128 3683 msirhte

242 3714 327 3806 Cap.
346 3715 389 3786 V.
414 3712 444 3807 §.
462 3719 520 3789 11.
547 3723 636 3806 Quia
653 3725 804 3815 tandem]
829 3720 991 3794 Primum
1005 3746 1108 3815 argu.
1158 3717 1302 3808 vigilien
1317 3713 1448 3788 halten.
1550 3723 1619 3810 Epo
1634 3722 1726 3812 sero]
1750 3719 1851 3813 quasi
1866 3719 1979 3788 dicat:
2005 3714 2128 3786 Timeo

138 3829 297 3893 mentum
322 3816 579 3905 insectationis,
616 3848 687 3917 quo
708 3824 857 3893 Antonii
879 3826 1107 3896 autoritatem
1158 3821 1337 3904 futurum,
1369 3834 1409 3892 ut
1428 3819 1524 3890 Deus
1545 3820 1671 3913 puniat
1700 3822 1785 3893 istas
1812 3847 1924 3893 novas
1944 3818 2128 3918 religiones

136 3923 261 4004 elevat,
282 3919 430 4012 petitum
449 3935 533 3995 esta
548 3947 652 3995 causa
670 3950 812 4011 morae,
825 3953 948 4022 quare
970 3930 1110 3999 licuerit
1159 3922 1257 3993 clade
1279 3923 1398 4018 aliqua
1422 3921 1580 4015 publica:
1608 3948 1691 4016 ergo
1717 3947 1782 4016 ego
1806 3923 1970 3997 dixissem
1995 3934 2129 3991 contra-

137 4025 170 4103 ei
189 4025 328 4107 abesse,
355 4024 455 4118 quasi
478 4026 588 4096 dicat:
613 4026 697 4100 Non
718 4028 784 4099 fuit
807 4043 905 4100 tanta
928 4055 1044 4117 causa,
1069 4045 1109 4102 ut
1159 4026 1249 4095 riam
1271 4023 1493 4110 sententiam,
1518 4039 1559 4095 ut
1580 4027 1772 4118 potuissem
1796 4051 2052 4109 macrensem,
2078 4047 2130 4091 ine

139 4151 196 4203 me
224 4129 423 4218 oportuerit
452 4130 584 4201 adesse.
683 4135 741 4202 An
768 4136 850 4228 non]
895 4131 1108 4204 Extenuatio
1159 4153 1234 4199 non
1256 4153 1329 4199 esse
1349 4141 1511 4199 autorem
1544 4129 1696 4200 cladium
1727 4131 1962 4222 publicarum.
2062 4131 2129 4196 lm-

139 4254 180 4305 ex
194 4226 371 4314 antithesi,
411 4232 488 4303 uasi
501 4257 586 4303 vero
602 4235 709 4306 fuerit
721 4258 887 4327 magnum
899 4234 1109 4327 perieulum.
1157 4236 1306 4323 pendant
1318 4231 1382 4329 ’')]
1408 4228 1615 4324 Impendlre
1630 4257 1697 4325 pro
1711 4232 1915 4325 impendere
1932 4231 2127 4326 promiscue

138 4335 283 4426 Pyrrhi]
314 4258 472 4425 Pyrihus
495 4359 575 4406 cum
590 4337 702 4409 victus
716 4350 824 4422 esset,
849 4338 962 4409 voluit
985 4364 1109 4432 pacem
1160 4347 1352 4426 usurpatur
1373 4359 1479 4426 saepe
1502 4360 1522 4405 a
1546 4334 1728 4406 Cicerone.
1771 4335 1902 4408 'Noluit
1916 4349 2039 4404 tamen
2056 4355 2129 4402 cor·

139 4435 253 4505 lacere
288 4459 369 4508 cum
404 4439 538 4530 populo
568 4438 754 4524 Romano,
794 4441 931 4534 Appius
946 4441 991 4537 ¹⁸)
1024 4468 1109 4513 vero
1160 4437 1273 4529 rigere
1301 4437 1345 4508 D.
1372 4435 1465 4509 Phil.
1481 4438 1529 4533 ¹¹)
1556 4438 1763 4530 impendant
1796 4464 1862 4532 pro
1892 4438 2128 4530 impendeant.

141 4536 303 4608 dissuasit
332 4532 423 4609 banc
459 4564 594 4633 pacem.
667 4543 823 4638 Antiqua
863 4540 1009 4618 historia
1047 4559 1109 4619 est.
1159 4533 1353 4637 ignoscam]
1378 4540 1414 4611 id
1437 4554 1508 4623 est,
1534 4543 1691 4613 decretas
1707 4540 1791 4613 istas
1806 4567 1919 4613 novas
1933 4540 2129 4633 religiones.

140 4631 282 4725 Senem',
306 4642 466 4736 delatum]
491 4644 621 4715 scilicet
642 4646 763 4717 lectica
785 4646 823 4716 in
844 4661 1017 4720 senatum.
1263 4639 1295 4732 §-
1318 4642 1377 4716 14.
1411 4648 1499 4731 Quid
1506 4638 1524 4712 l
1546 4649 1586 4714 ds
1606 4638 1763 4743 reliquis]
1796 4638 1939 4736 πάθος,
1971 4668 2044 4740 quo
2075 4664 2127 4712 res

241 4739 273 4837 §.
290 4745 349 4817 12.
374 4749 429 4815 De
442 4749 751 4842 supplicationibus]
776 4750 906 4821 scilieet
921 4754 1111 4822 decernen-
1160 4741 1325 4816 nonnihil
1341 4759 1539 4841 augeretur.
1607 4749 1702 4821 Mili
1715 4739 1808 4845 vera]
1823 4741 1932 4842 πάθη
1943 4742 2128 4843 sumpta')

139 4847 193 4920 dis
208 4858 351 4920 mortuo
367 4846 521 4923 Caesari.
620 4856 699 4926 Non
718 4855 930 4948 pignoribus]
956 4854 1110 4950 Quando
1161 4874 1203 4919 ex
1225 4848 1312 4921 locis
1342 4849 1608 4934 communibus,
1639 4873 1681 4919 ex
1708 4849 1824 4920 officio
1853 4850 1958 4930 fortis
1986 4862 2023 4925 et
2051 4870 2129 4921 con·

176 5094 224 5153 16)
240 5094 273 5146 1..
291 5086 454 5154 calpurnius
472 5086 538 5142 Piso
558 5089 746 5157 cusoribus,
769 5093 803 5144 ets
819 5104 873 5158 qno
890 5091 952 5144 vlits
969 5093 1068 5147 orettlt
1086 5098 1113 5146 et
1197 5106 1244 5163 19)
1262 5103 1441 5172 melotam]
1458 5102 1501 5157 ste
1515 5103 1567 5156 Est.
1586 5103 1679 5168 tatas
1694 5102 1745 5156 Ed.
1763 5101 1850 5160 orell.
1866 5104 2035 5171 retentasse.

206 5159 309 5215 “1⁸¹¹
327 5161 468 5214 ΨΜ·
485 5161 600 5213 *uffin-
616 5161 648 5212 Ρ·
663 5161 697 5211 ¹l
714 5176 741 5225 1³·
761 5163 812 5215 ¹²⁸
828 5177 871 5228 ⁵⁴¹·
1193 5192 1242 5251 so)
1259 5192 1445 5258 sannam]
1462 5189 1505 5242 ne
1519 5189 1570 5242 ns.
1589 5190 1681 5255 essen
1697 5189 1748 5242 ra
1767 5190 1852 5245 orsu
1868 5191 2059 5256 manns.

176 5265 223 5326 17)
240 5260 394 5330 Psrflems]
410 5260 452 5312 sto
468 5264 519 5315 Ed.
537 5263 633 5330 meg
649 5263 700 5317 tte
718 5262 805 5316 orell.
820 5262 997 5332 medenent-
1192 5277 1244 5337 2¹)
1260 5274 1329 5329 anu
1345 5274 1510 5328 nonnum.

177 5365 222 5424 18)
238 5367 308 5429 Atat.
324 5360 455 5415 cunetas
471 5365 577 5421 caseus
592 5363 650 5420 vll.
667 5375 753 5433 sopra
768 5378 796 5432 p.
813 5365 889 5420 itta.
1192 5361 1243 5426 m
1259 5366 1382 5429 empta]
1398 5362 1449 5418 Ed.
1465 5361 1544 5421 iffi
1563 5372 1659 5417 enata
1674 5364 1802 5430 inagna
1820 5360 1931 5427 sumpti.
