4566 5760
47 212 97 285 37

50 381 159 453 versis
182 380 311 450 amissa
332 400 394 470 spe
411 377 592 447 commodi
613 390 750 447 rectum
766 375 812 447 sit
827 374 960 445 amicos
977 374 1037 444 de-

49 510 187 566 serere,
214 483 252 550 in
266 478 321 552 his
338 481 505 551 omnibus
517 480 610 550 ratio
627 479 706 550 sani
719 474 877 547 hominis
892 476 1037 561 iudicat,

50 600 144 659 recte
166 586 368 655 iaciendum
390 608 485 665 esse,
511 582 650 652 etiamsi
671 593 924 651 removeantur
942 605 1038 648 com-

49 692 160 761 moda
184 702 218 758 et
243 687 412 779 pericula.
463 684 529 756 Est
546 685 655 776 igitur
677 684 896 776 explodenda
913 680 1037 775 opinio

50 791 217 886 Epicuri,
244 789 454 882 praesertim
478 813 497 857 a
523 783 753 870 Christianis,
780 812 860 856 cum
877 779 1039 854 Christus

51 910 129 967 tum
144 895 256 964 multa
274 894 317 962 de
333 916 436 960 cruce
451 889 702 972 concionetur,
726 901 762 957 et
774 902 896 957 tamen
910 886 1039 957 scimus

51 998 196 1068 interim
210 997 306 1064 bona
324 993 486 1086 corporis
501 1017 565 1062 suo
580 992 660 1060 loco
675 1004 770 1061 recte
786 990 915 1083 expeti,
927 989 1038 1059 modo

51 1114 93 1172 ut
109 1101 333 1202 praeferatur
348 1096 474 1166 virtus.

10 1272 20 1411 ἱ
49 1288 169 1380 αἰσίου
189 1296 383 1394 probanda
399 1298 611 1370 Stoicorum
635 1297 760 1387 optato
776 1291 846 1389 8⁴),
874 1299 939 1389 qui·
954 1316 1041 1367 coa·

47 1483 56 1509 .,
137 1418 305 1494 tendunt
327 1416 422 1490 attat
446 1412 704 1503 essebonum,
734 1423 891 1508 praeter
908 1413 956 1509 35)

445 1529 654 1608 uirtutem?

160 1710 257 1780 Haec
287 1708 448 1803 quaestio
477 1719 617 1777 tantum
643 1703 803 1775 continet
836 1717 1042 1774 controver-

57 1816 150 1887 siam
178 1814 222 1882 de
255 1812 442 1883 vocabulo.
492 1809 587 1881 Nam
609 1807 720 1878 Stoici
749 1807 881 1891 vitam,
908 1809 1042 1876 bonam

58 1916 321 1999 valetudinem,
357 1938 460 2006 opes,
488 1923 739 1983 concesseruut
765 1935 838 1981 esse
860 1935 917 1980 res
940 1934 1043 2002 expe-

57 2022 202 2103 tendas,
230 2018 390 2088 sednon
414 2015 622 2087 tribuerunt
646 2014 696 2084 eis
718 2012 807 2082 boni
835 2012 1043 2105 appellatio-

57 2150 162 2207 nem,
199 2135 235 2190 et
264 2121 478 2189 vocabulum
510 2117 598 2187 1)οηί
625 2116 720 2186 male
750 2115 1043 2208 interpretantur.

56 2228 143 2299 Non
165 2238 284 2295 autern
305 2223 406 2292 decet
426 2222 543 2291 bonos
568 2219 664 2290 viros
680 2242 796 2289 serere
817 2213 1044 2319 λογομαχίας

59 2331 106 2398 ad
141 2327 406 2397 conturbandus
438 2319 606 2394 honestas
638 2321 838 2414 opiniones.
898 2320 1042 2390 Bonum

59 2430 236 2524 significat
259 2430 297 2498 in
318 2423 547 2520 philosophia
572 2424 718 2518 proprie
744 2423 958 2494 conveniens
981 2447 1045 2491 na-

60 2548 175 2605 turae.
233 2533 298 2601 Est
318 2531 427 2621 igitur
449 2530 580 2622 duplex
599 2529 754 2596 bonum:
781 2528 918 2595 bonum
942 2537 1046 2593 natu-

60 2639 156 2718 rale,
182 2633 221 2702 id
244 2646 315 2715 est,
339 2657 396 2701 res
424 2629 639 2700 conveniens
666 2630 712 2697 ad
738 2626 1045 2696 conservationem

61 2752 235 2819 naturae,
256 2760 319 2806 seu
333 2746 418 2802 nata
433 2734 479 2803 ad
494 2733 630 2800 bonum
646 2755 770 2811 usum,
793 2742 834 2799 ut
850 2729 958 2811 cibus,
983 2752 1046 2818 po-

63 2857 141 2923 tus,
167 2841 263 2908 bona
280 2836 467 2918 valetudo,
494 2859 598 2925 opes,
621 2832 782 2924 imperia.
816 2831 874 2901 Sic
890 2830 1047 2923 appella-

63 2945 115 3013 tio
137 2939 227 3010 boni
248 2938 406 3031 continet
429 2962 485 3007 res
507 2935 644 3007 dubias.
696 2933 817 3004 Altera
838 2932 1046 3024 significatio

65 3060 118 3117 est
144 3048 281 3114 bonum
303 3041 459 3124 morale,
486 3038 584 3133 quod
609 3037 719 3108 estin
742 3035 941 3106 actionibus
964 3059 1048 3105 eon-

29 3165 32 3169 ’
65 3148 212 3218 veniens
235 3156 402 3227 naturae,
429 3141 560 3211 iudicio
575 3141 718 3219 mentis·
769 3138 846 3207 Hoc
860 3119 969 3207 modo
987 3161 1048 3229 ap-

65 3251 212 3345 pellatio
240 3247 327 3317 boni
351 3243 548 3326 intellecta,
574 3234 714 3321 taintum
742 3240 915 3332 signifieat
935 3236 1049 3309 hone-

65 3369 180 3437 stum,
205 3352 273 3422 tale
288 3350 425 3418 bonum
439 3348 515 3417 sola
531 3330 720 3441 virtusi‘gst.
761 3341 802 3411 ln
815 3343 923 3414 sacris
937 3342 1050 3412 literis

65 3459 204 3533 bonum
228 3451 414 3546 tripliciter
439 3448 659 3540 intelligitur.
682 3460 697 3497 *—
710 3447 874 3516 Primum
897 3471 964 3540 pro
995 3469 1051 3528 ee,

68 3560 167 3654 quod
193 3570 245 3628 est
262 3553 444 3625 conditum
465 3564 500 3621 et
514 3551 719 3620 ordinatum
743 3548 868 3618 aDeo.
920 3547 1051 3618 Huius-

66 3662 170 3732 modi
190 3673 274 3733 sunt
297 3656 439 3739 omnia,
465 3678 557 3748 quae
581 3665 756 3723 vocantur
776 3653 872 3720 bona
888 3664 1051 3721 naturae.

67 3765 162 3836 Nam
179 3787 302 3834 omnes
319 3772 502 3829 creaturae
518 3756 714 3826 destinatae
729 3767 813 3824 sunt
829 3755 875 3823 ad
896 3753 1052 3846 aliquem

68 3891 174 3936 usum
190 3881 225 3936 et
240 3861 546 3934 conservationem
567 3871 729 3928 naturae.
781 3857 964 3938 Secundo,
989 3855 1053 3923 bo·

69 3992 159 4038 num
174 3968 345 4059 significat
361 3957 583 4060 ἀδιάφορον,
611 3961 735 4045 idest,
759 3983 963 4029 concessum
977 3959 1053 4047 lege

69 4070 152 4143 Dei.
201 4068 252 4139 lta
274 4069 410 4137 bonum
435 4064 665 4155 intelligitur,
691 4088 771 4133 cum
789 4062 908 4155 inquit
921 4061 1054 4130 Paulus

71 4174 198 4271 (Rom.
222 4169 290 4255 14,
311 4170 406 4267 21.):
446 4168 591 4238 Bonum
613 4178 665 4239 est
685 4161 825 4235 homini
847 4189 924 4235 non
939 4187 1054 4233 comc-

72 4281 157 4350 dere
184 4298 340 4347 carnem.
390 4271 457 4341 Hic
476 4273 612 4363 bonum
637 4269 834 4360 opponitur
857 4263 1053 4360 prohibito.

73 4379 220 4464 Tertio,
246 4380 383 4447 bonum
404 4373 578 4463 significat
598 4372 755 4442 actiones
780 4370 940 4454 virtutis,
968 4392 1056 4462 quas

72 4482 171 4553 Deus
190 4478 382 4576 praecipit,
408 4500 471 4546 seu
493 4500 595 4546 veros
617 4476 731 4546 cultus
745 4472 833 4557 Dei,
858 4471 1056 4566 etquidem

73 4597 281 4680 praeceptos
303 4609 323 4650 a
336 4580 434 4662 Deo,
459 4591 500 4647 ut
521 4579 616 4670 apud
636 4573 871 4670 Prophetam:
904 4574 983 4644 Hoc
1006 4585 1058 4642 est

72 4692 211 4759 bonurn
233 4685 416 4756 ambulare
446 4705 568 4750 coram
592 4680 690 4765 Deo,
723 4693 759 4749 et
779 4679 905 4749 timere
928 4677 1058 4746 Deum.

73 4791 170 4865 Nolo
194 4802 313 4860 autem
333 4784 470 4879 prolixe
494 4785 648 4853 refutare
664 4783 821 4866 Stoicos,
844 4805 925 4850 cum
948 4792 984 4850 et
1005 4803 1059 4849 sa-

75 4919 157 4964 crae
180 4893 324 4974 literae,
350 4902 384 4958 et
406 4886 606 4957 communis
622 4910 739 4956 sermo
764 4886 925 4954 tribuant
940 4882 1060 4975 appel-

74 4996 248 5067 lationem
261 4991 351 5062 boni
364 4992 469 5060 rebus
487 4989 644 5060 utilibus.
693 4985 772 5057 lmo
786 4986 855 5080 ipsi
869 4984 978 5056 Stoici
999 4987 1060 5053 ad-

76 5100 246 5172 diderunt
260 5094 517 5165 correctionem
540 5117 604 5162 suo
620 5091 822 5184 paradoxo,
849 5089 933 5185 quia
949 5090 1061 5158 faten-

78 5257 280 5274 ......-.-..

112 5338 163 5396 ao
180 5319 295 5401 opina]
314 5332 355 5384 uc
372 5332 439 5385 raa.
461 5333 534 5384 saco.
552 5314 583 5381 α’
598 5332 692 5396 raam
709 5331 760 5381 ua.
780 5329 857 5380 raas
873 5330 1029 5383 senata.

113 5440 165 5502 aa)
179 5438 311 5504 aanor]
330 5435 372 5487 uc
388 5435 456 5487 rao.
476 5435 550 5486 roco.
569 5437 599 5486 et
616 5435 711 5501 rum
733 5433 784 5485 ra.
804 5431 879 5485 aare
896 5433 965 5487 aar.

610 202 639 276 t
669 199 1021 277 PHILOSOPHIAE
1046 198 1259 274 nonnus
1281 200 1510 275 ΕΡΙΤΟΜΕ.

2017 209 2068 281 88

1088 387 1146 445 tur
1166 374 1390 461 retinendam
1413 400 1487 446 esse
1509 377 1742 463 sententiam,
1769 383 1867 474 quod
1881 380 1982 451 utilia
1998 382 2069 453 sint

1088 503 1152 548 suo
1178 479 1257 548 loco
1281 480 1495 570 expetenda,
1521 478 1601 548 ideo
1626 481 1872 572 excogitarunt
1889 483 1986 554 aliud
2006 510 2070 554 vo·

1089 581 1274 664 cabulum,
1298 581 1462 650 videlicet
1483 580 1715 679 προηγμένα,
1743 586 1780 654 id
1798 602 1869 671 est,
1896 589 2069 678 praelata.

1088 681 1163 752 lam
1178 679 1237 753 hic
1251 683 1280 753 si
1294 708 1465 777 quaeras,
1493 708 1602 777 quare
1620 685 1722 755 utilia
1738 688 1810 757 sint
1823 691 2070 783 praeferenda,

1090 799 1209 855 tamen
1233 787 1494 857 decurrendum
1516 786 1585 854 erit
1607 787 1654 856 ad
1677 813 1838 861 eausam:
1874 791 1959 888 quia
1986 816 2070 861 con-

1089 889 1236 957 veniant
1254 901 1414 961 naturae.
1466 888 1564 957 Haec
1585 902 1637 960 est
1659 903 1778 962 autem
1801 894 1960 965 definitio
1983 896 2073 965 boni

1090 991 1322 1083 generaliter,
1366 992 1463 1087 quod
1493 990 1540 1063 sit
1571 1016 1628 1062 res
1663 996 1876 1069 conveniens
1910 1010 2071 1068 naturae.

1089 1094 1291 1164 Retinenda
1312 1106 1364 1163 est
1387 1094 1495 1185 igitur
1510 1092 1709 1166 Aristotelis
1726 1098 1873 1183 divisio,
1900 1101 1962 1195 qui
1975 1102 2072 1170 1)οηί

1091 1210 1195 1267 vocat
1212 1222 1288 1266 non
1302 1198 1412 1267 modo
1429 1197 1618 1281 virtutem,
1640 1200 1701 1267 sed
1719 1200 1825 1269 etiam
1840 1227 1896 1273 res
1917 1203 2021 1274 utiles
2038 1214 2075 1272 et

1091 1325 1235 1385 suaves,
1266 1323 1391 1369 verum
1415 1302 1545 1390 gradus
1569 1298 1663 1370 facit.
1713 1301 1858 1374 Bonum
1882 1302 2074 1376 honestum

1092 1415 1215 1485 vocat,
1240 1405 1499 1495 quodpropter
1514 1426 1587 1472 sese
1602 1407 1838 1495 expetendum
1855 1421 1926 1492 est,
1953 1420 2076 1502 estque

1092 1506 1168 1576 sola
1199 1504 1312 1574 virtus
1342 1505 1478 1574 bouum
1511 1501 1720 1590 honestum,
1752 1533 1817 1580 seu
1845 1512 2004 1596 morale,
2035 1522 2076 1581 ut

1093 1609 1184 1694 alias,
1201 1619 1370 1689 vocatur,
1401 1602 1515 1677 ethic
1538 1607 1667 1697 gradus
1688 1604 1797 1680 habet
1818 1639 1999 1684 summum
2022 1613 2076 1682 lo·

1093 1736 1186 1781 cum.
1226 1709 1440 1801 Oppositum
1458 1721 1510 1781 est
1527 1709 1652 1779 vitium
1671 1735 1734 1782 seu
1750 1716 1957 1807 turpitudo,
1984 1739 2076 1810 quae

1094 1826 1243 1883 vocatur
1268 1813 1403 1883 malurn
1435 1811 1472 1881 in
1502 1837 1631 1903 genere
1658 1839 1821 1900 morum,
1849 1819 1911 1887 sed
1940 1819 2077 1887 malum

1095 1918 1231 2007 eulpae.
1282 1913 1420 1984 Deinde
1434 1916 1572 1985 bonum
1585 1915 1672 1985 utile
1692 1930 1744 1986 est
1760 1943 1816 1988 res
1830 1933 1980 1990 naturae
1994 1944 2079 1989 con-

1094 2019 1240 2089 veniens
1271 2018 1317 2087 ad
1347 2017 1507 2109 corporis
1537 2021 1863 2105 conservationem,
1905 2047 1996 2117 quae
2026 2035 2079 2092 est

1095 2120 1291 2214 expetenda
1312 2133 1461 2213 propter
1483 2120 1599 2206 aliud,
1624 2122 1756 2193 scilicet
1780 2150 1864 2194 usus
1888 2150 2012 2208 causa,
2038 2137 2080 2194 ut

1094 2227 1190 2294 bona
1215 2223 1402 2308 valetudo,
1435 2222 1529 2306 vita,
1564 2248 1649 2314 opes
1678 2238 1744 2296 etc.
1795 2226 1940 2297 Bonum
1972 2252 2079 2297 suave

1095 2341 1149 2402 est
1163 2340 1353 2418 cognatum
1371 2324 1471 2408 utili,
1495 2321 1670 2417 significat
1687 2330 1783 2398 euim
1801 2329 1857 2413 id,
1884 2333 1982 2424 quod
1998 2331 2080 2398 ideo

1096 2429 1291 2523 expetitur,
1319 2428 1402 2522 quia
1428 2428 1532 2497 affert
1552 2430 1670 2499 sensui
1693 2442 1755 2499 aut
1770 2432 1892 2501 animo
1907 2433 2081 2502 iucrmdos

1096 2545 1226 2603 motus.
1278 2529 1375 2598 Haec
1388 2531 1481 2613 duo,
1503 2531 1634 2600 scilicet
1648 2531 1735 2602 utile
1753 2546 1787 2603 et
1802 2558 1929 2619 suave,
1952 2559 2081 2604 vocan-

1097 2648 1156 2703 tur
1189 2626 1401 2726 ἀδιάφορα,
1433 2634 1532 2723 quod
1560 2634 1688 2701 attinet
1715 2637 1761 2701 ad
1786 2660 1896 2723 genus
1926 2662 2082 2707 morum.

1097 2737 1315 2829 Quanquam
1329 2732 1437 2822 igitur
1454 2757 1529 2801 non
1543 2747 1627 2804 stmt
1640 2736 1734 2803 bona
1750 2737 1947 2822 moraliter,
1962 2752 2085 2806 tamen

1098 2851 1182 2909 sunt
1200 2849 1331 2906 natura
1349 2859 1406 2903 res
1429 2836 1565 2919 bonae,
1592 2838 1638 2905 ad
1653 2863 1737 2906 usus
1760 2839 1900 2932 aliquos
1918 2853 2084 2932 expeten-

1098 2943 1163 3011 dos
1195 2951 1313 3008 natae.
1372 2935 1589 3030 Oppositum
1614 2951 1666 3008 est
1694 2940 1829 3009 malum
1853 2966 2011 3033 poenae,
2044 2955 2086 3013 ut

1099 3044 1206 3134 vulgo
1231 3042 1448 3134 loquuntur,
1463 3040 1571 3109 iuxta
1597 3042 1687 3110 illud
1711 3038 1792 3136 (les.
1814 3041 1884 3127 45,
1899 3043 1970 3140 7.):
2008 3044 2086 3136 Ego

1099 3171 1179 3217 sum
1195 3143 1292 3212 Deus
1306 3142 1438 3212 faciens
1453 3166 1598 3234 pacem,
1623 3156 1659 3212 et
1673 3168 1797 3215 creans
1811 3147 1960 3218 malum.
1996 3144 2087 3217 Item

1101 3248 1240 3344 (Amos.
1265 3246 1308 3328 5,
1327 3243 1397 3340 6.):
1425 3245 1508 3315 Non
1530 3245 1598 3314 erit
1612 3247 1748 3316 malum
1771 3248 1971 3319 incivitate
1990 3252 2088 3345 quod

1101 3376 1177 3421 non
1192 3348 1301 3419 faciat
1314 3346 1504 3416 Dominus.

1205 3450 1302 3519 llaec
1319 3450 1449 3519 usitata
1472 3448 1652 3519 distinctio
1668 3453 1890 3522 observanda
1906 3466 1977 3538 est,
2004 3455 2091 3548 quia

1102 3567 1138 3625 et
1152 3555 1190 3622 in
1203 3548 1431 3645 philosophia
1448 3553 1599 3633 morali,
1625 3565 1661 3621 et
1675 3554 1713 3622 in
1731 3555 1905 3646 religione
1922 3556 2091 3626 constitui

1104 3668 1247 3749 oportet
1268 3655 1418 3746 gradus,
1443 3664 1484 3723 ut
1508 3653 1679 3739 sciamus,
1706 3681 1797 3750 quae
1818 3682 1875 3728 res
1894 3659 1966 3729 sint
1988 3683 2092 3752 expe·

1103 3759 1252 3841 tendae,
1286 3771 1321 3826 et
1351 3782 1423 3851 quo
1448 3757 1595 3840 ordine,
1627 3782 1693 3828 nec
1722 3761 2013 3852 applaudendum
2039 3774 2093 3831 est

1103 3862 1174 3932 illis
1205 3860 1408 3931 crudelibus
1432 3859 1681 3951 opinionibus,
1709 3888 1801 3955 quae
1826 3867 1967 3956 fingunt
1990 3864 2094 3935 utilia

1104 3990 1181 4036 non
1204 3988 1279 4033 esse
1306 3964 1523 4054 expetenda,
1549 3963 1641 4033 sicut
1664 3963 1874 4038 Aristoteles
1902 3967 2030 4050 sensit,
2045 3978 2094 4059 ⁸et

1106 4067 1253 4163 quidam
1277 4065 1356 4148 alii,
1380 4066 1442 4159 qui
1462 4089 1585 4134 rerum
1613 4067 1807 4152 delectum,
1832 4083 1873 4139 ut
1889 4070 2014 4139 Cicero
2040 4069 2094 4137 lo-

1106 4172 1246 4265 quitur,
1271 4168 1491 4239 sustulerunt
1505 4167 1564 4264 ³⁸).
1616 4169 1750 4241 Verum
1776 4173 1865 4240 ordo
1886 4172 2095 4242 retinendus

1107 4285 1179 4358 est,
1204 4296 1249 4341 ne
1263 4271 1365 4342 utilia
1386 4272 1632 4341 anteferantur
1647 4271 1783 4342 virtuti.

1426 4440 1525 4528 Ouid
1549 4449 1609 4512 est
1633 4439 1777 4515 virtus?

1210 4577 1391 4647 Hactenus
1421 4574 1669 4645 constituimus
1699 4578 1807 4645 finem
1834 4571 1992 4649 hominis
2024 4603 2096 4651 esse

1109 4683 1299 4764 virtutem,
1325 4704 1388 4749 seu
1402 4677 1545 4746 virtutis
1561 4679 1758 4762 actionem,
1785 4692 1826 4748 ut
1838 4679 2001 4774 loquitur
2016 4681 2098 4751 Ari-

1110 4786 1264 4856 stoteles.
1315 4782 1442 4850 Restat
1472 4780 1601 4872 igitur,
1631 4794 1672 4851 ut
1703 4783 1747 4851 de
1773 4782 1904 4852 virtute
1926 4783 2098 4857 dicamus.

1110 4889 1174 4960 Est
1190 4899 1308 4957 autem
1323 4884 1584 4974 simplicissima
1607 4896 1642 4952 et
1656 4884 1863 4976 planissima
1881 4887 2041 4958 definitio
2060 4889 2098 4959 in

1111 4984 1358 5084 philosophia:
1385 4985 1509 5056 Virtus
1532 4998 1583 5056 est
1602 4981 1764 5071 habitus,
1793 4988 1855 5082 qui
1872 4988 2021 5059 inclinat
2036 5018 2098 5061 vo·

1111 5096 1287 5164 luntatcm
1316 5089 1362 5159 ad
1387 5090 1624 5159 obediendum
1652 5103 1768 5159 rectae
1793 5091 1939 5164 rationi.
1996 5092 2098 5165 Duae

1113 5209 1197 5267 sunt
1219 5195 1314 5264 enim
1339 5192 1555 5286 principales
1575 5204 1611 5261 et
1632 5190 1860 5263 immediatae
1884 5218 2008 5265 causac
2027 5198 2099 5269 vir·

1148 5428 1197 5495 ³6)
1216 5431 1273 5483 cic.
1293 5429 1321 5480 tn
1338 5429 1501 5566 Vernant.
1522 5427 1553 5478 n.
1572 5426 1639 5478 1.11.
1657 5438 1682 5476 c.
1699 5427 1743 5479 ω.
1761 5427 1789 5490 ς.
1808 5427 1864 5479 m
