4544 5766
55 300 57 304 ὗ
121 186 196 281 aaa

106 359 231 444 ,officii
245 379 370 440 causa,
395 379 440 423 ne
462 351 621 445 periculo
648 352 722 421 eius
744 353 862 422 deesse
889 351 1029 420 viderer
1045 350 1107 445 ²⁵),

124 465 276 560 quinon
292 458 458 529 defuisset
472 480 565 524 meo.
615 454 865 525 Gratissimum
880 455 988 545 igitur
1003 455 1108 523 nohis

123 567 294 642 iudicium
311 587 384 632 esse
401 573 503 629 tuum
527 558 650 642 debet,
683 560 780 652 quod
802 584 844 628 eo
868 558 972 628 nobis
994 555 1109 647 digni-

125 683 233 743 tatem
264 665 401 746 reddis,
435 662 519 756 qnia
548 685 614 730 nos
643 663 771 731 scelere
801 686 932 730 vacare
962 660 1108 730 indicas.

125 771 200 841 lam
216 771 303 838 illud
320 767 384 837 tibi
400 761 691 834 honestissimum
718 778 770 834 est
794 766 889 859 quod
915 789 971 833 res
994 775 1109 833 osten-

126 875 197 957 dit,
224 886 258 943 te
279 869 443 942 maluisse
464 893 608 959 pacem,
640 892 719 936 curn
743 869 839 959 pacis
862 880 1004 936 autores
1027 889 1110 933 con-

127 1001 257 1049 servas.
329 974 422 1044 Nam
452 970 622 1039 Marcello
660 971 756 1039 testis
792 996 892 1053 sum,
941 984 976 1038 et
1006 967 1109 1036 initio

128 1105 209 1150 eum
235 1103 256 1147 a
276 1075 440 1144 violentis
463 1073 617 1142 consiliis
641 1070 885 1155 abhorruisse,
927 1085 962 1139 et
988 1083 1110 1163 postea

127 1206 232 1273 saepe
254 1204 379 1272 pacem
402 1177 561 1246 suasisse.
612 1175 819 1258 Postremo,
853 1176 951 1269 quod
974 1175 1012 1242 in
1031 1176 1112 1242 uni-

128 1310 269 1354 versum
292 1294 374 1374 post
394 1278 580 1348 victoriam
603 1280 782 1348 neminem
805 1279 978 1347 inermem
1004 1276 1112 1344 truci-

129 1387 239 1468 dasti,
282 1385 379 1477 qnod
408 1406 530 1474 pacem
560 1394 635 1449 toto
665 1385 750 1451 orbe
781 1395 957 1450 terrarum
988 1378 1112 1447 fecisti.

128 1489 207 1557 Hoc
228 1512 312 1555 vero
337 1499 388 1555 est
413 1486 536 1573 ingens
553 1497 587 1552 et
602 1485 803 1553 immortale
820 1487 936 1553 decus.
986 1481 1112 1549 Memi-

127 1592 246 1660 nimus
272 1590 366 1656 enim
391 1587 518 1670 Marii,
554 1588 669 1678 Syllae
693 1600 727 1657 et
748 1589 901 1656 aliorum
926 1585 1113 1653 crudelita-

129 1707 222 1777 tem,
249 1693 311 1787 qui
328 1692 420 1760 cives
441 1691 593 1758 inermes
615 1690 653 1757 in
675 1693 762 1759 urbe
787 1691 880 1757 inter
902 1712 981 1757 aras
1005 1711 1114 1778 pena-

129 1795 274 1890 tiumw)
291 1819 437 1864 suorum
457 1791 672 1862 occiderunt.
730 1793 803 1862 Nec
818 1789 984 1883 Pompeii
1005 1790 1114 1857 victo-

127 1899 182 1970 ria
199 1897 322 1966 mitior
338 1896 406 1964 illis
420 1896 537 1962 futura
560 1908 647 1964 erat.
707 1895 827 1987 Quare
851 1920 931 1962 cum
953 1895 996 1961 de
1021 1891 1115 1960 exitu

129 2001 299 2070 victoriae
327 1998 465 2088 cogito,
506 2021 608 2087 saepe
643 1997 739 2065 venit
762 1993 853 2065 mihi
881 1997 918 2063 in
947 2007 1116 2076 mentem,

130 2104 282 2173 extitisse
299 2096 534 2181 bochellum,
559 2112 598 2166 ut
613 2100 735 2169 civitas
753 2100 956 2193 aliquorum
972 2097 1116 2166 delicto-

133 2231 213 2275 rum
234 2228 368 2295 poenas
381 2200 458 2269 Deo
482 2202 600 2277 daret;
633 2214 755 2293 postea
778 2215 897 2270 tamen
913 2199 1029 2268 Deum
1051 2198 1117 2265 mi·

130 2322 263 2377 sertum
279 2301 384 2375 huius
398 2304 538 2394 imperii
559 2303 744 2372 victoriam
772 2304 823 2372 illi
845 2306 1014 2384 donasse,
1055 2300 1117 2394 qui

131 2436 194 2480 sua
210 2408 368 2478 bonitate
387 2430 592 2476 communes
611 2407 771 2476 miserias
788 2408 926 2475 leniret.

493 2578 753 2649 Conclusi0.

232 2715 404 2786 Gratulor
425 2713 532 2804 igitur
552 2712 618 2781 tibi
641 2726 778 2782 tantam
801 2713 969 2782 virtutem
993 2725 1027 2781 et
1047 2714 1119 2781 sor-

132 2832 277 2905 tunam,
308 2842 459 2911 cumque
474 2816 670 2907 praestanti
687 2828 722 2885 et
737 2841 867 2906 magno
887 2817 964 2883 viro
983 2815 1120 2907 praeci-

132 2947 204 3014 pua
220 2923 383 3012 voluptas
399 2921 462 3003 sit,
489 2944 563 2987 non
579 2919 752 3010 applausu
768 2918 914 3010 populi,
947 2943 1022 2986 non
1043 2918 1119 3010 opi-

131 3025 197 3094 hus
215 3037 250 3094 et
266 3023 424 3115 potentia
441 3022 595 3089 maxime
612 3022 795 3103 delectari,
828 3022 888 3090 sed
905 3020 1118 3089 conscientia

132 3140 226 3195 recte
241 3129 433 3194 sactorum:
462 3136 501 3191 tu
516 3148 657 3217 quoqne
674 3119 768 3192 hunc
788 3123 942 3193 fructum
970 3148 1012 3192 ex
1036 3149 1119 3192 con-

133 3229 281 3302 servatis
297 3228 430 3295 civibus
449 3226 576 3316 capies.
620 3226 713 3295 Nam
731 3226 768 3293 in
783 3222 851 3294 hoc
868 3226 1039 3294 beneficio
1058 3240 1118 3296 tua

133 3330 275 3399 bonitas
290 3343 324 3397 et
338 3329 509 3419 sapientia
524 3330 654 3397 lucent.
708 3327 802 3420 Opes
822 3341 856 3396 et
869 3330 1029 3419 potentia
1045 3355 1120 3396 ma-

134 3433 185 3524 gis
216 3434 379 3502 fortunae
413 3431 561 3499 arbitrio
595 3431 838 3522 contigerunt,
879 3456 943 3498 nec
975 3457 1120 3524 prorsus

134 3548 218 3606 sunt
247 3538 369 3604 intua
396 3547 581 3625 potestate.
641 3534 781 3626 Quare,
814 3525 979 3617 otiaris,
1015 3559 1121 3627 perge

136 3663 347 3708 conservare
365 3638 456 3706 cives
473 3650 507 3707 et
524 3637 645 3705 omnia
660 3637 745 3705 belli
759 3636 919 3720 vulnera,
946 3650 1120 3730 quantum

135 3754 257 3832 potes,
283 3754 343 3811 tua
360 3739 531 3832 sapientia
548 3753 582 3807 et
596 3740 840 3808 moderatione
857 3765 983 3808 sanare
992 3739 1052 3835 ²⁷)

223 3935 224 3938 ’
298 3911 498 3981 Secunda
526 3935 630 4003 pars
658 3908 964 4003 orationis²⁸).

237 4049 398 4118 Alterum
413 4048 596 4140 negotium
613 4043 718 4119 buius
746 4046 919 4116 orationis
942 4060 993 4116 est
1019 4043 1124 4119 δικα-

136 4145 254 4227 νικόν,
331 4153 465 4241 Purgat
500 4151 595 4220 enim
629 4150 865 4244 suspicionem
900 4149 1127 4228 insidiarum.

138 4255 257 4363 Status
281 4269 332 4324 est
359 4254 617 4326 coniecturalis.

486 4420 768 4515 Propositio.

241 4556 324 4627 Non
357 4569 409 4626 est
436 4558 601 4639 credibile
624 4581 840 4650 quemquam
864 4554 1026 4624 insidiari
1048 4555 1124 4626 tibi.

140 4659 398 4751 Argumentum
428 4685 448 4728 a
479 4663 660 4729 voluntate
687 4672 868 4749 sumptum
897 4671 967 4741 est,
1007 4671 1042 4726 ct
1075 4671 1127 4727 est

142 4762 363 4834 enumeratio
379 4763 555 4852 partium,
584 4788 648 4830 nec
665 4775 743 4830 tuos
757 4787 822 4830 nec
839 4763 972 4829 alienos
991 4775 1125 4831 struere

142 4867 288 4938 insidias
302 4865 472 4955 suspicor.
525 4867 593 4935 Sed
610 4865 693 4959 quia
716 4866 825 4932 altera
849 4889 933 4956 pars
956 4877 1008 4934 est
1029 4865 1126 4932 infir-

645 235 647 243 ,
689 176 813 251 run..
844 177 956 250 una.
992 173 1193 291 semera
1226 175 1562 251 rnuonoorca

2062 110 2176 250 on}

1158 350 1272 434 mior,
1299 350 1399 420 addit
1413 350 1692 434 correctionem,
1719 364 1754 420 et
1769 353 1936 422 transfert
1958 351 2143 442 negotium

1159 455 1205 523 ad
1225 455 1493 546 rempublicam.
1552 452 1637 523 lnde
1661 456 1771 524 sumit
1791 455 2018 547 splendidum
2041 477 2145 544 argu·

1159 571 1336 626 mentum:
1371 558 1466 651 Quia
1481 558 1694 649 reipublicae
1711 558 1877 640 interest,
1910 570 1951 628 ut
1965 559 2010 629 sit
2025 580 2144 648 super-

1160 674 1228 730 stes
1244 660 1392 730 Caesar:
1421 662 1501 729 ideo
1516 661 1747 753 prudentium
1763 662 1893 730 civium
1912 673 1985 744 est,
2010 684 2143 753 nequa-

1161 788 1270 857 quam
1302 777 1425 855 0ptare
1454 777 1608 832 mortem
1631 763 1802 834 Caesaris.
1860 762 1908 831 Et
1928 763 2142 853 reipublicae

1162 891 1265 936 causa
1290 866 1420 936 Caesar
1442 867 1516 958 ipse
1540 866 1741 957 diligentius
1764 879 1882 935 tuetur
1901 867 2011 934 vitam
2035 890 2143 935 suam.
2173 835 2176 909 l

1163 968 1416 1038 Comrnoratur
1430 983 1547 1039 autem
1563 971 1601 1037 in
1616 971 1678 1038 illo
1694 969 1817 1038 dolore
1841 970 2059 1039 necessitatis
2085 993 2142 1058 pu-

1162 1073 1294 1154 blicae,
1343 1098 1494 1165 eumque
1529 1071 1751 1142 ornatissime
1784 1072 1987 1163 amplificat.
2056 1071 2141 1140 Nam

1163 1175 1371 1264 magnitudo
1407 1200 1531 1246 causae
1570 1176 1772 1267 suppeditat
1812 1175 2036 1266 splendidam
2071 1198 2141 1240 ora·
2166 1191 2176 1269 'l

1165 1279 1310 1348 tionem.
2165 1276 2176 1345 l

1497 1461 1818 1557 Parapbrasis.

1265 1622 1408 1703 Restat,
1447 1633 1487 1690 ut
1517 1623 1560 1689 de
1587 1619 1729 1714 querela
1758 1633 1820 1690 tua
1843 1621 1978 1703 dicam,
2019 1620 2057 1687 in
2082 1644 2139 1712 qua
2171 1607 2176 1616 ’

1167 1725 1453 1794 commemorasti
1476 1724 1668 1792 nonnullos
1688 1722 1850 1792 insidiari
1870 1723 1963 1790 vitae
1987 1735 2022 1791 et
2046 1722 2140 1812 capiti

1167 1841 1240 1899 tuo.
1293 1828 1401 1897 Cuius
1417 1839 1534 1895 autem
1560 1838 1657 1894 tanta
1667 1825 1714 1916 2⁹)
1741 1838 1792 1895 est
1814 1837 1963 1894 naturae
1986 1825 2140 1893 immani·
2171 1840 2176 1863 ¹

1167 1943 1219 1999 tas
1236 1942 1271 1998 et
1287 1924 1487 2011 crudelitas,
1509 1942 1549 1998 ut
1567 1954 1647 1996 cum
1664 1928 1886 1997 clementiam
1904 1928 2025 1996 videat
2042 1941 2142 2007 tuam,
2166 1933 2176 1989 l

1168 2026 1247 2101 ium
1271 2058 1290 2099 a
1315 2046 1375 2101 tua
1397 2032 1508 2099 salute
1533 2032 1825 2123 tranquillitatem
1849 2031 1945 2100 orbis
1974 2043 2142 2098 terrarum
2175 2029 2176 2037 '

1168 2137 1321 2227 pendere
1344 2135 1536 2223 intelligat,
1575 2144 1696 2202 tamen
1722 2134 1914 2202 extinctum
1939 2140 1972 2201 te
1996 2158 2071 2202 esse
2094 2157 2145 2198 cu-
2173 2142 2176 2202 l

1168 2238 1268 2330 piat?
1319 2236 1441 2330 ltaque
1462 2237 1526 2305 etsi
1547 2231 1639 2304 hane
1654 2236 2060 2346 suspicionemdnanem
2080 2259 2147 2302 esse

1169 2365 1293 2432 spero,
1320 2353 1440 2409 tamen
1462 2365 1539 2407 eam
1564 2354 1725 2409 accurate
1747 2341 1881 2409 diluere
1908 2338 2006 2407 nolo.
2064 2336 2149 2404 Dili-

1170 2444 1324 2534 gentiam
1340 2443 1434 2511 enim
1453 2440 1540 2510 inte
1559 2443 1809 2511 custodiendae
1827 2442 1921 2509 vitae
1937 2465 2066 2532 augere
2089 2464 2150 2506 no-

1169 2548 1243 2616 lim.
1295 2547 1418 2638 Neque
1435 2570 1519 2613 vero
1537 2545 1703 2613 credibile
1719 2559 1772 2615 est
1788 2571 1868 2628 eos,
1895 2544 1957 2636 qui
1973 2556 2035 2612 tua
2052 2542 2148 2632 signa

1169 2650 1279 2719 secuti
1304 2661 1404 2731 sunt,
1444 2648 1508 2716 tibi
1529 2647 1673 2717 exitium
1696 2649 1837 2732 moliri,
1871 2672 1952 2716 curn
1976 2659 2035 2715 tua
2062 2646 2152 2714 salus

1171 2752 1347 2844 praesidio
1361 2751 1409 2820 eis
1426 2750 1472 2820 sit
1487 2752 1531 2819 ad
1547 2751 1770 2821 retinendam
1781 2750 1989 2841 dignitatern
2007 2761 2043 2816 et
2058 2772 2151 2839 opes,

1171 2880 1259 2949 quas
1272 2868 1305 2924 te
1321 2855 1456 2923 victore
1474 2854 1651 2922 consecuti
1667 2868 1759 2926 sunt.
1811 2855 1926 2922 Porro
1945 2852 2060 2921 multo
2077 2850 2154 2940 plus

1171 2961 1301 3027 debent
1317 2957 1382 3026 tibi
1399 2956 1478 3040 alii,
1504 2956 1655 3050 quibus,
1684 2983 1764 3028 curn
1788 2956 1827 3025 in
1848 2951 2005 3023 hostiurn
2032 2952 2153 3021 eastris

1171 3063 1335 3144 luissent,
1377 3060 1487 3127 vitam
1512 3061 1671 3143 donasti,
1713 3073 1749 3129 et
1777 3059 1929 3151 patriam
1958 3054 2154 3126 reddidisti.

1171 3165 1254 3234 Non
1282 3163 1437 3232 arbitror
1460 3156 1577 3230 autem
1598 3163 1704 3232 ullius
1727 3176 1865 3232 tantum
1888 3185 1960 3230 esse
1985 3162 2154 3233 furorem,

1172 3281 1243 3335 tam
1258 3290 1398 3335 saevam
1417 3277 1603 3348 naturam,
1629 3279 1669 3335 ut
1692 3279 1791 3334 tanto
1816 3265 1961 3333 allectus
1983 3262 2152 3331 beneficio

1173 3365 1287 3438 adhuc
1302 3392 1385 3459 erga
1399 3380 1433 3435 te
1447 3361 1571 3445 hostili
1583 3368 1704 3437 animo
1720 3368 1776 3438 sit.
1829 3368 1898 3436 Sed
1914 3366 2087 3459 quoniam
2104 3364 2153 3434 in-

1172 3473 1270 3541 finita
1295 3484 1345 3541 est
1367 3470 1584 3561 ingratitudo
1608 3484 1643 3539 et
1662 3470 1810 3562 perfidia
1832 3466 2045 3549 hominum,
2085 3488 2152 3534 non

1173 3576 1333 3666 purgabo
1356 3570 1421 3642 has
1444 3574 1659 3666 suspiciones
1683 3573 1903 3665 diligentius;
1941 3572 2016 3640 imo
2041 3582 2075 3639 te
2098 3571 2150 3636 ad-

1172 3675 1365 3760 bortabor,
1393 3689 1433 3744 ut
1456 3676 1592 3750 maiore
1618 3700 1701 3745 cura
1719 3689 1752 3745 te
1768 3675 1871 3745 nobis
1887 3688 1921 3743 et
1940 3673 2148 3766 reipublicae

1173 3805 1313 3851 servare
1330 3781 1481 3848 studeas.
1534 3778 1622 3871 Quis
1639 3792 1691 3848 est
1707 3779 1802 3848 enim
1826 3791 1899 3847 tam
1924 3775 2099 3868 vecorsffl)
2119 3785 2146 3839 ct

1174 3884 1353 3974 stupidus,
1378 3894 1508 3950 utnon
1527 3880 1701 3972 intelligat
1724 3881 1982 3973 rempublicam
2005 3879 2076 3948 nisi
2097 3891 2144 3945 tua

1175 3986 1363 4055 autoritate
1384 3984 1621 4067 instauretur,
1658 3986 1818 4058 funditus
1845 3984 2045 4076 perituram
2074 4001 2144 4054 esst.

1175 4102 1210 4156 et
1224 4087 1419 4157 exorituras
1436 4085 1564 4153 iterum
1582 4087 1900 4158 turbulentissimas
1922 4096 2143 4177 tempestates.

1174 4191 1205 4261 si
1219 4193 1291 4259 fata
1308 4190 1411 4259 nobis
1426 4187 1549 4281 iniqua
1567 4200 1599 4257 te
1616 4190 1795 4281 eriperent
1813 4189 1933 4272 terris,
1968 4201 2142 4280 antequam

1176 4306 1310 4362 certum
1326 4307 1361 4362 et
1373 4292 1569 4362 durabilem
1586 4293 1801 4384 reipublicae
1816 4306 1947 4362 statum
1961 4287 2144 4360 constituis-

1176 4395 1254 4466 ses?
1306 4397 1399 4466 Nam
1413 4395 1507 4464 bello
1525 4394 1638 4479 civili,
1666 4398 1777 4479 utfit,
1808 4396 1926 4486 legum
1954 4408 1989 4463 et
2011 4389 2141 4463 iudicio-

1176 4524 1257 4567 rum
1273 4499 1444 4568 autoritas
1458 4498 1667 4566 labefactata
1682 4512 1752 4582 est‚
1779 4510 1946 4590 corrupta
1963 4495 2144 4588 disciplina.

1177 4627 1305 4691 magna
1329 4600 1492 4683 licentia,
1528 4596 1692 4670 homines
1718 4603 1868 4672 audaces
1897 4614 1932 4670 et
1957 4590 2145 4669 facinorosi,

1178 4705 1329 4773 violatae
1358 4718 1393 4773 et
1418 4702 1627 4792 religiones,
1667 4718 1702 4774 et
1732 4705 1884 4773 lacerata
1912 4703 2144 4794 coniugiorum

1177 4808 1276 4890 iura,
1300 4810 1438 4877 deserta
1454 4806 1688 4897 agricultura,
1713 4807 1848 4876 abiecta
1864 4808 1979 4877 studia
1998 4802 2145 4875 honesta·

1176 4936 1257 4981 rum
1274 4911 1418 4981 artium.
1460 4909 1607 4982 Nullum
1622 4911 1718 4978 enim
1735 4936 1844 5001 genus
1861 4910 2072 4978 calamitatis
2088 4922 2146 4976 non

177 5090 226 5151 25)
244 5090 368 5148 viderer]
387 5087 428 5139 stc
445 5088 521 5137 reete
539 5085 624 5139 Editt.
639 5084 725 5148 ¹55³,
744 5083 837 5146 1554.;
856 5083 907 5135 Ed.
920 5083 996 5134 toea
1014 5085 1127 5149 typogr.
1178 5083 1382 5095 -“““

212 5171 322 5209 errore:
348 5159 464 5207 videret.

177 5246 225 5304 26)
243 5243 396 5307 penatium]
413 5244 452 5292 sic
470 5244 519 5292 Ed.
535 5242 627 5302 1568.;
658 5237 741 5288 Editt.
758 5236 851 5299 1553„
871 5237 944 5287 155⁴.
964 5237 1127 5298 poenatlnm.

178 5331 227 5389 27)
247 5332 361 5390 sanare]
379 5331 420 5379 sie
437 5333 513 5380 recte
531 5328 614 5379 Editt.
635 5325 726 5388 tata,
747 5323 838 5387 toda,
869 5323 1127 5375 oa.1⁵ossansrt.

177 5419 227 5475 28)
245 5416 403 5478 croesus]
421 5418 463 5469 ste
479 5419 529 5470 Ed.
545 5416 639 5480 156θῆ
659 5407 896 5472 tardatura,
915 5409 991 5463 tuae.
1009 5411 1094 5465 deest

1214 5169 1264 5227 29)
1282 5169 1372 5284 putem
1390 5169 1483 5227 mata]
1506 5165 1547 5216 sto
1564 5165 1647 5220 notu.
1669 5167 1761 5228 ¹553„
1786 5167 1878 5230 ittam
1914 5167 1964 5216 Ed.
1986 5168 2062 5219 1668.
2085 5163 2147 5216 tuit

1246 5250 1280 5286 an
1296 5250 1346 5285 em.

1214 5339 1262 5395 ³0)
1282 5338 1348 5398 Quis
1367 5337 1499 5386 ostentm
1517 5339 1572 5385 tam
1590 5338 1702 5398 vecors]
1722 5337 1973 5406 stercorosa,
1995 5340 2087 5405 tom
2109 5332 2148 5388 ld

1251 5409 1326 5457 15⁶8.
1345 5407 1412 5469 Quin
1432 5407 1502 5458 euim
1520 5409 1576 5458 tam
1595 5419 1692 5459 vecors
1710 5408 1760 5458 ent.
