4544 5766
103 166 188 245 U
395 170 455 245 lll.
513 173 799 248 seluemo
838 173 1110 248 oneuouts-
1140 173 1393 249 CICERONIS
1429 175 1540 248 Pno·
1556 175 1841 252 MARCELLO.

103 342 172 413 urei
194 341 353 426 laboris,
378 345 448 415 fuit
470 341 560 415 mibi
575 334 743 417 a'cerbum
758 373 878 418 carere
892 344 961 417 hoc
977 347 1087 418 socio.
1141 372 1211 441 qna
1250 348 1449 440 propositio
1488 351 1720 419 confirmatur
1762 351 1993 442 argumentis.
2069 354 2128 425 Sic

103 443 364 516 Conclusio:
391 446 489 538 Ergo
510 462 546 517 et
567 445 658 517 mibi
681 475 784 520 meae
806 451 978 542 pristinae
994 451 1088 519 vitae
1142 450 1237 519 enirn
1268 451 1609 541 argumentabimur.
1661 452 1732 522 Res
1764 454 1910 524 bellicae
1938 479 2013 523 non
2043 470 2127 527 sunt

103 549 393 619 comuetudinem
405 550 581 621 C.Caesar
594 553 777 644 aperuisti,
791 549 860 623 boc
876 567 940 637 est,
948 552 1088 622 reddito
1140 552 1309 644 propriae
1325 555 1473 631 ducum:
1500 554 1613 624 virtus
1631 568 1684 624 est
1697 557 1857 647 propria,
1884 557 2026 646 virtutis
2043 572 2125 630 tuae

103 649 275 721 blarcello
285 655 393 723 redeo
405 656 450 722 ad
461 668 616 724 veterem
631 656 772 726 dicendi
783 658 1089 728 consuetudinem.
1142 669 1194 726 est
1209 656 1436 739 benefacere,
1462 669 1498 725 et
1515 656 1696 748 ignoscere
1712 658 1797 727 civi:
1825 683 1910 750 ergo
1931 660 2047 732 maius
2061 676 2125 746 est,

105 751 147 823 Et
168 754 315 825 additur
343 757 613 840 translatio,
647 762 746 853 quod
770 762 903 831 fructus
927 757 1090 828 beneficii
1142 783 1249 852 quam
1266 758 1408 828 vincere
1422 758 1459 826 in
1472 758 1558 829 acie.
1584 759 1680 828 llaec
1695 773 1747 830 est
1759 762 1958 852 argumenti
1972 787 2124 850 summa,

105 856 282 947 pertineat
305 861 351 928 ad
380 859 656 952 rempublicam,
692 863 774 956 quia
808 863 972 933 restituto
992 862 1090 930 Mar·
1142 886 1250 953 quam
1274 857 1342 931 hoc
1363 864 1470 930 modo
1496 863 1684 954 complecti
1709 877 1863 955 oportet.
1920 865 2048 935 Postea
2072 869 2124 934 vi·

105 958 191 1028 cello
222 985 348 1032 omnes
377 963 465 1031 boni
494 963 563 1031 viri
595 964 765 1034 videbant
795 966 982 1036 Caesarem
1012 967 1089 1033 fore
1143 966 1298 1034 dendum
1325 978 1394 1048 est,
1432 967 1615 1058 quomodo
1641 965 1764 1035 Cicero
1790 967 1990 1061 eloquatur.
2041 968 2125 1039 Elo-

104 1061 333 1147 clernentem,
359 1076 395 1134 et
414 1067 607 1157 sperabant
624 1068 881 1160 rempublicam
897 1070 974 1137 fore
991 1081 1090 1137 tran·
1142 1066 1237 1136 cutio
1259 1067 1354 1135 enim
1376 1068 1480 1136 debet
1499 1091 1573 1137 esse
1596 1068 1750 1160 amplior
1772 1083 1806 1137 et
1828 1070 1983 1140 uberior.
2045 1071 2125 1141 Pri-

103 1165 265 1258 quillam.
316 1165 472 1237 Ratio:
500 1168 568 1237 Hic
589 1171 750 1241 videmus
772 1183 806 1239 te
830 1185 993 1241 senatum
1011 1170 1091 1262 plu·
1142 1194 1239 1239 mum
1270 1169 1316 1239 sit
1344 1169 1593 1261 occupatio.
1651 1169 1864 1241 Laudentur
1885 1197 1942 1242 res
1964 1173 2125 1246 Caesaris

103 1266 186 1336 rimi
210 1269 345 1352 facere,
380 1295 461 1341 cum
494 1272 580 1343 tales
604 1273 697 1342 cives
720 1274 888 1345 restituis.
944 1272 1090 1342 Accedit
1140 1273 1234 1341 bello
1270 1284 1406 1362 gestae,
1451 1285 1486 1340 et
1523 1273 1785 1362 amplificantur
1815 1270 1873 1343 hic
1909 1275 2125 1367 diligentius,

103 1366 401 1462 epiphonema
435 1375 586 1444 relatum
620 1377 665 1443 ad
695 1400 887 1467 personam
909 1375 1088 1445 Marcelli:
1142 1374 1224 1468 quia
1250 1388 1371 1465 postea
1393 1388 1499 1443 erunt
1514 1374 1551 1443 in
1566 1377 1834 1466 comparatione
1851 1381 2125 1470 comparandae.

103 1469 163 1541 llle
191 1475 348 1545 fructum
377 1477 573 1546 maximum
614 1478 787 1575 cepitw),
823 1475 891 1548 hoc
913 1492 984 1562 est,
1021 1475 1089 1546 hoc
1141 1478 1237 1546 Haec
1272 1491 1323 1547 est
1357 1478 1560 1569 occupatio:
1615 1478 1720 1548 Soleo
1752 1503 1857 1570 saepe
1894 1494 1976 1550 ante
2004 1484 2126 1553 oculos

103 1577 258 1646 maxime
274 1579 470 1668 gloriosum
494 1593 545 1649 est
559 1579 749 1663 Marcello,
776 1585 873 1675 quod
896 1608 916 1650 a
940 1595 975 1650 te
998 1579 1088 1649 tanti
1141 1604 1286 1673 ponere.
1338 1580 1507 1673 Sequitur
1528 1582 1731 1651 extenuatio
1753 1606 1873 1651 rerum
1895 1584 1989 1653 bello
2013 1598 2127 1675 gesta·

103 1679 152 1748 lit.
231 1679 340 1749 Ratio
375 1707 416 1750 ex
440 1682 612 1773 dignitate
644 1683 827 1766 Marcelli,
869 1685 952 1778 quia
976 1683 1089 1754 virtus
1141 1706 1242 1766 rum,
1276 1682 1361 1775 quia
1390 1695 1473 1751 sunt
1504 1709 1710 1755 communes
1738 1685 1905 1769 ducibus,
1941 1685 2126 1770 militibus,

102 1781 177 1850 eins
207 1796 365 1853 meretur
393 1779 489 1855 hunc
519 1782 716 1869 honorem,
754 1788 851 1881 quod
880 1786 1026 1882 quidem
1056 1786 1089 1855 ei
1140 1787 1325 1866 fortunae,
1361 1787 1421 1854 sed
1452 1800 1572 1854 tamen
1601 1800 1684 1857 sunt
1715 1788 1783 1855 alia
1812 1788 1962 1859 maiora.
2029 1789 2123 1860 Nam

103 1883 235 1955 merito
266 1898 373 1981 atque
402 1887 540 1979 optimo
573 1889 650 1959 iure
681 1889 851 1980 contigit,
887 1903 950 1959 etc.
1013 1890 1089 1958 Hae
1140 1888 1283 1957 bellicas
1315 1888 1436 1957 laudes
1463 1889 1578 1958 solent
1610 1890 1756 1984 quidam
1779 1902 1970 1962 extenuare
1997 1892 2125 1964 verbis.

103 2000 186 2057 sunt
206 1990 343 2057 exordii
373 2003 509 2080 partes,
541 2016 652 2086 usque
683 1994 728 2060 ad
759 1988 852 2061 lianc
879 1993 1088 2085 periodum:
1140 1992 1301 2060 Alterum
1319 1992 1519 2062 membrum
1537 1992 1831 2083 comparationis:
1852 1993 1900 2063 At
1916 2016 2001 2062 vero
2019 1990 2124 2066 huius

103 2087 245 2161 Nullius
271 2104 322 2162 est
347 2102 484 2162 tantum
514 2093 648 2164 flumen
672 2094 826 2184 ingenii,
859 2108 925 2166 etc.
977 2095 1089 2187 Saepe
1142 2094 1275 2184 gloriae
1301 2093 1340 2163 C.
1364 2094 1514 2177 Caesar,
1548 2117 1655 2188 quam
1688 2121 1724 2165 es
1751 2098 1918 2188 adeptus,
1942 2109 2007 2166 etc.
2059 2097 2126 2167 Hic

106 2205 157 2262 est
178 2193 388 2285 relegendus
411 2196 555 2280 Cicero,
590 2210 625 2266 et
646 2209 766 2289 partes
794 2223 919 2268 omnes
941 2194 1009 2267 hoc
1032 2223 1090 2266 or·
1140 2199 1278 2288 profert
1299 2197 1432 2266 factum
1459 2221 1523 2288 per
1547 2197 1735 2281 virtutem,
1762 2199 1845 2293 qnia
1870 2200 1916 2270 sit
1938 2198 2125 2293 proprium

108 2294 188 2364 dine
228 2298 433 2391 propositae
460 2299 750 2370 considerandae.
809 2298 863 2369 lta
893 2325 949 2370 res
983 2303 1088 2393 plane

108 2398 332 2490 intelligetur,
355 2414 390 2470 et
405 2402 558 2494 perspici
574 2403 758 2475 consilium
777 2403 930 2474 oratoris
946 2403 1089 2496 poterit.

109 2499 242 2572 Deinde
259 2517 310 2572 est
326 2507 600 2589 observandum,
627 2506 756 2600 quibus
774 2506 996 2576 ornamentis
1011 2530 1089 2574 ver-

111 2604 231 2674 borum
263 2606 302 2673 in
332 2608 479 2699 singulis
506 2608 666 2698 partibus
688 2634 772 2679 usus
794 2610 849 2679 sit.
901 2609 947 2680 Et
971 2609 1088 2700 imago

113 2701 209 2778 buius
240 2709 415 2782 orationis
448 2711 486 2778 in
519 2711 678 2782 animum
708 2713 920 2782 includenda
948 2724 1018 2795 est,
1050 2724 1091 2780 ut

115 2834 183 2878 cum
207 2825 242 2880 et
263 2837 328 2882 nos
344 2814 555 2897 scribemus,
578 2838 672 2883 eam.
687 2813 816 2885 intueri
834 2830 941 2910 atque
955 2814 1088 2882 imitari

112 2936 288 3002 possemus.

204 3016 310 3087 Nulla
331 3019 368 3086 in
393 3015 461 3087 bac
482 3019 644 3089 oratione
670 3020 831 3090 narratio
855 3032 918 3104 est,
944 3021 1004 3090 sed
1022 3043 1088 3111 pro

114 3121 312 3190 narratione
341 3123 603 3213 propositio
628 3137 698 3207 est,
731 3124 917 3194 continens
947 3147 1090 3214 compa-

113 3226 300 3294 rationem:
335 3224 486 3316 Magnas
507 3250 563 3295 res
585 3226 680 3295 bello
706 3227 861 3316 gessisti,
895 3229 955 3297 sed
979 3225 1090 3295 vincit

110 3325 180 3397 illas
204 3328 338 3410 laudes,
364 3323 452 3397 baec
475 3330 553 3398 laus
576 3324 743 3398 hodierni
767 3330 941 3399 beneficii.
994 3328 1090 3397 llaec

110 3443 155 3500 est
177 3429 388 3526 principalis
409 3456 535 3514 causa,
561 3444 596 3499 et
612 3433 810 3524 propositio
828 3429 935 3502 buius
951 3455 1089 3516 causae,

108 3534 273 3627 adquam
289 3533 408 3601 omnia
425 3548 633 3624 argumenta
651 3536 836 3604 referenda
851 3549 946 3605 sunt.
996 3535 1088 3605 Nam

108 3633 142 3703 in
166 3636 336 3706 omnibus
366 3636 480 3706 causis
509 3650 604 3706 certa
639 3638 758 3732 aliqua
782 3638 981 3730 propositio
1007 3662 1090 3705 con-

107 3738 202 3809 stitui
225 3740 334 3821 solet,
361 3740 399 3807 in
424 3763 494 3833 qua
518 3740 571 3808 rei
596 3765 735 3810 summa
760 3741 861 3812 inest.
914 3736 1090 3810 Rhetores

105 3854 235 3910 vocant
250 3854 379 3912 statum
398 3867 535 3913 causae.
572 3843 693 3935 Quare
711 3868 790 3914 cum
808 3842 876 3936 ipsi
891 3843 1090 3927 scribimus,

106 3957 186 4014 ante
210 3944 332 4013 omnia
355 3944 589 4036 principalem
613 3947 723 4017 totius
737 3948 790 4017 rei
805 3947 1089 4039 propositionem

105 4046 141 4117 in
163 4047 290 4116 animo
312 4048 528 4117 constituere
549 4048 729 4120 debemus.
779 4049 926 4145 Alioqui
951 4073 1092 4141 semper

106 4149 240 4221 errabit
261 4149 403 4220 animus
423 4151 590 4233 incertus,
616 4176 682 4220 nec
706 4178 778 4246 quo
801 4178 838 4224 se
862 4155 1005 4237 referat,
1027 4148 1091 4221 ha-

104 4253 212 4324 bebit.
270 4252 414 4322 Eruditi
443 4249 608 4323 homines
635 4278 740 4347 saepe
770 4270 901 4325 vocant
931 4280 1091 4348 scopum,

106 4357 190 4452 qnia
222 4356 421 4449 propositio
452 4357 591 4447 signum
623 4368 693 4440 est,
740 4359 785 4426 ad
816 4359 914 4452 quod
942 4359 1091 4450 perinde

103 4458 271 4550 dirigitur
292 4459 410 4528 omnis
435 4460 547 4527 animi
569 4459 757 4551 cogitatio,
783 4474 824 4530 ut
845 4463 890 4531 ad
906 4462 1089 4552 scopulum

103 4561 231 4634 iacula.
283 4561 463 4631 llactenus
486 4576 625 4632 tantum
656 4566 699 4632 de
727 4563 853 4633 ordine
885 4587 1005 4634 rerum
1030 4567 1092 4634 ad-

103 4664 247 4746 monui,
280 4667 343 4736 sed
365 4666 473 4734 verba
497 4665 605 4734 etiam
620 4668 841 4737 observanda
864 4682 958 4739 sunt.
1009 4666 1092 4737 Elo-

1142 2298 1316 2381 Caesaris,
1342 2299 1456 2369 virtus
1476 2299 1571 2368 enirn
1597 2301 1742 2392 proprie
1765 2315 1888 2372 nostra
1905 2315 1967 2373 est.
2016 2303 2125 2372 Aliud

1142 2413 1390 2492 argumentum
1423 2425 1442 2468 a
1470 2403 1691 2471 difficultate:
1735 2403 1922 2474 Difficilius
1952 2418 2004 2474 est
2032 2405 2126 2474 iram

1142 2505 1304 2585 vincere,
1345 2516 1380 2571 et
1409 2503 1595 2573 victoriam
1627 2507 1827 2589 moderari,
1870 2529 1978 2601 quam
2007 2502 2127 2579 hostes

1142 2607 1279 2698 proelio
1302 2631 1481 2697 superare.
1532 2603 1644 2697 Igitur
1659 2610 1738 2700 plus
1756 2609 1869 2678 laudis
1887 2622 2045 2679 meretur
2061 2605 2127 2678 bo-

1141 2710 1264 2779 dierna
1289 2709 1459 2792 victoria,
1494 2734 1573 2778 cum
1601 2709 1769 2781 iniuriam
1796 2712 2007 2780 condonasti
2028 2712 2127 2780 Mar-

1143 2814 1247 2882 cello:
1291 2811 1469 2881 llomuisti
1501 2826 1641 2902 gentes,
1675 2828 1739 2883 etc.
1817 2815 2005 2906 Elegantes
2043 2827 2127 2884 sunt

1142 2915 1439 2998 coacervationes,
1466 2915 1529 2985 ubi
1548 2918 1682 2985 multae
1698 2942 1754 2988 res
1769 2930 1932 3008 agnatae,
1954 2929 1995 2986 ut
2009 2918 2125 2986 oratio

1141 3021 1204 3088 fiat
1217 3018 1377 3102 uberior,
1399 3020 1438 3087 in
1453 3042 1566 3088 canum
1581 3021 1698 3089 locum
1715 3034 1966 3112 congeruntur.
2018 3019 2126 3090 Vides

1142 3136 1261 3192 antem
1277 3146 1320 3190 ex
1336 3121 1423 3191 locis
1439 3122 1686 3193 communibus
1701 3126 1805 3194 drrcta
1826 3149 1898 3195 esse
1916 3135 2126 3214 argumenta

1141 3227 1184 3294 de
1209 3224 1381 3316 dignitate
1405 3224 1564 3307 virtutis,
1598 3249 1691 3319 quae
1722 3240 1877 3317 praestet
1903 3229 2068 3296 fortunae
2091 3238 2127 3294 et

1142 3328 1221 3398 aliis
1244 3328 1411 3397 omnibus
1432 3328 1549 3397 rebus.

1245 3429 1492 3499 Conclusio
1509 3442 1671 3521 repetens
1687 3431 2008 3523 comparationem:
2029 3429 2126 3521 Ergo

1142 3533 1305 3627 quamvis
1344 3533 1434 3617 aliae
1473 3545 1553 3601 tuae
1590 3556 1646 3602 res
1686 3546 1802 3623 gestae
1842 3533 2128 3615 celebrabuntur,

1142 3650 1262 3704 tamen
1287 3630 1374 3703 haec
1397 3646 1457 3702 tua
1484 3634 1597 3704 virtus
1622 3635 1799 3705 declarata
1823 3632 1998 3706 hodierno
2019 3637 2128 3705 bene·

1142 3739 1221 3808 licio
1251 3738 1364 3828 magis
1396 3738 1600 3807 laudabitur
1661 3732 1800 3820 Πάθος
1834 3753 1904 3810 est:
1940 3738 2129 3808 Delectant

1142 3841 1320 3933 sapienter
1350 3852 1385 3908 et
1413 3842 1598 3910 moderate
1629 3842 1721 3910 facta
1751 3843 1789 3910 in
1822 3843 1968 3922 sabulis;
2012 3843 2128 3911 multo

1143 3944 1256 4034 magis
1277 3945 1314 4013 in
1336 3945 1600 4035 praesentibus,
1635 3970 1725 4039 quos
1749 3945 1949 4028 intuemur,
1982 3944 2128 4014 sicutte

1143 4050 1335 4117 intuemur.
1388 4045 1496 4116 Aliud
1518 4040 1660 4128 πάθοςτ
1686 4047 1845 4118 Parietes
1870 4048 2035 4139 gestiunt,
2062 4058 2128 4116 etc.

1143 4150 1312 4220 Continet
1334 4163 1451 4220 autem
1480 4150 1771 4233 translationem,
1796 4152 1894 4243 quod
1915 4148 2126 4218 beneficium

1142 4250 1212 4323 hoc
1235 4252 1375 4347 publice
1396 4253 1520 4346 prosit.
1574 4252 1667 4345 Quia
1689 4251 1749 4319 alii
1774 4252 1867 4322 cives
1880 4249 1950 4322 hoc
1963 4251 2127 4342 exemplo

1143 4359 1419 4439 confirmentur,
1456 4369 1498 4425 ut
1526 4367 1669 4446 sperent
1699 4356 1880 4439 futurum,
1926 4367 1968 4425 ut
1996 4354 2128 4424 Caesar

1143 4461 1275 4531 oblitus
1297 4459 1512 4529 iniuriarum
1532 4459 1694 4549 ignoscat
1713 4457 1892 4541 omnibus,
1913 4469 1949 4526 et
1964 4457 2129 4528 restituat

1143 4564 1373 4633 autoritatem
1406 4561 1564 4643 senatui,
1606 4584 1651 4630 ne
1690 4574 1837 4653 occupet
1868 4560 2128 4655 tyrrannidem,

1143 4691 1208 4736 nec
1230 4666 1365 4737 saeviat
1386 4663 1424 4732 in
1446 4676 1621 4735 senatum.
1672 4663 1779 4733 Aliud
1796 4657 1922 4745 πάθος
1941 4688 1960 4732 a
1978 4662 2129 4733 Marcel·

103 4768 259 4839 cutionis
283 4781 493 4838 ornamenta
518 4769 656 4861 egregia
681 4765 740 4839 bic
761 4783 855 4841 sunt.
907 4770 990 4842 Non
1005 4769 1092 4838 dicit
1143 4771 1260 4840 lorum
1273 4766 1423 4850 familia,
1449 4778 1484 4836 et
1504 4779 1557 4837 est
1577 4767 1777 4838 translatio.
1830 4766 2016 4838 Transfert
2031 4766 2126 4835 enirn

103 4870 327 4965 simpliciter:
354 4870 506 4963 Magnas
527 4896 582 4944 res
605 4873 742 4964 gessisti
763 4872 913 4957 Caesar,
938 4876 998 4943 sed
1016 4897 1091 4941 am·
1141 4871 1351 4942 beneficium
1375 4870 1420 4938 ab
1441 4892 1516 4939 uno
1539 4868 1710 4939 Marcello
1735 4872 1781 4939 ad
1804 4882 1917 4939 totam
1942 4869 2129 4937 Marcello-

103 4974 253 5067 plificat:
284 4974 423 5046 Nullius
453 4987 503 5044 est
530 4988 669 5046 tanturn
700 4975 833 5045 flumen
867 4976 1000 5067 ingenii
1024 4989 1090 5045 etc.
1142 4998 1222 5044 rum
1236 4973 1424 5043 familiam.
1475 4971 1643 5066 Sequitur
1655 4972 1772 5043 brevis
1796 4971 2021 5063 repetitio
2045 4994 2129 5040 con·

104 5102 169 5170 per
185 5071 390 5152 ἀδύνατον.
442 5077 610 5171 Sequitur
633 5080 942 5150 confirmatio.
993 5078 1091 5147 Haec
1142 5077 1327 5147 clusionis:
1361 5076 1464 5146 Hunc
1488 5075 1581 5144 diem
1607 5088 1803 5168 antepones
1834 5074 1904 5144 tuis
1921 5073 2129 5164 gratulatio-

105 5180 194 5251 solet
222 5200 297 5250 esse
325 5180 429 5250 tertia
458 5204 543 5272 pars
572 5188 609 5250 in
640 5182 798 5276 qualibet
829 5182 1013 5263 oratione,
1053 5181 1091 5249 in
1141 5179 1267 5264 nibus,
1303 5191 1339 5248 et
1364 5191 1558 5271 praeparat
1580 5179 1676 5248 viam
1702 5179 1747 5247 ad
1772 5177 1915 5246 tertium
1941 5198 2129 5267 argumen-

1142 5296 1238 5352 tum:
1266 5278 1456 5374 Trophaea
1483 5293 1519 5349 et
1542 5281 1670 5352 similia
1696 5290 1928 5349 monumenta
1951 5302 2025 5347 non
2045 5289 2131 5349 sunt

1143 5386 1343 5469 durabilia,
1376 5384 1564 5455 clementia
1595 5384 1671 5476 ipsa
1703 5382 1853 5454 subinde
1882 5381 1995 5473 magis
2021 5380 2131 5451 incla-

1425 5476 1514 5558 ω.

111 5339 207 5353 §on-0--
247 5342 315 5352 ,οσ-

140 5416 188 5485 as)
204 5418 294 5482 aut]
311 5418 361 5472 ra
383 5419 457 5473 rose.
477 5419 574 5482 saepae.
