<?xml version="1.0" encoding="UTF-8"?>
<!DOCTYPE html PUBLIC "-//W3C//DTD XHTML 1.0 Transitional//EN"
    "http://www.w3.org/TR/xhtml1/DTD/xhtml1-transitional.dtd">
<html xmlns="http://www.w3.org/1999/xhtml" xml:lang="en" lang="en">
 <head>
  <title>
</title>
<meta http-equiv="Content-Type" content="text/html;charset=utf-8" />
  <meta name='ocr-system' content='tesseract 3.04.00' />
  <meta name='ocr-capabilities' content='ocr_page ocr_carea ocr_par ocr_line ocrx_word'/>
</head>
<body>
  <div class='ocr_page' id='page_1' title='image "./corpusreformato12melagoog/corpusreformato12melagoog_0299.png"; bbox 0 0 4544 5766; ppageno 0'>
   <div class='ocr_carea' id='block_1_1' title="bbox 177 199 267 273">
    <p class='ocr_par' dir='ltr' id='par_1_1' title="bbox 177 199 267 273">
     <span class='ocr_line' id='line_1_1' title="bbox 177 199 267 273; baseline -0.044 0"><span class='ocrx_word' id='word_1_1' title='bbox 177 199 267 273; x_wconf 80' lang='grc'><strong>567.</strong></span> 
     </span>
    </p>
   </div>
   <div class='ocr_carea' id='block_1_2' title="bbox 682 182 1700 264">
    <p class='ocr_par' dir='ltr' id='par_1_2' title="bbox 682 182 1700 264">
     <span class='ocr_line' id='line_1_2' title="bbox 682 182 1700 264; baseline -0.013 -4"><span class='ocrx_word' id='word_1_2' title='bbox 682 242 686 251; x_wconf 91' lang='grc'>.</span> <span class='ocrx_word' id='word_1_3' title='bbox 742 184 867 263; x_wconf 79' lang='lat' dir='ltr'>Pttll..</span> <span class='ocrx_word' id='word_1_4' title='bbox 898 184 1012 261; x_wconf 73' lang='lat' dir='ltr'>MEL.</span> <span class='ocrx_word' id='word_1_5' title='bbox 1045 186 1249 263; x_wconf 78' lang='lat' dir='ltr'>SCRIPTA</span> <span class='ocrx_word' id='word_1_6' title='bbox 1282 182 1638 264; x_wconf 65' lang='lat' dir='ltr'>emanueles..</span> <span class='ocrx_word' id='word_1_7' title='bbox 1694 232 1700 246; x_wconf 93' lang='lat'>.</span> 
     </span>
    </p>
   </div>
   <div class='ocr_carea' id='block_1_3' title="bbox 182 351 2215 658">
    <p class='ocr_par' dir='ltr' id='par_1_3' title="bbox 182 351 2215 658">
     <span class='ocr_line' id='line_1_3' title="bbox 279 351 2215 456; baseline -0.012 -16"><span class='ocrx_word' id='word_1_8' title='bbox 279 369 459 441; x_wconf 73' lang='lat' dir='ltr'><strong>Hactenus</strong></span> <span class='ocrx_word' id='word_1_9' title='bbox 487 361 561 432; x_wconf 82' lang='lat' dir='ltr'>dixi</span> <span class='ocrx_word' id='word_1_10' title='bbox 585 375 816 454; x_wconf 86' lang='lat' dir='ltr'>praeceptum</span> <span class='ocrx_word' id='word_1_11' title='bbox 848 386 925 433; x_wconf 90' lang='lat' dir='ltr'>esse</span> <span class='ocrx_word' id='word_1_12' title='bbox 950 363 1176 456; x_wconf 75' lang='lat' dir='ltr'>magistrati·</span> <span class='ocrx_word' id='word_1_13' title='bbox 1219 362 1403 437; x_wconf 72' lang='lat' dir='ltr'>strinxerit</span> <span class='ocrx_word' id='word_1_14' title='bbox 1423 375 1459 430; x_wconf 89' lang='lat' dir='ltr'>et</span> <span class='ocrx_word' id='word_1_15' title='bbox 1478 360 1630 443; x_wconf 75' lang='lat' dir='ltr'>diceret,</span> <span class='ocrx_word' id='word_1_16' title='bbox 1672 382 1708 429; x_wconf 92' lang='lat' dir='ltr'>se</span> <span class='ocrx_word' id='word_1_17' title='bbox 1723 374 1799 428; x_wconf 77' lang='lat' dir='ltr'>&#39;sua</span> <span class='ocrx_word' id='word_1_18' title='bbox 1826 378 1940 423; x_wconf 76' lang='lat' dir='ltr'>mrum</span> <span class='ocrx_word' id='word_1_19' title='bbox 1969 353 2069 422; x_wconf 86' lang='lat' dir='ltr'>illurn</span> <span class='ocrx_word' id='word_1_20' title='bbox 2099 351 2215 419; x_wconf 86' lang='lat' dir='ltr'>inter·</span> 
     </span>
     <span class='ocr_line' id='line_1_4' title="bbox 182 454 2215 557; baseline -0.011 -13"><span class='ocrx_word' id='word_1_21' title='bbox 182 477 270 557; x_wconf 89' lang='lat' dir='ltr'>bus,</span> <span class='ocrx_word' id='word_1_22' title='bbox 294 486 335 544; x_wconf 90' lang='lat' dir='ltr'>ut</span> <span class='ocrx_word' id='word_1_23' title='bbox 350 473 446 541; x_wconf 84' lang='lat' dir='ltr'>iuxta</span> <span class='ocrx_word' id='word_1_24' title='bbox 463 468 576 557; x_wconf 87' lang='lat' dir='ltr'>legem</span> <span class='ocrx_word' id='word_1_25' title='bbox 592 479 689 534; x_wconf 89' lang='lat' dir='ltr'>certo</span> <span class='ocrx_word' id='word_1_26' title='bbox 711 465 835 535; x_wconf 85' lang='lat' dir='ltr'>ordine</span> <span class='ocrx_word' id='word_1_27' title='bbox 858 466 1051 543; x_wconf 82' lang='lat' dir='ltr'>vindictam</span> <span class='ocrx_word' id='word_1_28' title='bbox 1071 490 1169 537; x_wconf 81' lang='lat' dir='ltr'>exer·</span> <span class='ocrx_word' id='word_1_29' title='bbox 1219 473 1395 540; x_wconf 89' lang='lat' dir='ltr'>lecturum</span> <span class='ocrx_word' id='word_1_30' title='bbox 1411 488 1503 546; x_wconf 86' lang='lat' dir='ltr'>csse,</span> <span class='ocrx_word' id='word_1_31' title='bbox 1527 463 1559 534; x_wconf 87' lang='lat' dir='ltr'>si</span> <span class='ocrx_word' id='word_1_32' title='bbox 1571 465 1721 544; x_wconf 78' lang='lat' dir='ltr'>adesset,</span> <span class='ocrx_word' id='word_1_33' title='bbox 1748 482 1789 528; x_wconf 86' lang='lat' dir='ltr'>ac</span> <span class='ocrx_word' id='word_1_34' title='bbox 1804 459 1907 528; x_wconf 86' lang='lat' dir='ltr'>iussit</span> <span class='ocrx_word' id='word_1_35' title='bbox 1920 456 2040 527; x_wconf 92' lang='lat' dir='ltr'>statim</span> <span class='ocrx_word' id='word_1_36' title='bbox 2058 454 2092 524; x_wconf 91' lang='lat' dir='ltr'>ei</span> <span class='ocrx_word' id='word_1_37' title='bbox 2108 474 2215 524; x_wconf 81' lang='lat' dir='ltr'>nran-</span> 
     </span>
     <span class='ocr_line' id='line_1_5' title="bbox 187 564 1882 658; baseline -0.009 -12"><span class='ocrx_word' id='word_1_38' title='bbox 187 590 307 658; x_wconf 83' lang='lat' dir='ltr'>ceant,</span> <span class='ocrx_word' id='word_1_39' title='bbox 334 584 457 644; x_wconf 86' lang='lat' dir='ltr'>contra</span> <span class='ocrx_word' id='word_1_40' title='bbox 473 568 630 658; x_wconf 90' lang='lat' dir='ltr'>singulos</span> <span class='ocrx_word' id='word_1_41' title='bbox 645 569 821 653; x_wconf 90' lang='lat' dir='ltr'>latrones,</span> <span class='ocrx_word' id='word_1_42' title='bbox 848 584 911 639; x_wconf 92' lang='lat' dir='ltr'>aut</span> <span class='ocrx_word' id='word_1_43' title='bbox 925 573 1068 641; x_wconf 90' lang='lat' dir='ltr'>multos.</span> <span class='ocrx_word' id='word_1_44' title='bbox 1102 570 1171 640; x_wconf 86' lang='lat' dir='ltr'>Sed</span> <span class='ocrx_word' id='word_1_45' title='bbox 1223 572 1323 655; x_wconf 91' lang='lat' dir='ltr'>dari,</span> <span class='ocrx_word' id='word_1_46' title='bbox 1349 581 1392 638; x_wconf 91' lang='lat' dir='ltr'>ut</span> <span class='ocrx_word' id='word_1_47' title='bbox 1406 592 1448 636; x_wconf 83' lang='lat' dir='ltr'>ex</span> <span class='ocrx_word' id='word_1_48' title='bbox 1464 567 1659 636; x_wconf 78' lang='lat' dir='ltr'>Germania</span> <span class='ocrx_word' id='word_1_49' title='bbox 1677 564 1882 634; x_wconf 85' lang='lat' dir='ltr'>discederet.</span> 
     </span>
    </p>
   </div>
   <div class='ocr_carea' id='block_1_4' title="bbox 189 670 1173 773">
    <p class='ocr_par' dir='ltr' id='par_1_4' title="bbox 189 670 1173 773">
     <span class='ocr_line' id='line_1_6' title="bbox 189 670 1173 773; baseline -0.007 -25"><span class='ocrx_word' id='word_1_50' title='bbox 189 680 345 773; x_wconf 84' lang='lat' dir='ltr'>privatas</span> <span class='ocrx_word' id='word_1_51' title='bbox 362 696 533 767; x_wconf 78' lang='lat' dir='ltr'>personas</span> <span class='ocrx_word' id='word_1_52' title='bbox 547 672 624 741; x_wconf 85' lang='lat' dir='ltr'>vult</span> <span class='ocrx_word' id='word_1_53' title='bbox 638 670 733 741; x_wconf 88' lang='lat' dir='ltr'>Deus</span> <span class='ocrx_word' id='word_1_54' title='bbox 750 670 875 741; x_wconf 80' lang='lat' dir='ltr'>ordine</span> <span class='ocrx_word' id='word_1_55' title='bbox 897 686 934 742; x_wconf 93' lang='lat' dir='ltr'>et</span> <span class='ocrx_word' id='word_1_56' title='bbox 956 673 1072 743; x_wconf 84' lang='lat' dir='ltr'>allicio</span> <span class='ocrx_word' id='word_1_57' title='bbox 1097 696 1173 742; x_wconf 88' lang='lat' dir='ltr'>ma-</span> 
     </span>
    </p>
   </div>
   <div class='ocr_carea' id='block_1_5' title="bbox 1325 671 2217 774">
    <p class='ocr_par' dir='ltr' id='par_1_5' title="bbox 1325 671 2217 774">
     <span class='ocr_line' id='line_1_7' title="bbox 1325 671 2217 774; baseline -0.019 -15"><span class='ocrx_word' id='word_1_58' title='bbox 1325 687 1515 759; x_wconf 87' lang='lat' dir='ltr'>Sciendum</span> <span class='ocrx_word' id='word_1_59' title='bbox 1529 697 1581 754; x_wconf 89' lang='lat' dir='ltr'>est</span> <span class='ocrx_word' id='word_1_60' title='bbox 1598 685 1707 774; x_wconf 89' lang='lat' dir='ltr'>igitur</span> <span class='ocrx_word' id='word_1_61' title='bbox 1720 685 1833 773; x_wconf 92' lang='lat' dir='ltr'>legem</span> <span class='ocrx_word' id='word_1_62' title='bbox 1851 679 2009 748; x_wconf 78' lang='lat' dir='ltr'>divinam</span> <span class='ocrx_word' id='word_1_63' title='bbox 2034 677 2128 745; x_wconf 87' lang='lat' dir='ltr'>inter</span> <span class='ocrx_word' id='word_1_64' title='bbox 2149 671 2217 743; x_wconf 56' lang='lat' dir='ltr'>ho*</span> 
     </span>
    </p>
   </div>
   <div class='ocr_carea' id='block_1_6' title="bbox 192 773 2218 1084">
    <p class='ocr_par' dir='ltr' id='par_1_6' title="bbox 192 773 2218 1084">
     <span class='ocr_line' id='line_1_8' title="bbox 192 773 2216 873; baseline -0.009 -25"><span class='ocrx_word' id='word_1_65' title='bbox 192 783 401 873; x_wconf 85' lang='lat' dir='ltr'>gistratuum</span> <span class='ocrx_word' id='word_1_66' title='bbox 417 773 577 857; x_wconf 83' lang='lat' dir='ltr'>delendi,</span> <span class='ocrx_word' id='word_1_67' title='bbox 600 798 675 843; x_wconf 90' lang='lat' dir='ltr'>non</span> <span class='ocrx_word' id='word_1_68' title='bbox 698 776 774 842; x_wconf 88' lang='lat' dir='ltr'>vnlt</span> <span class='ocrx_word' id='word_1_69' title='bbox 798 776 1175 868; x_wconf 85' lang='lat' dir='ltr'>quemlibctsibiiudi-</span> <span class='ocrx_word' id='word_1_70' title='bbox 1227 807 1294 864; x_wconf 60' lang='lat' dir='ltr'><strong>stes</strong></span> <span class='ocrx_word' id='word_1_71' title='bbox 1310 814 1386 860; x_wconf 68' lang='lat'>110„</span> <span class='ocrx_word' id='word_1_72' title='bbox 1401 813 1548 859; x_wconf 60' lang='lat' dir='ltr'>cessare,</span> <span class='ocrx_word' id='word_1_73' title='bbox 1600 784 1683 855; x_wconf 68' lang='lat' dir='ltr'>ldeo</span> <span class='ocrx_word' id='word_1_74' title='bbox 1705 786 1807 853; x_wconf 65' lang='lat' dir='ltr'>inpio</span> <span class='ocrx_word' id='word_1_75' title='bbox 1830 808 1905 852; x_wconf 68' lang='lat'>110„</span> <span class='ocrx_word' id='word_1_76' title='bbox 1929 792 2119 850; x_wconf 59' lang='lat' dir='ltr'>moveatur</span> <span class='ocrx_word' id='word_1_77' title='bbox 2141 778 2216 845; x_wconf 64' lang='lat' dir='ltr'>hel.</span> 
     </span>
     <span class='ocr_line' id='line_1_9' title="bbox 194 877 2218 984; baseline -0.013 -9"><span class='ocrx_word' id='word_1_78' title='bbox 194 909 269 954; x_wconf 56' lang='grc' dir='ltr'>ΕΘΗ]</span> <span class='ocrx_word' id='word_1_79' title='bbox 286 879 511 953; x_wconf 50' lang='lat' dir='ltr'>‘Uindicem</span> <span class='ocrx_word' id='word_1_80' title='bbox 529 886 652 948; x_wconf 55' lang='lat' dir='ltr'>⁰⁸³⁰st</span> <span class='ocrx_word' id='word_1_81' title='bbox 673 877 871 970; x_wconf 73' lang='lat' dir='ltr'>irrumPere</span> <span class='ocrx_word' id='word_1_82' title='bbox 895 880 932 946; x_wconf 63' lang='lat'>5¹¹</span> <span class='ocrx_word' id='word_1_83' title='bbox 955 880 1088 948; x_wconf 62' lang='lat' dir='ltr'>alienas</span> <span class='ocrx_word' id='word_1_84' title='bbox 1113 881 1177 948; x_wconf 70' lang='lat'>‘¹⁰’</span> <span class='ocrx_word' id='word_1_85' title='bbox 1227 899 1322 979; x_wconf 91' lang='lat' dir='ltr'>lum,</span> <span class='ocrx_word' id='word_1_86' title='bbox 1362 893 1432 963; x_wconf 91' lang='lat' dir='ltr'>nisi</span> <span class='ocrx_word' id='word_1_87' title='bbox 1452 895 1529 984; x_wconf 88' lang='lat' dir='ltr'>lege</span> <span class='ocrx_word' id='word_1_88' title='bbox 1553 889 1623 959; x_wconf 90' lang='lat' dir='ltr'>Dei</span> <span class='ocrx_word' id='word_1_89' title='bbox 1643 901 1807 980; x_wconf 89' lang='lat' dir='ltr'>cogente,</span> <span class='ocrx_word' id='word_1_90' title='bbox 1842 887 1931 956; x_wconf 88' lang='lat' dir='ltr'>sicut</span> <span class='ocrx_word' id='word_1_91' title='bbox 1954 886 2010 952; x_wconf 84' lang='lat' dir='ltr'>lex</span> <span class='ocrx_word' id='word_1_92' title='bbox 2029 881 2098 950; x_wconf 87' lang='lat' dir='ltr'>Dei</span> <span class='ocrx_word' id='word_1_93' title='bbox 2122 879 2218 971; x_wconf 86' lang='lat' dir='ltr'>cogit</span> 
     </span>
     <span class='ocr_line' id='line_1_10' title="bbox 193 978 2218 1084; baseline -0.009 -15"><span class='ocrx_word' id='word_1_94' title='bbox 193 1011 292 1068; x_wconf 90' lang='lat' dir='ltr'>mos,</span> <span class='ocrx_word' id='word_1_95' title='bbox 319 995 381 1053; x_wconf 67' lang='lat' dir='ltr'>aul</span> <span class='ocrx_word' id='word_1_96' title='bbox 396 1004 540 1050; x_wconf 64' lang='lat' dir='ltr'>¹¹¹⁰V²re</span> <span class='ocrx_word' id='word_1_97' title='bbox 555 979 755 1050; x_wconf 60' lang='lat' dir='ltr'><strong>sedffifflms·</strong></span> <span class='ocrx_word' id='word_1_98' title='bbox 814 981 933 1074; x_wconf 61' lang='lat' dir='ltr'>Quare</span> <span class='ocrx_word' id='word_1_99' title='bbox 948 983 1041 1051; x_wconf 60' lang='lat' dir='ltr'>dicia</span> <span class='ocrx_word' id='word_1_100' title='bbox 1056 978 1178 1074; x_wconf 59' lang='lat' dir='ltr'>limbi·</span> <span class='ocrx_word' id='word_1_101' title='bbox 1229 1002 1386 1069; x_wconf 91' lang='lat' dir='ltr'>latrones</span> <span class='ocrx_word' id='word_1_102' title='bbox 1413 1007 1447 1064; x_wconf 92' lang='lat' dir='ltr'>et</span> <span class='ocrx_word' id='word_1_103' title='bbox 1468 994 1654 1066; x_wconf 90' lang='lat' dir='ltr'>seditiosos</span> <span class='ocrx_word' id='word_1_104' title='bbox 1675 990 1840 1084; x_wconf 79' lang='lat' dir='ltr'>reprimi,</span> <span class='ocrx_word' id='word_1_105' title='bbox 1866 1001 1901 1057; x_wconf 90' lang='lat' dir='ltr'>ct</span> <span class='ocrx_word' id='word_1_106' title='bbox 1921 985 2094 1078; x_wconf 89' lang='lat' dir='ltr'>supplicio</span> <span class='ocrx_word' id='word_1_107' title='bbox 2111 983 2218 1075; x_wconf 85' lang='lat' dir='ltr'>affici,</span> 
     </span>
    </p>
   </div>
   <div class='ocr_carea' id='block_1_7' title="bbox 195 1082 1196 2921">
    <p class='ocr_par' dir='ltr' id='par_1_7' title="bbox 195 1082 1182 1377">
     <span class='ocr_line' id='line_1_11' title="bbox 195 1082 1180 1176; baseline -0.009 -17"><span class='ocrx_word' id='word_1_108' title='bbox 195 1088 315 1159; x_wconf 89' lang='lat' dir='ltr'>bentia</span> <span class='ocrx_word' id='word_1_109' title='bbox 333 1084 548 1165; x_wconf 76' lang='lat' dir='ltr'>vindictam,</span> <span class='ocrx_word' id='word_1_110' title='bbox 573 1085 618 1151; x_wconf 92' lang='lat' dir='ltr'>ad</span> <span class='ocrx_word' id='word_1_111' title='bbox 632 1082 789 1174; x_wconf 86' lang='lat' dir='ltr'>privatas</span> <span class='ocrx_word' id='word_1_112' title='bbox 803 1108 973 1176; x_wconf 84' lang='lat' dir='ltr'>personas</span> <span class='ocrx_word' id='word_1_113' title='bbox 989 1085 1180 1176; x_wconf 78' lang='lat' dir='ltr'>pertinent,</span> 
     </span>
     <span class='ocr_line' id='line_1_12' title="bbox 199 1184 1182 1283; baseline -0.007 -22"><span class='ocrx_word' id='word_1_114' title='bbox 199 1206 233 1263; x_wconf 92' lang='lat' dir='ltr'>et</span> <span class='ocrx_word' id='word_1_115' title='bbox 263 1184 454 1283; x_wconf 85' lang='lat' dir='ltr'>prohibent</span> <span class='ocrx_word' id='word_1_116' title='bbox 485 1209 626 1253; x_wconf 90' lang='lat' dir='ltr'>omnem</span> <span class='ocrx_word' id='word_1_117' title='bbox 655 1185 866 1271; x_wconf 86' lang='lat' dir='ltr'>vindictam,</span> <span class='ocrx_word' id='word_1_118' title='bbox 907 1212 999 1281; x_wconf 88' lang='lat' dir='ltr'>quac</span> <span class='ocrx_word' id='word_1_119' title='bbox 1027 1212 1101 1256; x_wconf 93' lang='lat' dir='ltr'>non</span> <span class='ocrx_word' id='word_1_120' title='bbox 1131 1198 1182 1256; x_wconf 90' lang='lat' dir='ltr'>est</span> 
     </span>
     <span class='ocr_line' id='line_1_13' title="bbox 199 1287 786 1377; baseline -0.01 -14"><span class='ocrx_word' id='word_1_121' title='bbox 199 1294 368 1363; x_wconf 89' lang='lat' dir='ltr'>mandata</span> <span class='ocrx_word' id='word_1_122' title='bbox 385 1303 420 1358; x_wconf 90' lang='lat' dir='ltr'>et</span> <span class='ocrx_word' id='word_1_123' title='bbox 437 1288 600 1357; x_wconf 88' lang='lat' dir='ltr'>ordinata</span> <span class='ocrx_word' id='word_1_124' title='bbox 615 1287 691 1377; x_wconf 91' lang='lat' dir='ltr'>lege</span> <span class='ocrx_word' id='word_1_125' title='bbox 707 1287 786 1357; x_wconf 83' lang='lat' dir='ltr'>Dei.</span> 
     </span>
    </p>

    <p class='ocr_par' dir='ltr' id='par_1_8' title="bbox 202 1390 1193 2501">
     <span class='ocr_line' id='line_1_14' title="bbox 304 1390 1184 1483; baseline -0.001 -22"><span class='ocrx_word' id='word_1_126' title='bbox 304 1392 361 1462; x_wconf 87' lang='lat' dir='ltr'>Sic</span> <span class='ocrx_word' id='word_1_127' title='bbox 389 1391 496 1482; x_wconf 93' lang='lat' dir='ltr'>igitur</span> <span class='ocrx_word' id='word_1_128' title='bbox 523 1393 809 1482; x_wconf 91' lang='lat' dir='ltr'>respondendum</span> <span class='ocrx_word' id='word_1_129' title='bbox 843 1403 894 1462; x_wconf 91' lang='lat' dir='ltr'>est</span> <span class='ocrx_word' id='word_1_130' title='bbox 920 1393 965 1483; x_wconf 89' lang='lat' dir='ltr'>de</span> <span class='ocrx_word' id='word_1_131' title='bbox 989 1391 1091 1462; x_wconf 91' lang='lat' dir='ltr'>dictis</span> <span class='ocrx_word' id='word_1_132' title='bbox 1114 1390 1184 1460; x_wconf 92' lang='lat' dir='ltr'>illis</span> 
     </span>
     <span class='ocr_line' id='line_1_15' title="bbox 202 1490 1185 1592; baseline -0.003 -26"><span class='ocrx_word' id='word_1_133' title='bbox 202 1493 516 1592; x_wconf 77' lang='lat' dir='ltr'>(Rom.1a‚19.):</span> <span class='ocrx_word' id='word_1_134' title='bbox 556 1493 640 1563; x_wconf 88' lang='lat' dir='ltr'>Non</span> <span class='ocrx_word' id='word_1_135' title='bbox 662 1490 881 1564; x_wconf 81' lang='lat' dir='ltr'>vindicantes</span> <span class='ocrx_word' id='word_1_136' title='bbox 911 1507 1049 1564; x_wconf 87' lang='lat' dir='ltr'>vosmet</span> <span class='ocrx_word' id='word_1_137' title='bbox 1078 1495 1185 1585; x_wconf 90' lang='lat' dir='ltr'>ipsos,</span> 
     </span>
     <span class='ocr_line' id='line_1_16' title="bbox 204 1592 1184 1688; baseline -0.007 -18"><span class='ocrx_word' id='word_1_138' title='bbox 204 1600 336 1671; x_wconf 89' lang='lat' dir='ltr'>scilicet</span> <span class='ocrx_word' id='word_1_139' title='bbox 356 1596 496 1688; x_wconf 87' lang='lat' dir='ltr'>privata</span> <span class='ocrx_word' id='word_1_140' title='bbox 519 1596 693 1679; x_wconf 88' lang='lat' dir='ltr'>vindicta,</span> <span class='ocrx_word' id='word_1_141' title='bbox 725 1592 793 1665; x_wconf 94' lang='lat' dir='ltr'>hoc</span> <span class='ocrx_word' id='word_1_142' title='bbox 817 1611 886 1681; x_wconf 89' lang='lat' dir='ltr'>est,</span> <span class='ocrx_word' id='word_1_143' title='bbox 922 1621 997 1667; x_wconf 93' lang='lat' dir='ltr'>non</span> <span class='ocrx_word' id='word_1_144' title='bbox 1020 1598 1184 1666; x_wconf 89' lang='lat' dir='ltr'>ordinata</span> 
     </span>
     <span class='ocr_line' id='line_1_17' title="bbox 204 1694 1185 1795; baseline -0.006 -23"><span class='ocrx_word' id='word_1_145' title='bbox 204 1705 279 1794; x_wconf 88' lang='lat' dir='ltr'>lege</span> <span class='ocrx_word' id='word_1_146' title='bbox 289 1700 368 1770; x_wconf 88' lang='lat' dir='ltr'>Dei.</span> <span class='ocrx_word' id='word_1_147' title='bbox 400 1697 447 1767; x_wconf 83' lang='lat' dir='ltr'>Et</span> <span class='ocrx_word' id='word_1_148' title='bbox 462 1694 531 1767; x_wconf 89' lang='lat' dir='ltr'>hnc</span> <span class='ocrx_word' id='word_1_149' title='bbox 545 1698 700 1791; x_wconf 86' lang='lat' dir='ltr'>pertinet</span> <span class='ocrx_word' id='word_1_150' title='bbox 718 1700 850 1769; x_wconf 92' lang='lat' dir='ltr'>dictum</span> <span class='ocrx_word' id='word_1_151' title='bbox 871 1699 993 1795; x_wconf 84' lang='lat' dir='ltr'>(Rom.</span> <span class='ocrx_word' id='word_1_152' title='bbox 1012 1702 1071 1782; x_wconf 73' lang='lat'>12,</span> <span class='ocrx_word' id='word_1_153' title='bbox 1091 1699 1185 1795; x_wconf 83' lang='lat'>19.):</span> 
     </span>
     <span class='ocr_line' id='line_1_18' title="bbox 204 1800 1189 1892; baseline -0.009 -15"><span class='ocrx_word' id='word_1_154' title='bbox 204 1801 299 1877; x_wconf 87' lang='lat' dir='ltr'>Mihi</span> <span class='ocrx_word' id='word_1_155' title='bbox 322 1800 535 1884; x_wconf 90' lang='lat' dir='ltr'>vindictam,</span> <span class='ocrx_word' id='word_1_156' title='bbox 574 1814 608 1870; x_wconf 95' lang='lat' dir='ltr'>et</span> <span class='ocrx_word' id='word_1_157' title='bbox 631 1826 695 1892; x_wconf 89' lang='lat' dir='ltr'>ego</span> <span class='ocrx_word' id='word_1_158' title='bbox 717 1803 932 1888; x_wconf 86' lang='lat' dir='ltr'>retribuam,</span> <span class='ocrx_word' id='word_1_159' title='bbox 974 1804 1106 1873; x_wconf 88' lang='lat' dir='ltr'>scilicet</span> <span class='ocrx_word' id='word_1_160' title='bbox 1127 1812 1189 1871; x_wconf 74' lang='lat' dir='ltr'>aaut</span> 
     </span>
     <span class='ocr_line' id='line_1_19' title="bbox 206 1901 1189 2002; baseline -0.007 -25"><span class='ocrx_word' id='word_1_161' title='bbox 206 1933 270 2002; x_wconf 88' lang='lat' dir='ltr'>per</span> <span class='ocrx_word' id='word_1_162' title='bbox 283 1932 340 1977; x_wconf 89' lang='lat' dir='ltr'>me</span> <span class='ocrx_word' id='word_1_163' title='bbox 357 1904 578 1986; x_wconf 84' lang='lat' dir='ltr'>immediate,</span> <span class='ocrx_word' id='word_1_164' title='bbox 614 1916 654 1972; x_wconf 93' lang='lat' dir='ltr'>ut</span> <span class='ocrx_word' id='word_1_165' title='bbox 674 1904 822 1995; x_wconf 92' lang='lat' dir='ltr'>punitur</span> <span class='ocrx_word' id='word_1_166' title='bbox 835 1901 995 1975; x_wconf 89' lang='lat' dir='ltr'>Pharao:</span> <span class='ocrx_word' id='word_1_167' title='bbox 1031 1918 1094 1975; x_wconf 75' lang='lat' dir='ltr'>aaut</span> <span class='ocrx_word' id='word_1_168' title='bbox 1116 1928 1189 1972; x_wconf 90' lang='lat' dir='ltr'>me-</span> 
     </span>
     <span class='ocr_line' id='line_1_20' title="bbox 207 2006 1190 2101; baseline -0.006 -21"><span class='ocrx_word' id='word_1_169' title='bbox 207 2012 302 2097; x_wconf 88' lang='lat' dir='ltr'>diate</span> <span class='ocrx_word' id='word_1_170' title='bbox 316 2032 381 2101; x_wconf 88' lang='lat' dir='ltr'>per</span> <span class='ocrx_word' id='word_1_171' title='bbox 396 2007 641 2096; x_wconf 87' lang='lat' dir='ltr'>magistratum</span> <span class='ocrx_word' id='word_1_172' title='bbox 658 2017 699 2075; x_wconf 93' lang='lat' dir='ltr'>ut</span> <span class='ocrx_word' id='word_1_173' title='bbox 714 2007 862 2098; x_wconf 90' lang='lat' dir='ltr'>punitur</span> <span class='ocrx_word' id='word_1_174' title='bbox 879 2008 1029 2077; x_wconf 83' lang='lat' dir='ltr'>Catilina</span> <span class='ocrx_word' id='word_1_175' title='bbox 1053 2032 1117 2099; x_wconf 89' lang='lat' dir='ltr'>per</span> <span class='ocrx_word' id='word_1_176' title='bbox 1132 2006 1190 2076; x_wconf 93' lang='lat' dir='ltr'>Ci-</span> 
     </span>
     <span class='ocr_line' id='line_1_21' title="bbox 208 2109 1191 2204; baseline -0.011 -17"><span class='ocrx_word' id='word_1_177' title='bbox 208 2109 596 2194; x_wconf 68' lang='lat' dir='ltr'>cerone1n‚·,Antonius</span> <span class='ocrx_word' id='word_1_178' title='bbox 618 2131 680 2198; x_wconf 92' lang='lat' dir='ltr'>per</span> <span class='ocrx_word' id='word_1_179' title='bbox 693 2109 910 2201; x_wconf 89' lang='lat' dir='ltr'>Augustum,</span> <span class='ocrx_word' id='word_1_180' title='bbox 936 2112 1106 2204; x_wconf 82' lang='lat' dir='ltr'>Astyages</span> <span class='ocrx_word' id='word_1_181' title='bbox 1125 2132 1191 2201; x_wconf 93' lang='lat' dir='ltr'>per</span> 
     </span>
     <span class='ocr_line' id='line_1_22' title="bbox 209 2211 1193 2311; baseline -0.008 -23"><span class='ocrx_word' id='word_1_182' title='bbox 209 2218 353 2311; x_wconf 87' lang='lat' dir='ltr'>Cyrum.</span> <span class='ocrx_word' id='word_1_183' title='bbox 403 2212 496 2283; x_wconf 89' lang='lat' dir='ltr'>Nam</span> <span class='ocrx_word' id='word_1_184' title='bbox 511 2224 546 2280; x_wconf 89' lang='lat' dir='ltr'>et</span> <span class='ocrx_word' id='word_1_185' title='bbox 560 2211 736 2296; x_wconf 86' lang='lat' dir='ltr'>vindicta,</span> <span class='ocrx_word' id='word_1_186' title='bbox 761 2237 868 2306; x_wconf 90' lang='lat' dir='ltr'>quarn</span> <span class='ocrx_word' id='word_1_187' title='bbox 886 2212 1041 2305; x_wconf 85' lang='lat' dir='ltr'>legitime</span> <span class='ocrx_word' id='word_1_188' title='bbox 1057 2222 1193 2281; x_wconf 83' lang='lat' dir='ltr'>exercet</span> 
     </span>
     <span class='ocr_line' id='line_1_23' title="bbox 208 2312 1193 2410; baseline -0.009 -19"><span class='ocrx_word' id='word_1_189' title='bbox 208 2320 454 2410; x_wconf 83' lang='lat' dir='ltr'>magistratus,</span> <span class='ocrx_word' id='word_1_190' title='bbox 481 2326 532 2383; x_wconf 86' lang='lat' dir='ltr'>est</span> <span class='ocrx_word' id='word_1_191' title='bbox 550 2312 617 2382; x_wconf 90' lang='lat' dir='ltr'>Dei</span> <span class='ocrx_word' id='word_1_192' title='bbox 632 2338 740 2405; x_wconf 90' lang='lat' dir='ltr'>opus,</span> <span class='ocrx_word' id='word_1_193' title='bbox 767 2316 829 2409; x_wconf 91' lang='lat' dir='ltr'>qui</span> <span class='ocrx_word' id='word_1_194' title='bbox 844 2339 921 2386; x_wconf 89' lang='lat' dir='ltr'>eam</span> <span class='ocrx_word' id='word_1_195' title='bbox 942 2318 1108 2400; x_wconf 87' lang='lat' dir='ltr'>mandat,</span> <span class='ocrx_word' id='word_1_196' title='bbox 1136 2338 1193 2383; x_wconf 91' lang='lat' dir='ltr'>or-</span> 
     </span>
     <span class='ocr_line' id='line_1_24' title="bbox 211 2418 694 2501; baseline -0.019 -6"><span class='ocrx_word' id='word_1_197' title='bbox 211 2424 330 2501; x_wconf 89' lang='lat' dir='ltr'>dinat,</span> <span class='ocrx_word' id='word_1_198' title='bbox 356 2418 501 2487; x_wconf 86' lang='lat' dir='ltr'>adiuvat</span> <span class='ocrx_word' id='word_1_199' title='bbox 515 2429 549 2485; x_wconf 92' lang='lat' dir='ltr'>et</span> <span class='ocrx_word' id='word_1_200' title='bbox 564 2430 694 2487; x_wconf 89' lang='lat' dir='ltr'>tuetur.</span> 
     </span>
    </p>

    <p class='ocr_par' dir='ltr' id='par_1_9' title="bbox 211 2520 1196 2921">
     <span class='ocr_line' id='line_1_25' title="bbox 313 2520 1195 2616; baseline -0.003 -27"><span class='ocrx_word' id='word_1_201' title='bbox 313 2522 406 2590; x_wconf 89' lang='lat' dir='ltr'>llinc</span> <span class='ocrx_word' id='word_1_202' title='bbox 421 2521 513 2611; x_wconf 86' lang='lat' dir='ltr'>leges</span> <span class='ocrx_word' id='word_1_203' title='bbox 527 2520 611 2589; x_wconf 91' lang='lat' dir='ltr'>belli</span> <span class='ocrx_word' id='word_1_204' title='bbox 632 2532 841 2604; x_wconf 90' lang='lat' dir='ltr'>sumuntur,</span> <span class='ocrx_word' id='word_1_205' title='bbox 877 2520 1021 2616; x_wconf 87' lang='lat' dir='ltr'>quarido</span> <span class='ocrx_word' id='word_1_206' title='bbox 1045 2520 1136 2590; x_wconf 91' lang='lat' dir='ltr'>iusta</span> <span class='ocrx_word' id='word_1_207' title='bbox 1160 2531 1195 2587; x_wconf 88' lang='lat' dir='ltr'>et</span> 
     </span>
     <span class='ocr_line' id='line_1_26' title="bbox 212 2623 1195 2717; baseline -0.009 -17"><span class='ocrx_word' id='word_1_208' title='bbox 212 2624 408 2701; x_wconf 88' lang='lat' dir='ltr'>necessaria</span> <span class='ocrx_word' id='word_1_209' title='bbox 421 2637 505 2694; x_wconf 90' lang='lat' dir='ltr'>sunt</span> <span class='ocrx_word' id='word_1_210' title='bbox 518 2623 626 2704; x_wconf 91' lang='lat' dir='ltr'>bella;</span> <span class='ocrx_word' id='word_1_211' title='bbox 660 2623 788 2692; x_wconf 92' lang='lat' dir='ltr'>deinde</span> <span class='ocrx_word' id='word_1_212' title='bbox 809 2623 888 2717; x_wconf 92' lang='lat' dir='ltr'>quis</span> <span class='ocrx_word' id='word_1_213' title='bbox 910 2628 1039 2695; x_wconf 90' lang='lat' dir='ltr'>modus</span> <span class='ocrx_word' id='word_1_214' title='bbox 1059 2637 1093 2692; x_wconf 88' lang='lat' dir='ltr'>et</span> <span class='ocrx_word' id='word_1_215' title='bbox 1115 2623 1195 2692; x_wconf 88' lang='lat' dir='ltr'>linis</span> 
     </span>
     <span class='ocr_line' id='line_1_27' title="bbox 211 2725 1196 2820; baseline -0.01 -18"><span class='ocrx_word' id='word_1_216' title='bbox 211 2757 284 2804; x_wconf 89' lang='lat' dir='ltr'>esse</span> <span class='ocrx_word' id='word_1_217' title='bbox 300 2729 445 2806; x_wconf 88' lang='lat' dir='ltr'>debeat;</span> <span class='ocrx_word' id='word_1_218' title='bbox 478 2726 561 2795; x_wconf 89' lang='lat' dir='ltr'>item</span> <span class='ocrx_word' id='word_1_219' title='bbox 578 2749 668 2820; x_wconf 90' lang='lat' dir='ltr'>quae</span> <span class='ocrx_word' id='word_1_220' title='bbox 684 2725 755 2794; x_wconf 88' lang='lat' dir='ltr'>sint</span> <span class='ocrx_word' id='word_1_221' title='bbox 777 2750 941 2798; x_wconf 87' lang='lat' dir='ltr'>concessa</span> <span class='ocrx_word' id='word_1_222' title='bbox 965 2739 1088 2798; x_wconf 92' lang='lat' dir='ltr'>contra</span> <span class='ocrx_word' id='word_1_223' title='bbox 1110 2727 1196 2815; x_wconf 90' lang='lat' dir='ltr'>legi-</span> 
     </span>
     <span class='ocr_line' id='line_1_28' title="bbox 213 2828 870 2921; baseline -0.009 -15"><span class='ocrx_word' id='word_1_224' title='bbox 213 2836 319 2906; x_wconf 91' lang='lat' dir='ltr'>timos</span> <span class='ocrx_word' id='word_1_225' title='bbox 335 2828 473 2913; x_wconf 88' lang='lat' dir='ltr'>hostes,</span> <span class='ocrx_word' id='word_1_226' title='bbox 498 2853 589 2921; x_wconf 91' lang='lat' dir='ltr'>quae</span> <span class='ocrx_word' id='word_1_227' title='bbox 604 2852 678 2897; x_wconf 87' lang='lat' dir='ltr'>non</span> <span class='ocrx_word' id='word_1_228' title='bbox 694 2852 870 2900; x_wconf 91' lang='lat' dir='ltr'>concessa.</span> 
     </span>
    </p>
   </div>
   <div class='ocr_carea' id='block_1_8' title="bbox 557 2998 849 3091">
    <p class='ocr_par' dir='ltr' id='par_1_10' title="bbox 557 2998 849 3091">
     <span class='ocr_line' id='line_1_29' title="bbox 557 2998 849 3091; baseline 0.017 -25"><span class='ocrx_word' id='word_1_229' title='bbox 557 2998 694 3091; x_wconf 87' lang='lat' dir='ltr'>Leges</span> <span class='ocrx_word' id='word_1_230' title='bbox 723 2999 849 3071; x_wconf 93' lang='lat' dir='ltr'>belli.</span> 
     </span>
    </p>
   </div>
   <div class='ocr_carea' id='block_1_9' title="bbox 217 3130 1204 4568">
    <p class='ocr_par' dir='ltr' id='par_1_11' title="bbox 217 3130 1204 4568">
     <span class='ocr_line' id='line_1_30' title="bbox 320 3130 1198 3228; baseline -0.003 -21"><span class='ocrx_word' id='word_1_231' title='bbox 320 3135 497 3226; x_wconf 83' lang='lat' dir='ltr'>Scriptum</span> <span class='ocrx_word' id='word_1_232' title='bbox 514 3147 565 3205; x_wconf 90' lang='lat' dir='ltr'>est</span> <span class='ocrx_word' id='word_1_233' title='bbox 584 3131 727 3227; x_wconf 86' lang='lat' dir='ltr'>(Ezech.</span> <span class='ocrx_word' id='word_1_234' title='bbox 744 3140 806 3218; x_wconf 79' lang='lat'>20,</span> <span class='ocrx_word' id='word_1_235' title='bbox 824 3134 916 3228; x_wconf 85' lang='grc'><strong>19.);</strong></span> <span class='ocrx_word' id='word_1_236' title='bbox 943 3130 983 3203; x_wconf 91' lang='lat' dir='ltr'>ln</span> <span class='ocrx_word' id='word_1_237' title='bbox 1000 3134 1198 3227; x_wconf 87' lang='lat' dir='ltr'>praeceptis</span> 
     </span>
     <span class='ocr_line' id='line_1_31' title="bbox 217 3233 1199 3322; baseline -0.004 -11"><span class='ocrx_word' id='word_1_238' title='bbox 217 3240 305 3320; x_wconf 89' lang='lat' dir='ltr'>meis</span> <span class='ocrx_word' id='word_1_239' title='bbox 320 3238 509 3307; x_wconf 88' lang='lat' dir='ltr'>ambulate.</span> <span class='ocrx_word' id='word_1_240' title='bbox 566 3237 640 3308; x_wconf 88' lang='lat' dir='ltr'>Nec</span> <span class='ocrx_word' id='word_1_241' title='bbox 665 3252 776 3307; x_wconf 90' lang='lat' dir='ltr'>cessat</span> <span class='ocrx_word' id='word_1_242' title='bbox 794 3240 848 3309; x_wconf 81' lang='lat' dir='ltr'>lex</span> <span class='ocrx_word' id='word_1_243' title='bbox 863 3237 931 3307; x_wconf 91' lang='lat' dir='ltr'>Dei</span> <span class='ocrx_word' id='word_1_244' title='bbox 953 3238 1047 3306; x_wconf 90' lang='lat' dir='ltr'>inter</span> <span class='ocrx_word' id='word_1_245' title='bbox 1067 3233 1199 3322; x_wconf 91' lang='lat' dir='ltr'>hostes,</span> 
     </span>
     <span class='ocr_line' id='line_1_32' title="bbox 217 3340 1199 3437; baseline -0.009 -22"><span class='ocrx_word' id='word_1_246' title='bbox 217 3358 259 3416; x_wconf 92' lang='lat' dir='ltr'>nt</span> <span class='ocrx_word' id='word_1_247' title='bbox 280 3364 486 3437; x_wconf 88' lang='lat' dir='ltr'>quanquam</span> <span class='ocrx_word' id='word_1_248' title='bbox 507 3365 635 3432; x_wconf 89' lang='lat' dir='ltr'>sponsa</span> <span class='ocrx_word' id='word_1_249' title='bbox 660 3341 807 3411; x_wconf 90' lang='lat' dir='ltr'>alterius</span> <span class='ocrx_word' id='word_1_250' title='bbox 828 3344 977 3410; x_wconf 90' lang='lat' dir='ltr'>adducta</span> <span class='ocrx_word' id='word_1_251' title='bbox 1000 3343 1044 3410; x_wconf 92' lang='lat' dir='ltr'>ad</span> <span class='ocrx_word' id='word_1_252' title='bbox 1065 3340 1199 3433; x_wconf 87' lang='lat' dir='ltr'>Scipio-</span> 
     </span>
     <span class='ocr_line' id='line_1_33' title="bbox 217 3438 1200 3539; baseline -0.006 -22"><span class='ocrx_word' id='word_1_253' title='bbox 217 3472 302 3517; x_wconf 90' lang='lat' dir='ltr'>nem</span> <span class='ocrx_word' id='word_1_254' title='bbox 328 3457 429 3536; x_wconf 84' lang='lat' dir='ltr'>capta</span> <span class='ocrx_word' id='word_1_255' title='bbox 453 3456 505 3513; x_wconf 88' lang='lat' dir='ltr'>est</span> <span class='ocrx_word' id='word_1_256' title='bbox 527 3469 568 3512; x_wconf 80' lang='lat' dir='ltr'>ex</span> <span class='ocrx_word' id='word_1_257' title='bbox 589 3438 823 3539; x_wconf 79' lang='lat' dir='ltr'>hostibus⁸⁷)‚</span> <span class='ocrx_word' id='word_1_258' title='bbox 857 3458 978 3514; x_wconf 91' lang='lat' dir='ltr'>tamen</span> <span class='ocrx_word' id='word_1_259' title='bbox 1000 3457 1124 3513; x_wconf 87' lang='lat' dir='ltr'>manet</span> <span class='ocrx_word' id='word_1_260' title='bbox 1144 3444 1200 3512; x_wconf 84' lang='lat' dir='ltr'>lex</span> 
     </span>
     <span class='ocr_line' id='line_1_34' title="bbox 219 3542 1200 3620; baseline -0.005 0"><span class='ocrx_word' id='word_1_261' title='bbox 219 3550 358 3620; x_wconf 87' lang='lat' dir='ltr'>divina:</span> <span class='ocrx_word' id='word_1_262' title='bbox 383 3548 467 3619; x_wconf 89' lang='lat' dir='ltr'>Non</span> <span class='ocrx_word' id='word_1_263' title='bbox 480 3542 735 3618; x_wconf 88' lang='lat' dir='ltr'>moechaberis.</span> <span class='ocrx_word' id='word_1_264' title='bbox 768 3548 842 3620; x_wconf 88' lang='lat' dir='ltr'>Nec</span> <span class='ocrx_word' id='word_1_265' title='bbox 857 3549 989 3618; x_wconf 90' lang='lat' dir='ltr'>bellum</span> <span class='ocrx_word' id='word_1_266' title='bbox 1007 3547 1132 3616; x_wconf 91' lang='lat' dir='ltr'>tribuit</span> <span class='ocrx_word' id='word_1_267' title='bbox 1145 3547 1200 3615; x_wconf 90' lang='lat' dir='ltr'>ius</span> 
     </span>
     <span class='ocr_line' id='line_1_35' title="bbox 219 3649 1201 3744; baseline -0.008 -20"><span class='ocrx_word' id='word_1_268' title='bbox 219 3650 378 3744; x_wconf 88' lang='lat' dir='ltr'>Scipioni</span> <span class='ocrx_word' id='word_1_269' title='bbox 397 3650 568 3740; x_wconf 88' lang='lat' dir='ltr'>attingere</span> <span class='ocrx_word' id='word_1_270' title='bbox 586 3650 729 3721; x_wconf 89' lang='lat' dir='ltr'>alterius</span> <span class='ocrx_word' id='word_1_271' title='bbox 752 3676 932 3743; x_wconf 88' lang='lat' dir='ltr'>sponsam.</span> <span class='ocrx_word' id='word_1_272' title='bbox 983 3649 1041 3720; x_wconf 83' lang='lat' dir='ltr'>sic</span> <span class='ocrx_word' id='word_1_273' title='bbox 1055 3649 1201 3721; x_wconf 82' lang='lat' dir='ltr'>Consul-</span> 
     </span>
     <span class='ocr_line' id='line_1_36' title="bbox 221 3752 1202 3848; baseline -0.005 -24"><span class='ocrx_word' id='word_1_274' title='bbox 221 3753 339 3848; x_wconf 80' lang='lat' dir='ltr'>vus⁸⁸)</span> <span class='ocrx_word' id='word_1_275' title='bbox 363 3753 507 3822; x_wconf 82' lang='lat' dir='ltr'>Genuae</span> <span class='ocrx_word' id='word_1_276' title='bbox 529 3752 618 3820; x_wconf 90' lang='lat' dir='ltr'>iuste</span> <span class='ocrx_word' id='word_1_277' title='bbox 639 3753 739 3835; x_wconf 87' lang='lat' dir='ltr'>fecit,</span> <span class='ocrx_word' id='word_1_278' title='bbox 775 3755 836 3847; x_wconf 91' lang='lat' dir='ltr'>qui</span> <span class='ocrx_word' id='word_1_279' title='bbox 858 3779 938 3823; x_wconf 85' lang='lat' dir='ltr'>curn</span> <span class='ocrx_word' id='word_1_280' title='bbox 960 3755 1126 3835; x_wconf 91' lang='lat' dir='ltr'>domum,</span> <span class='ocrx_word' id='word_1_281' title='bbox 1163 3752 1202 3819; x_wconf 94' lang='lat' dir='ltr'>in</span> 
     </span>
     <span class='ocr_line' id='line_1_37' title="bbox 219 3854 1202 3954; baseline -0.007 -24"><span class='ocrx_word' id='word_1_282' title='bbox 219 3882 290 3954; x_wconf 90' lang='lat' dir='ltr'>qua</span> <span class='ocrx_word' id='word_1_283' title='bbox 307 3855 408 3927; x_wconf 92' lang='lat' dir='ltr'>miles</span> <span class='ocrx_word' id='word_1_284' title='bbox 426 3854 595 3946; x_wconf 88' lang='lat' dir='ltr'>praedam</span> <span class='ocrx_word' id='word_1_285' title='bbox 612 3878 785 3947; x_wconf 90' lang='lat' dir='ltr'>quaerens</span> <span class='ocrx_word' id='word_1_286' title='bbox 801 3856 906 3923; x_wconf 90' lang='lat' dir='ltr'>etiarn</span> <span class='ocrx_word' id='word_1_287' title='bbox 926 3868 1126 3924; x_wconf 90' lang='lat' dir='ltr'>matronam</span> <span class='ocrx_word' id='word_1_288' title='bbox 1145 3879 1202 3923; x_wconf 92' lang='lat' dir='ltr'>co-</span> 
     </span>
     <span class='ocr_line' id='line_1_38' title="bbox 221 3955 1202 4055; baseline -0.005 -23"><span class='ocrx_word' id='word_1_289' title='bbox 221 3985 302 4055; x_wconf 79' lang='lat' dir='ltr'>gere</span> <span class='ocrx_word' id='word_1_290' title='bbox 324 3958 438 4028; x_wconf 87' lang='lat' dir='ltr'>voluit</span> <span class='ocrx_word' id='word_1_291' title='bbox 458 3958 503 4025; x_wconf 90' lang='lat' dir='ltr'>ad</span> <span class='ocrx_word' id='word_1_292' title='bbox 532 3955 763 4039; x_wconf 88' lang='lat' dir='ltr'>adulterium,</span> <span class='ocrx_word' id='word_1_293' title='bbox 794 3959 1022 4049; x_wconf 88' lang='lat' dir='ltr'>praeteriret,</span> <span class='ocrx_word' id='word_1_294' title='bbox 1056 3956 1202 4027; x_wconf 87' lang='lat' dir='ltr'>audiens</span> 
     </span>
     <span class='ocr_line' id='line_1_39' title="bbox 221 4057 1203 4149; baseline -0.006 -15"><span class='ocrx_word' id='word_1_295' title='bbox 221 4065 391 4134; x_wconf 78' lang='lat' dir='ltr'>eitdatum</span> <span class='ocrx_word' id='word_1_296' title='bbox 408 4057 585 4141; x_wconf 89' lang='lat' dir='ltr'>mulieris,</span> <span class='ocrx_word' id='word_1_297' title='bbox 618 4059 794 4149; x_wconf 86' lang='lat' dir='ltr'>ingressus</span> <span class='ocrx_word' id='word_1_298' title='bbox 824 4073 875 4129; x_wconf 91' lang='lat' dir='ltr'>est</span> <span class='ocrx_word' id='word_1_299' title='bbox 902 4060 941 4128; x_wconf 92' lang='lat' dir='ltr'>in</span> <span class='ocrx_word' id='word_1_300' title='bbox 969 4062 1135 4145; x_wconf 92' lang='lat' dir='ltr'>domum,</span> <span class='ocrx_word' id='word_1_301' title='bbox 1169 4073 1203 4128; x_wconf 92' lang='lat' dir='ltr'>ct</span> 
     </span>
     <span class='ocr_line' id='line_1_40' title="bbox 222 4157 1202 4259; baseline -0.008 -21"><span class='ocrx_word' id='word_1_302' title='bbox 222 4167 342 4239; x_wconf 90' lang='lat' dir='ltr'>audita</span> <span class='ocrx_word' id='word_1_303' title='bbox 367 4164 510 4259; x_wconf 85' lang='lat' dir='ltr'>querela</span> <span class='ocrx_word' id='word_1_304' title='bbox 530 4157 699 4231; x_wconf 88' lang='lat' dir='ltr'>honestae</span> <span class='ocrx_word' id='word_1_305' title='bbox 718 4175 924 4247; x_wconf 89' lang='lat' dir='ltr'>matronae,</span> <span class='ocrx_word' id='word_1_306' title='bbox 962 4163 1112 4232; x_wconf 92' lang='lat' dir='ltr'>militem</span> <span class='ocrx_word' id='word_1_307' title='bbox 1139 4188 1202 4232; x_wconf 91' lang='lat' dir='ltr'>sua</span> 
     </span>
     <span class='ocr_line' id='line_1_41' title="bbox 221 4264 1203 4341; baseline -0.01 0"><span class='ocrx_word' id='word_1_308' title='bbox 221 4295 332 4341; x_wconf 91' lang='lat' dir='ltr'>manu</span> <span class='ocrx_word' id='word_1_309' title='bbox 346 4264 532 4337; x_wconf 85' lang='lat' dir='ltr'>interiecit.</span> <span class='ocrx_word' id='word_1_310' title='bbox 582 4264 782 4334; x_wconf 79' lang='lat' dir='ltr'>Alexander</span> <span class='ocrx_word' id='word_1_311' title='bbox 803 4265 904 4336; x_wconf 90' lang='lat' dir='ltr'>iussit</span> <span class='ocrx_word' id='word_1_312' title='bbox 918 4265 1139 4334; x_wconf 90' lang='lat' dir='ltr'>Timocleam</span> <span class='ocrx_word' id='word_1_313' title='bbox 1162 4265 1203 4333; x_wconf 92' lang='lat' dir='ltr'>li-</span> 
     </span>
     <span class='ocr_line' id='line_1_42' title="bbox 222 4367 1203 4462; baseline -0.007 -18"><span class='ocrx_word' id='word_1_314' title='bbox 222 4377 345 4445; x_wconf 87' lang='lat' dir='ltr'>beram</span> <span class='ocrx_word' id='word_1_315' title='bbox 373 4396 466 4453; x_wconf 88' lang='lat' dir='ltr'>esse‚</span> <span class='ocrx_word' id='word_1_316' title='bbox 500 4392 591 4462; x_wconf 90' lang='lat' dir='ltr'>quae</span> <span class='ocrx_word' id='word_1_317' title='bbox 614 4368 837 4438; x_wconf 84' lang='lat' dir='ltr'>interfecerat</span> <span class='ocrx_word' id='word_1_318' title='bbox 856 4393 968 4438; x_wconf 92' lang='lat' dir='ltr'>unum</span> <span class='ocrx_word' id='word_1_319' title='bbox 991 4393 1032 4437; x_wconf 83' lang='lat' dir='ltr'>ex</span> <span class='ocrx_word' id='word_1_320' title='bbox 1053 4367 1203 4437; x_wconf 88' lang='lat' dir='ltr'>tribunis</span> 
     </span>
     <span class='ocr_line' id='line_1_43' title="bbox 223 4471 1204 4568; baseline -0.004 -23"><span class='ocrx_word' id='word_1_321' title='bbox 223 4476 396 4555; x_wconf 87' lang='lat' dir='ltr'>militurn,</span> <span class='ocrx_word' id='word_1_322' title='bbox 423 4471 486 4568; x_wconf 93' lang='lat' dir='ltr'>qui</span> <span class='ocrx_word' id='word_1_323' title='bbox 505 4495 583 4539; x_wconf 85' lang='lat' dir='ltr'>earn</span> <span class='ocrx_word' id='word_1_324' title='bbox 605 4474 651 4540; x_wconf 89' lang='lat' dir='ltr'>ad</span> <span class='ocrx_word' id='word_1_325' title='bbox 673 4472 886 4542; x_wconf 87' lang='lat' dir='ltr'>adulterium</span> <span class='ocrx_word' id='word_1_326' title='bbox 908 4494 1033 4562; x_wconf 89' lang='lat' dir='ltr'>cogere</span> <span class='ocrx_word' id='word_1_327' title='bbox 1057 4483 1204 4541; x_wconf 88' lang='lat' dir='ltr'>conatus</span> 
     </span>
    </p>
   </div>
   <div class='ocr_carea' id='block_1_10' title="bbox 225 4592 1203 4748">
    <p class='ocr_par' dir='ltr' id='par_1_12' title="bbox 225 4592 1203 4748">
     <span class='ocr_line' id='line_1_44' title="bbox 225 4592 1203 4748; baseline -0.002 0"><span class='ocrx_word' id='word_1_328' title='bbox 225 4592 312 4649; x_wconf 45' lang='lat' dir='ltr'><strong>erat·</strong></span> <span class='ocrx_word' id='word_1_329' title='bbox 327 4677 418 4747; x_wconf 88' lang='lat' dir='ltr'>Cum</span> <span class='ocrx_word' id='word_1_330' title='bbox 447 4676 486 4743; x_wconf 94' lang='lat' dir='ltr'>in</span> <span class='ocrx_word' id='word_1_331' title='bbox 515 4676 608 4745; x_wconf 91' lang='lat' dir='ltr'>bello</span> <span class='ocrx_word' id='word_1_332' title='bbox 636 4674 750 4748; x_wconf 81' lang='lat'>1546.</span> <span class='ocrx_word' id='word_1_333' title='bbox 783 4674 984 4746; x_wconf 83' lang='lat' dir='ltr'>Alexander</span> <span class='ocrx_word' id='word_1_334' title='bbox 1013 4675 1042 4744; x_wconf 89' lang='lat' dir='ltr'>F</span> <span class='ocrx_word' id='word_1_335' title='bbox 1045 4675 1203 4746; x_wconf 77' lang='lat' dir='ltr'>aenesius</span> 
     </span>
    </p>
   </div>
   <div class='ocr_carea' id='block_1_11' title="bbox 222 4776 1204 4973">
    <p class='ocr_par' dir='ltr' id='par_1_13' title="bbox 222 4776 1204 4973">
     <span class='ocr_line' id='line_1_45' title="bbox 224 4776 1204 4880; baseline -0.007 -24"><span class='ocrx_word' id='word_1_336' title='bbox 224 4783 399 4880; x_wconf 88' lang='lat' dir='ltr'>quaedam</span> <span class='ocrx_word' id='word_1_337' title='bbox 424 4778 517 4848; x_wconf 90' lang='lat' dir='ltr'>inter</span> <span class='ocrx_word' id='word_1_338' title='bbox 541 4791 723 4848; x_wconf 90' lang='lat' dir='ltr'>matronas</span> <span class='ocrx_word' id='word_1_339' title='bbox 745 4779 883 4850; x_wconf 91' lang='lat' dir='ltr'>nobiles</span> <span class='ocrx_word' id='word_1_340' title='bbox 903 4776 1088 4849; x_wconf 90' lang='lat' dir='ltr'>inhoneste</span> <span class='ocrx_word' id='word_1_341' title='bbox 1105 4778 1204 4849; x_wconf 89' lang='lat' dir='ltr'>secis-</span> 
     </span>
     <span class='ocr_line' id='line_1_46' title="bbox 222 4880 1203 4973; baseline -0.007 -15"><span class='ocrx_word' id='word_1_342' title='bbox 222 4901 286 4970; x_wconf 81' lang='lat' dir='ltr'>set,</span> <span class='ocrx_word' id='word_1_343' title='bbox 313 4883 461 4956; x_wconf 87' lang='lat' dir='ltr'>Carolus</span> <span class='ocrx_word' id='word_1_344' title='bbox 477 4881 670 4973; x_wconf 90' lang='lat' dir='ltr'>imperator</span> <span class='ocrx_word' id='word_1_345' title='bbox 685 4880 734 4951; x_wconf 87' lang='lat' dir='ltr'>sic</span> <span class='ocrx_word' id='word_1_346' title='bbox 751 4883 881 4952; x_wconf 86' lang='lat' dir='ltr'>exarsit</span> <span class='ocrx_word' id='word_1_347' title='bbox 895 4882 969 4968; x_wconf 88' lang='lat' dir='ltr'>ira,</span> <span class='ocrx_word' id='word_1_348' title='bbox 993 4895 1033 4952; x_wconf 93' lang='lat' dir='ltr'>ut</span> <span class='ocrx_word' id='word_1_349' title='bbox 1046 4881 1203 4972; x_wconf 87' lang='lat' dir='ltr'>gladium</span> 
     </span>
    </p>
   </div>
   <div class='ocr_carea' id='block_1_12' title="bbox 224 5044 430 5061">
    <p class='ocr_par' dir='ltr' id='par_1_14' title="bbox 224 5044 430 5061">
     <span class='ocr_line' id='line_1_47' title="bbox 224 5044 430 5061; baseline -0.005 0"><span class='ocrx_word' id='word_1_350' title='bbox 224 5044 430 5061; x_wconf 74' lang='lat'>-—--—</span> 
     </span>
    </p>
   </div>
   <div class='ocr_carea' id='block_1_13' title="bbox 257 5115 760 5191">
    <p class='ocr_par' dir='ltr' id='par_1_15' title="bbox 257 5115 760 5191">
     <span class='ocr_line' id='line_1_48' title="bbox 257 5115 760 5191; baseline -0.024 -11"><span class='ocrx_word' id='word_1_351' title='bbox 257 5124 305 5191; x_wconf 78' lang='lat' dir='ltr'>st)</span> <span class='ocrx_word' id='word_1_352' title='bbox 324 5122 402 5174; x_wconf 82' lang='lat' dir='ltr'>Conl.</span> <span class='ocrx_word' id='word_1_353' title='bbox 423 5128 508 5182; x_wconf 71' lang='lat' dir='ltr'>supra</span> <span class='ocrx_word' id='word_1_354' title='bbox 523 5132 548 5181; x_wconf 88' lang='lat' dir='ltr'>p.</span> <span class='ocrx_word' id='word_1_355' title='bbox 566 5115 760 5169; x_wconf 62' lang='grc'>1811101866.</span> 
     </span>
    </p>
   </div>
   <div class='ocr_carea' id='block_1_14' title="bbox 258 5216 1204 5484">
    <p class='ocr_par' dir='ltr' id='par_1_16' title="bbox 258 5216 1204 5484">
     <span class='ocr_line' id='line_1_49' title="bbox 258 5216 1204 5295; baseline -0.01 -16"><span class='ocrx_word' id='word_1_356' title='bbox 258 5227 307 5295; x_wconf 74' lang='lat' dir='ltr'>as)</span> <span class='ocrx_word' id='word_1_357' title='bbox 326 5225 490 5278; x_wconf 81' lang='lat' dir='ltr'>lternander</span> <span class='ocrx_word' id='word_1_358' title='bbox 508 5221 653 5286; x_wconf 76' lang='lat' dir='ltr'>ynqutter</span> <span class='ocrx_word' id='word_1_359' title='bbox 669 5218 826 5281; x_wconf 85' lang='lat' dir='ltr'>Gonsatvo‚</span> <span class='ocrx_word' id='word_1_360' title='bbox 851 5218 885 5267; x_wconf 83' lang='lat' dir='ltr'>ob</span> <span class='ocrx_word' id='word_1_361' title='bbox 902 5216 1027 5268; x_wconf 71' lang='lat' dir='ltr'>extentam</span> <span class='ocrx_word' id='word_1_362' title='bbox 1047 5218 1111 5269; x_wconf 80' lang='lat' dir='ltr'>bettt</span> <span class='ocrx_word' id='word_1_363' title='bbox 1127 5220 1204 5283; x_wconf 83' lang='lat' dir='ltr'>perl-</span> 
     </span>
     <span class='ocr_line' id='line_1_50' title="bbox 287 5286 1204 5354; baseline -0.022 -5"><span class='ocrx_word' id='word_1_364' title='bbox 287 5299 353 5349; x_wconf 80' lang='lat' dir='ltr'>tlrnt</span> <span class='ocrx_word' id='word_1_365' title='bbox 371 5297 399 5343; x_wconf 84' lang='lat' dir='ltr'>et</span> <span class='ocrx_word' id='word_1_366' title='bbox 417 5293 517 5342; x_wconf 79' lang='lat' dir='ltr'>mtcttas</span> <span class='ocrx_word' id='word_1_367' title='bbox 534 5304 580 5340; x_wconf 87' lang='lat' dir='ltr'>res</span> <span class='ocrx_word' id='word_1_368' title='bbox 599 5289 710 5354; x_wconf 79' lang='lat' dir='ltr'>egregie</span> <span class='ocrx_word' id='word_1_369' title='bbox 727 5289 824 5350; x_wconf 79' lang='lat' dir='ltr'>gestas</span> <span class='ocrx_word' id='word_1_370' title='bbox 842 5288 866 5335; x_wconf 87' lang='lat' dir='ltr'>el</span> <span class='ocrx_word' id='word_1_371' title='bbox 891 5297 960 5350; x_wconf 75' lang='lat' dir='ltr'>gran</span> <span class='ocrx_word' id='word_1_372' title='bbox 979 5286 1111 5350; x_wconf 75' lang='lat' dir='ltr'>capitano</span> <span class='ocrx_word' id='word_1_373' title='bbox 1129 5294 1204 5350; x_wconf 73' lang='lat' dir='ltr'>(ma.</span> 
     </span>
     <span class='ocr_line' id='line_1_51' title="bbox 287 5354 1204 5484; baseline -0.009 -69"><span class='ocrx_word' id='word_1_374' title='bbox 287 5380 368 5484; x_wconf 56' lang='lat' dir='ltr'>,iffi</span> <span class='ocrx_word' id='word_1_375' title='bbox 381 5364 450 5420; x_wconf 81' lang='lat' dir='ltr'>dux)</span> <span class='ocrx_word' id='word_1_376' title='bbox 467 5359 689 5449; x_wconf 77' lang='lat' dir='ltr'>cognominatus,</span> <span class='ocrx_word' id='word_1_377' title='bbox 709 5356 776 5408; x_wconf 68' lang='lat'>15⁰2</span> <span class='ocrx_word' id='word_1_378' title='bbox 790 5358 817 5406; x_wconf 81' lang='lat' dir='ltr'>et</span> <span class='ocrx_word' id='word_1_379' title='bbox 832 5355 900 5406; x_wconf 73' lang='lat' dir='ltr'>tout</span> <span class='ocrx_word' id='word_1_380' title='bbox 916 5354 943 5404; x_wconf 88' lang='lat' dir='ltr'>ln</span> <span class='ocrx_word' id='word_1_381' title='bbox 955 5354 1037 5406; x_wconf 77' lang='lat' dir='ltr'>[totta</span> <span class='ocrx_word' id='word_1_382' title='bbox 1055 5359 1204 5409; x_wconf 76' lang='lat' dir='ltr'>exercitum</span> 
     </span>
    </p>
   </div>
   <div class='ocr_carea' id='block_1_15' title="bbox 1231 1092 2012 1191">
    <p class='ocr_par' dir='ltr' id='par_1_17' title="bbox 1231 1092 2012 1191">
     <span class='ocr_line' id='line_1_52' title="bbox 1231 1092 2012 1191; baseline -0.015 -19"><span class='ocrx_word' id='word_1_383' title='bbox 1231 1116 1271 1173; x_wconf 92' lang='lat' dir='ltr'>ut</span> <span class='ocrx_word' id='word_1_384' title='bbox 1285 1100 1480 1169; x_wconf 89' lang='lat' dir='ltr'>Deuterou.</span> <span class='ocrx_word' id='word_1_385' title='bbox 1497 1097 1557 1179; x_wconf 87' lang='grc'>19,</span> <span class='ocrx_word' id='word_1_386' title='bbox 1573 1095 1688 1191; x_wconf 81' lang='lat'>(13.):</span> <span class='ocrx_word' id='word_1_387' title='bbox 1728 1095 1812 1165; x_wconf 84' lang='lat' dir='ltr'>Non</span> <span class='ocrx_word' id='word_1_388' title='bbox 1827 1115 1952 1184; x_wconf 90' lang='lat' dir='ltr'>parcas</span> <span class='ocrx_word' id='word_1_389' title='bbox 1968 1092 2012 1160; x_wconf 88' lang='lat' dir='ltr'>ei.</span> 
     </span>
    </p>
   </div>
   <div class='ocr_carea' id='block_1_16' title="bbox 1235 1208 2225 1908">
    <p class='ocr_par' dir='ltr' id='par_1_18' title="bbox 1235 1208 2225 1908">
     <span class='ocr_line' id='line_1_53' title="bbox 1334 1208 2224 1307; baseline -0.015 -19"><span class='ocrx_word' id='word_1_390' title='bbox 1334 1218 1491 1288; x_wconf 77' lang='lat' dir='ltr'>blttxime</span> <span class='ocrx_word' id='word_1_391' title='bbox 1507 1230 1625 1287; x_wconf 90' lang='lat' dir='ltr'>autem</span> <span class='ocrx_word' id='word_1_392' title='bbox 1642 1215 1827 1307; x_wconf 90' lang='lat' dir='ltr'>perspicua</span> <span class='ocrx_word' id='word_1_393' title='bbox 1844 1235 1946 1282; x_wconf 90' lang='lat' dir='ltr'>causa</span> <span class='ocrx_word' id='word_1_394' title='bbox 1962 1208 2046 1279; x_wconf 91' lang='lat' dir='ltr'>belli</span> <span class='ocrx_word' id='word_1_395' title='bbox 2060 1209 2224 1301; x_wconf 80' lang='lat' dir='ltr'>gerendi,</span> 
     </span>
     <span class='ocr_line' id='line_1_54' title="bbox 1235 1311 2221 1394; baseline -0.014 0"><span class='ocrx_word' id='word_1_396' title='bbox 1235 1336 1288 1394; x_wconf 87' lang='lat' dir='ltr'>cst</span> <span class='ocrx_word' id='word_1_397' title='bbox 1304 1347 1403 1393; x_wconf 88' lang='lat' dir='ltr'>casus</span> <span class='ocrx_word' id='word_1_398' title='bbox 1421 1345 1525 1389; x_wconf 78' lang='lat' dir='ltr'>verae</span> <span class='ocrx_word' id='word_1_399' title='bbox 1542 1332 1576 1388; x_wconf 91' lang='lat' dir='ltr'>ct</span> <span class='ocrx_word' id='word_1_400' title='bbox 1590 1343 1664 1388; x_wconf 95' lang='lat' dir='ltr'>non</span> <span class='ocrx_word' id='word_1_401' title='bbox 1680 1317 1866 1388; x_wconf 87' lang='lat' dir='ltr'>simulatae</span> <span class='ocrx_word' id='word_1_402' title='bbox 1883 1311 2108 1383; x_wconf 81' lang='lat' dir='ltr'>detensionis.</span> <span class='ocrx_word' id='word_1_403' title='bbox 2168 1312 2221 1382; x_wconf 76' lang='lat' dir='ltr'>Ut</span> 
     </span>
     <span class='ocr_line' id='line_1_55' title="bbox 1237 1415 2223 1514; baseline -0.014 -18"><span class='ocrx_word' id='word_1_404' title='bbox 1237 1425 1366 1497; x_wconf 84' lang='lat' dir='ltr'>Graeci</span> <span class='ocrx_word' id='word_1_405' title='bbox 1390 1436 1517 1514; x_wconf 88' lang='lat' dir='ltr'>gerunt</span> <span class='ocrx_word' id='word_1_406' title='bbox 1545 1422 1677 1491; x_wconf 91' lang='lat' dir='ltr'>bellum</span> <span class='ocrx_word' id='word_1_407' title='bbox 1708 1432 1832 1489; x_wconf 90' lang='lat' dir='ltr'>contra</span> <span class='ocrx_word' id='word_1_408' title='bbox 1854 1418 1992 1486; x_wconf 88' lang='lat' dir='ltr'>Xerxen</span> <span class='ocrx_word' id='word_1_409' title='bbox 2020 1415 2223 1484; x_wconf 89' lang='lat' dir='ltr'>neccssaria</span> 
     </span>
     <span class='ocr_line' id='line_1_56' title="bbox 1237 1514 2224 1610; baseline -0.015 -11"><span class='ocrx_word' id='word_1_410' title='bbox 1237 1528 1459 1610; x_wconf 89' lang='lat' dir='ltr'>dcscnsionc,</span> <span class='ocrx_word' id='word_1_411' title='bbox 1485 1524 1642 1594; x_wconf 83' lang='lat' dir='ltr'>Romani</span> <span class='ocrx_word' id='word_1_412' title='bbox 1667 1537 1790 1593; x_wconf 93' lang='lat' dir='ltr'>contra</span> <span class='ocrx_word' id='word_1_413' title='bbox 1808 1519 2068 1600; x_wconf 88' lang='lat' dir='ltr'>Hannibalem,</span> <span class='ocrx_word' id='word_1_414' title='bbox 2099 1514 2224 1587; x_wconf 91' lang='lat' dir='ltr'>ludaei</span> 
     </span>
     <span class='ocr_line' id='line_1_57' title="bbox 1239 1620 2224 1716; baseline -0.012 -14"><span class='ocrx_word' id='word_1_415' title='bbox 1239 1644 1361 1702; x_wconf 93' lang='lat' dir='ltr'>contra</span> <span class='ocrx_word' id='word_1_416' title='bbox 1385 1623 1622 1713; x_wconf 76' lang='lat' dir='ltr'>Antiochum,</span> <span class='ocrx_word' id='word_1_417' title='bbox 1660 1626 1740 1696; x_wconf 89' lang='lat' dir='ltr'>idco</span> <span class='ocrx_word' id='word_1_418' title='bbox 1767 1624 1936 1716; x_wconf 86' lang='lat' dir='ltr'>scripturn</span> <span class='ocrx_word' id='word_1_419' title='bbox 1961 1634 2012 1691; x_wconf 90' lang='lat' dir='ltr'>cst</span> <span class='ocrx_word' id='word_1_420' title='bbox 2033 1620 2224 1703; x_wconf 78' lang='lat' dir='ltr'>llorn.15,</span> 
     </span>
     <span class='ocr_line' id='line_1_58' title="bbox 1239 1722 2225 1829; baseline -0.014 -24"><span class='ocrx_word' id='word_1_421' title='bbox 1239 1735 1327 1829; x_wconf 76' lang='lat'>(4.):</span> <span class='ocrx_word' id='word_1_422' title='bbox 1354 1731 1584 1823; x_wconf 88' lang='lat' dir='ltr'>Magistratus</span> <span class='ocrx_word' id='word_1_423' title='bbox 1599 1730 1667 1799; x_wconf 89' lang='lat' dir='ltr'>Dei</span> <span class='ocrx_word' id='word_1_424' title='bbox 1685 1729 1845 1799; x_wconf 88' lang='lat' dir='ltr'>minister</span> <span class='ocrx_word' id='word_1_425' title='bbox 1859 1739 1911 1796; x_wconf 89' lang='lat' dir='ltr'>est</span> <span class='ocrx_word' id='word_1_426' title='bbox 1926 1725 2054 1792; x_wconf 81' lang='lat' dir='ltr'>vindex</span> <span class='ocrx_word' id='word_1_427' title='bbox 2069 1725 2116 1792; x_wconf 93' lang='lat' dir='ltr'>ad</span> <span class='ocrx_word' id='word_1_428' title='bbox 2132 1722 2225 1792; x_wconf 92' lang='lat' dir='ltr'>iram</span> 
     </span>
     <span class='ocr_line' id='line_1_59' title="bbox 1239 1835 1550 1908; baseline -0.013 0"><span class='ocrx_word' id='word_1_429' title='bbox 1239 1836 1382 1908; x_wconf 84' lang='lat' dir='ltr'>facienti</span> <span class='ocrx_word' id='word_1_430' title='bbox 1404 1835 1550 1904; x_wconf 81' lang='lat' dir='ltr'>rrudmn.</span> 
     </span>
    </p>
   </div>
   <div class='ocr_carea' id='block_1_17' title="bbox 1242 1949 2232 3367">
    <p class='ocr_par' dir='ltr' id='par_1_19' title="bbox 1242 1949 2232 3367">
     <span class='ocr_line' id='line_1_60' title="bbox 1333 1949 2228 2047; baseline -0.012 -20"><span class='ocrx_word' id='word_1_431' title='bbox 1333 1957 1524 2027; x_wconf 69' lang='lat' dir='ltr'>Tenentur</span> <span class='ocrx_word' id='word_1_432' title='bbox 1540 1965 1622 2047; x_wconf 89' lang='lat' dir='ltr'>ergo</span> <span class='ocrx_word' id='word_1_433' title='bbox 1639 1953 1781 2045; x_wconf 91' lang='lat' dir='ltr'>regula,</span> <span class='ocrx_word' id='word_1_434' title='bbox 1806 1952 1900 2043; x_wconf 90' lang='lat' dir='ltr'>leges</span> <span class='ocrx_word' id='word_1_435' title='bbox 1914 1949 2054 2019; x_wconf 88' lang='lat' dir='ltr'>divinas</span> <span class='ocrx_word' id='word_1_436' title='bbox 2078 1973 2228 2020; x_wconf 84' lang='lat' dir='ltr'>servan·</span> 
     </span>
     <span class='ocr_line' id='line_1_61' title="bbox 1242 2050 2230 2152; baseline -0.012 -21"><span class='ocrx_word' id='word_1_437' title='bbox 1242 2064 1304 2131; x_wconf 91' lang='lat' dir='ltr'>das</span> <span class='ocrx_word' id='word_1_438' title='bbox 1321 2086 1393 2131; x_wconf 89' lang='lat' dir='ltr'>essc</span> <span class='ocrx_word' id='word_1_439' title='bbox 1410 2085 1490 2152; x_wconf 85' lang='lat' dir='ltr'>erga</span> <span class='ocrx_word' id='word_1_440' title='bbox 1506 2055 1634 2130; x_wconf 90' lang='lat' dir='ltr'>hostes.</span> <span class='ocrx_word' id='word_1_441' title='bbox 1688 2057 1807 2150; x_wconf 81' lang='lat' dir='ltr'>Quare</span> <span class='ocrx_word' id='word_1_442' title='bbox 1829 2067 1974 2124; x_wconf 90' lang='lat' dir='ltr'>eatenus</span> <span class='ocrx_word' id='word_1_443' title='bbox 1990 2062 2129 2123; x_wconf 92' lang='lat' dir='ltr'>tantum</span> <span class='ocrx_word' id='word_1_444' title='bbox 2145 2050 2230 2121; x_wconf 88' lang='lat' dir='ltr'>licet</span> 
     </span>
     <span class='ocr_line' id='line_1_62' title="bbox 1243 2152 2230 2254; baseline -0.011 -20"><span class='ocrx_word' id='word_1_445' title='bbox 1243 2190 1371 2234; x_wconf 86' lang='lat' dir='ltr'>nocere</span> <span class='ocrx_word' id='word_1_446' title='bbox 1393 2160 1573 2245; x_wconf 89' lang='lat' dir='ltr'>hostibus,</span> <span class='ocrx_word' id='word_1_447' title='bbox 1613 2173 1787 2254; x_wconf 88' lang='lat' dir='ltr'>quatenus</span> <span class='ocrx_word' id='word_1_448' title='bbox 1807 2158 1864 2226; x_wconf 88' lang='lat' dir='ltr'>lcx</span> <span class='ocrx_word' id='word_1_449' title='bbox 1882 2155 1950 2226; x_wconf 81' lang='lat' dir='ltr'>Dei</span> <span class='ocrx_word' id='word_1_450' title='bbox 1970 2152 2150 2237; x_wconf 80' lang='lat' dir='ltr'>concedit,</span> <span class='ocrx_word' id='word_1_451' title='bbox 2188 2166 2230 2223; x_wconf 83' lang='lat' dir='ltr'>ut</span> 
     </span>
     <span class='ocr_line' id='line_1_63' title="bbox 1244 2254 2230 2352; baseline -0.016 -15"><span class='ocrx_word' id='word_1_452' title='bbox 1244 2270 1299 2337; x_wconf 83' lang='lat' dir='ltr'>lcx</span> <span class='ocrx_word' id='word_1_453' title='bbox 1318 2266 1387 2336; x_wconf 91' lang='lat' dir='ltr'>Dei</span> <span class='ocrx_word' id='word_1_454' title='bbox 1410 2266 1507 2336; x_wconf 90' lang='lat' dir='ltr'>iubet</span> <span class='ocrx_word' id='word_1_455' title='bbox 1527 2260 1666 2336; x_wconf 90' lang='lat' dir='ltr'>hostem</span> <span class='ocrx_word' id='word_1_456' title='bbox 1687 2262 1814 2332; x_wconf 88' lang='lat' dir='ltr'>iniuste</span> <span class='ocrx_word' id='word_1_457' title='bbox 1838 2274 2056 2352; x_wconf 90' lang='lat' dir='ltr'>pugnantem</span> <span class='ocrx_word' id='word_1_458' title='bbox 2078 2254 2230 2349; x_wconf 87' lang='lat' dir='ltr'>reprimi</span> 
     </span>
     <span class='ocr_line' id='line_1_64' title="bbox 1246 2356 2229 2463; baseline -0.012 -25"><span class='ocrx_word' id='word_1_459' title='bbox 1246 2383 1306 2440; x_wconf 88' lang='lat' dir='ltr'>aut</span> <span class='ocrx_word' id='word_1_460' title='bbox 1319 2369 1459 2463; x_wconf 90' lang='lat' dir='ltr'>puniri,</span> <span class='ocrx_word' id='word_1_461' title='bbox 1492 2369 1598 2437; x_wconf 90' lang='lat' dir='ltr'>talem</span> <span class='ocrx_word' id='word_1_462' title='bbox 1620 2366 1700 2435; x_wconf 88' lang='lat' dir='ltr'>licet</span> <span class='ocrx_word' id='word_1_463' title='bbox 1723 2363 1902 2446; x_wconf 91' lang='lat' dir='ltr'>occidere,</span> <span class='ocrx_word' id='word_1_464' title='bbox 1933 2376 1968 2431; x_wconf 92' lang='lat' dir='ltr'>et</span> <span class='ocrx_word' id='word_1_465' title='bbox 1989 2356 2172 2433; x_wconf 81' lang='lat' dir='ltr'>facultates</span> <span class='ocrx_word' id='word_1_466' title='bbox 2196 2356 2229 2426; x_wconf 89' lang='lat' dir='ltr'>ei</span> 
     </span>
     <span class='ocr_line' id='line_1_65' title="bbox 1246 2460 2230 2566; baseline -0.015 -24"><span class='ocrx_word' id='word_1_467' title='bbox 1246 2474 1400 2566; x_wconf 89' lang='lat' dir='ltr'>eripere,</span> <span class='ocrx_word' id='word_1_468' title='bbox 1427 2497 1517 2566; x_wconf 90' lang='lat' dir='ltr'>quae</span> <span class='ocrx_word' id='word_1_469' title='bbox 1533 2483 1616 2542; x_wconf 87' lang='lat' dir='ltr'>sunt</span> <span class='ocrx_word' id='word_1_470' title='bbox 1632 2483 1693 2538; x_wconf 91' lang='lat' dir='ltr'>aut</span> <span class='ocrx_word' id='word_1_471' title='bbox 1706 2471 1850 2538; x_wconf 85' lang='lat' dir='ltr'>luerunt</span> <span class='ocrx_word' id='word_1_472' title='bbox 1865 2466 2099 2537; x_wconf 88' lang='lat' dir='ltr'>instrumenta</span> <span class='ocrx_word' id='word_1_473' title='bbox 2115 2462 2160 2530; x_wconf 88' lang='lat' dir='ltr'>ad</span> <span class='ocrx_word' id='word_1_474' title='bbox 2176 2460 2230 2528; x_wconf 92' lang='lat' dir='ltr'>in-</span> 
     </span>
     <span class='ocr_line' id='line_1_66' title="bbox 1247 2564 2227 2657; baseline -0.014 -13"><span class='ocrx_word' id='word_1_475' title='bbox 1247 2577 1335 2657; x_wconf 80' lang='lat' dir='ltr'>iuste</span> <span class='ocrx_word' id='word_1_476' title='bbox 1353 2576 1566 2645; x_wconf 87' lang='lat' dir='ltr'>nocendum.</span> <span class='ocrx_word' id='word_1_477' title='bbox 1623 2569 1676 2640; x_wconf 91' lang='lat' dir='ltr'>lbi</span> <span class='ocrx_word' id='word_1_478' title='bbox 1693 2585 1727 2641; x_wconf 89' lang='lat' dir='ltr'>et</span> <span class='ocrx_word' id='word_1_479' title='bbox 1742 2595 1862 2639; x_wconf 89' lang='lat' dir='ltr'>rerum</span> <span class='ocrx_word' id='word_1_480' title='bbox 1878 2567 2063 2638; x_wconf 89' lang='lat' dir='ltr'>translatio</span> <span class='ocrx_word' id='word_1_481' title='bbox 2078 2568 2120 2635; x_wconf 87' lang='lat' dir='ltr'>in</span> <span class='ocrx_word' id='word_1_482' title='bbox 2136 2564 2227 2633; x_wconf 94' lang='lat' dir='ltr'>bcllo</span> 
     </span>
     <span class='ocr_line' id='line_1_67' title="bbox 1245 2667 2232 2771; baseline -0.012 -23"><span class='ocrx_word' id='word_1_483' title='bbox 1245 2678 1403 2771; x_wconf 92' lang='lat' dir='ltr'>legitimo</span> <span class='ocrx_word' id='word_1_484' title='bbox 1421 2690 1472 2748; x_wconf 91' lang='lat' dir='ltr'>est</span> <span class='ocrx_word' id='word_1_485' title='bbox 1491 2677 1601 2759; x_wconf 86' lang='lat' dir='ltr'>iusta,</span> <span class='ocrx_word' id='word_1_486' title='bbox 1617 2677 1687 2765; x_wconf 39' lang='lat' dir='ltr'>,sed</span> <span class='ocrx_word' id='word_1_487' title='bbox 1710 2676 1821 2743; x_wconf 92' lang='lat' dir='ltr'>donec</span> <span class='ocrx_word' id='word_1_488' title='bbox 1844 2671 1933 2739; x_wconf 90' lang='lat' dir='ltr'>vivit</span> <span class='ocrx_word' id='word_1_489' title='bbox 1956 2667 2085 2754; x_wconf 88' lang='lat' dir='ltr'>hostis,</span> <span class='ocrx_word' id='word_1_490' title='bbox 2112 2669 2232 2737; x_wconf 71' lang='lat' dir='ltr'>minuet</span> 
     </span>
     <span class='ocr_line' id='line_1_68' title="bbox 1249 2769 2228 2873; baseline -0.01 -23"><span class='ocrx_word' id='word_1_491' title='bbox 1249 2782 1428 2852; x_wconf 83' lang='lat' dir='ltr'>vinculum</span> <span class='ocrx_word' id='word_1_492' title='bbox 1443 2777 1598 2873; x_wconf 87' lang='lat' dir='ltr'>coniugii</span> <span class='ocrx_word' id='word_1_493' title='bbox 1613 2778 1774 2848; x_wconf 78' lang='lat' dir='ltr'>divinum</span> <span class='ocrx_word' id='word_1_494' title='bbox 1789 2769 1934 2873; x_wconf 73' lang='lat' dir='ltr'>(hltttth.</span> <span class='ocrx_word' id='word_1_495' title='bbox 1953 2772 2012 2859; x_wconf 83' lang='lat'>19,</span> <span class='ocrx_word' id='word_1_496' title='bbox 2030 2771 2100 2870; x_wconf 83' lang='lat'>6.):</span> <span class='ocrx_word' id='word_1_497' title='bbox 2130 2770 2228 2864; x_wconf 83' lang='lat' dir='ltr'>Quos</span> 
     </span>
     <span class='ocr_line' id='line_1_69' title="bbox 1248 2874 2231 2971; baseline -0.01 -16"><span class='ocrx_word' id='word_1_498' title='bbox 1248 2884 1344 2954; x_wconf 91' lang='lat' dir='ltr'>Deus</span> <span class='ocrx_word' id='word_1_499' title='bbox 1366 2883 1568 2965; x_wconf 84' lang='lat' dir='ltr'>coniunxit,</span> <span class='ocrx_word' id='word_1_500' title='bbox 1594 2876 1703 2950; x_wconf 92' lang='lat' dir='ltr'>homo</span> <span class='ocrx_word' id='word_1_501' title='bbox 1724 2905 1798 2949; x_wconf 90' lang='lat' dir='ltr'>non</span> <span class='ocrx_word' id='word_1_502' title='bbox 1822 2892 1972 2971; x_wconf 88' lang='lat' dir='ltr'>separet.</span> <span class='ocrx_word' id='word_1_503' title='bbox 2024 2874 2231 2947; x_wconf 88' lang='lat' dir='ltr'>Celebratur</span> 
     </span>
     <span class='ocr_line' id='line_1_70' title="bbox 1249 2978 2229 3079; baseline -0.005 -23"><span class='ocrx_word' id='word_1_504' title='bbox 1249 3013 1333 3079; x_wconf 89' lang='lat' dir='ltr'>ergo</span> <span class='ocrx_word' id='word_1_505' title='bbox 1357 2988 1489 3057; x_wconf 83' lang='lat' dir='ltr'>lactum</span> <span class='ocrx_word' id='word_1_506' title='bbox 1510 2983 1650 3055; x_wconf 88' lang='lat' dir='ltr'>Totilae</span> <span class='ocrx_word' id='word_1_507' title='bbox 1673 2979 1818 3055; x_wconf 90' lang='lat' dir='ltr'>Gothici</span> <span class='ocrx_word' id='word_1_508' title='bbox 1840 2981 1932 3074; x_wconf 86' lang='lat' dir='ltr'>regis</span> <span class='ocrx_word' id='word_1_509' title='bbox 1944 2978 2011 3078; x_wconf 79' lang='lat'>⁸⁰),</span> <span class='ocrx_word' id='word_1_510' title='bbox 2060 2980 2124 3073; x_wconf 90' lang='lat' dir='ltr'>qui</span> <span class='ocrx_word' id='word_1_511' title='bbox 2152 2994 2229 3073; x_wconf 87' lang='lat' dir='ltr'>post</span> 
     </span>
     <span class='ocr_line' id='line_1_71' title="bbox 1250 3082 2230 3159; baseline -0.005 -1"><span class='ocrx_word' id='word_1_512' title='bbox 1250 3090 1436 3159; x_wconf 89' lang='lat' dir='ltr'>victoriam</span> <span class='ocrx_word' id='word_1_513' title='bbox 1464 3088 1502 3157; x_wconf 95' lang='lat' dir='ltr'>in</span> <span class='ocrx_word' id='word_1_514' title='bbox 1528 3085 1628 3155; x_wconf 92' lang='lat' dir='ltr'>ltalia</span> <span class='ocrx_word' id='word_1_515' title='bbox 1651 3087 1782 3157; x_wconf 92' lang='lat' dir='ltr'>multas</span> <span class='ocrx_word' id='word_1_516' title='bbox 1803 3082 1969 3155; x_wconf 88' lang='lat' dir='ltr'>honestas</span> <span class='ocrx_word' id='word_1_517' title='bbox 1993 3084 2176 3155; x_wconf 85' lang='lat' dir='ltr'>matronas</span> <span class='ocrx_word' id='word_1_518' title='bbox 2198 3098 2230 3154; x_wconf 92' lang='lat' dir='ltr'>et</span> 
     </span>
     <span class='ocr_line' id='line_1_72' title="bbox 1250 3186 2228 3283; baseline -0.003 -23"><span class='ocrx_word' id='word_1_519' title='bbox 1250 3192 1424 3283; x_wconf 77' lang='lat' dir='ltr'>virgines,</span> <span class='ocrx_word' id='word_1_520' title='bbox 1463 3205 1498 3260; x_wconf 90' lang='lat' dir='ltr'>et</span> <span class='ocrx_word' id='word_1_521' title='bbox 1531 3189 1811 3262; x_wconf 89' lang='lat' dir='ltr'>adolescentulos</span> <span class='ocrx_word' id='word_1_522' title='bbox 1832 3188 1990 3281; x_wconf 89' lang='lat' dir='ltr'>captivos</span> <span class='ocrx_word' id='word_1_523' title='bbox 2012 3186 2152 3261; x_wconf 88' lang='lat' dir='ltr'>remisit</span> <span class='ocrx_word' id='word_1_524' title='bbox 2171 3213 2228 3280; x_wconf 92' lang='lat' dir='ltr'>pa-</span> 
     </span>
     <span class='ocr_line' id='line_1_73' title="bbox 1250 3292 1618 3367; baseline -0.005 -2"><span class='ocrx_word' id='word_1_525' title='bbox 1250 3295 1408 3367; x_wconf 86' lang='lat' dir='ltr'>rentibus</span> <span class='ocrx_word' id='word_1_526' title='bbox 1422 3307 1456 3363; x_wconf 93' lang='lat' dir='ltr'>et</span> <span class='ocrx_word' id='word_1_527' title='bbox 1470 3292 1618 3363; x_wconf 86' lang='lat' dir='ltr'>maritis.</span> 
     </span>
    </p>
   </div>
   <div class='ocr_carea' id='block_1_18' title="bbox 1592 3480 1887 3572">
    <p class='ocr_par' dir='ltr' id='par_1_20' title="bbox 1592 3480 1887 3572">
     <span class='ocr_line' id='line_1_74' title="bbox 1592 3480 1887 3572; baseline 0.003 -23"><span class='ocrx_word' id='word_1_528' title='bbox 1592 3480 1691 3550; x_wconf 91' lang='lat' dir='ltr'>Alia</span> <span class='ocrx_word' id='word_1_529' title='bbox 1719 3482 1887 3572; x_wconf 90' lang='lat' dir='ltr'>regula.</span> 
     </span>
    </p>
   </div>
   <div class='ocr_carea' id='block_1_19' title="bbox 1251 3614 2237 5179">
    <p class='ocr_par' dir='ltr' id='par_1_21' title="bbox 1251 3614 2235 4951">
     <span class='ocr_line' id='line_1_75' title="bbox 1353 3614 2231 3712; baseline -0.005 -24"><span class='ocrx_word' id='word_1_530' title='bbox 1353 3619 1508 3712; x_wconf 84' lang='lat' dir='ltr'>Quando</span> <span class='ocrx_word' id='word_1_531' title='bbox 1530 3614 1641 3688; x_wconf 90' lang='lat' dir='ltr'>hostis</span> <span class='ocrx_word' id='word_1_532' title='bbox 1663 3620 1752 3711; x_wconf 93' lang='lat' dir='ltr'>petit</span> <span class='ocrx_word' id='word_1_533' title='bbox 1772 3643 1915 3710; x_wconf 90' lang='lat' dir='ltr'>pacem,</span> <span class='ocrx_word' id='word_1_534' title='bbox 1947 3619 2163 3688; x_wconf 90' lang='lat' dir='ltr'>servandum</span> <span class='ocrx_word' id='word_1_535' title='bbox 2184 3630 2231 3687; x_wconf 87' lang='lat' dir='ltr'>est</span> 
     </span>
     <span class='ocr_line' id='line_1_76' title="bbox 1251 3717 2233 3816; baseline -0.006 -25"><span class='ocrx_word' id='word_1_536' title='bbox 1251 3723 1306 3795; x_wconf 89' lang='lat' dir='ltr'>ius</span> <span class='ocrx_word' id='word_1_537' title='bbox 1326 3723 1542 3815; x_wconf 90' lang='lat' dir='ltr'>supplicum,</span> <span class='ocrx_word' id='word_1_538' title='bbox 1577 3735 1728 3816; x_wconf 89' lang='lat' dir='ltr'>suntque</span> <span class='ocrx_word' id='word_1_539' title='bbox 1753 3723 1944 3815; x_wconf 89' lang='lat' dir='ltr'>supplices,</span> <span class='ocrx_word' id='word_1_540' title='bbox 1977 3721 2040 3815; x_wconf 92' lang='lat' dir='ltr'>qui</span> <span class='ocrx_word' id='word_1_541' title='bbox 2064 3733 2127 3790; x_wconf 93' lang='lat' dir='ltr'>aut</span> <span class='ocrx_word' id='word_1_542' title='bbox 2146 3717 2233 3789; x_wconf 92' lang='lat' dir='ltr'>nihil</span> 
     </span>
     <span class='ocr_line' id='line_1_77' title="bbox 1252 3823 2233 3919; baseline -0.005 -23"><span class='ocrx_word' id='word_1_543' title='bbox 1252 3839 1462 3919; x_wconf 88' lang='lat' dir='ltr'>peccarunt,</span> <span class='ocrx_word' id='word_1_544' title='bbox 1507 3837 1542 3893; x_wconf 93' lang='lat' dir='ltr'>et</span> <span class='ocrx_word' id='word_1_545' title='bbox 1574 3827 1810 3917; x_wconf 89' lang='lat' dir='ltr'>deprecantur</span> <span class='ocrx_word' id='word_1_546' title='bbox 1845 3825 2028 3895; x_wconf 78' lang='lat' dir='ltr'>manifeste</span> <span class='ocrx_word' id='word_1_547' title='bbox 2065 3823 2233 3895; x_wconf 89' lang='lat' dir='ltr'>iniustam</span> 
     </span>
     <span class='ocr_line' id='line_1_78' title="bbox 1253 3926 2233 4020; baseline -0.002 -23"><span class='ocrx_word' id='word_1_548' title='bbox 1253 3928 1477 4017; x_wconf 83' lang='lat' dir='ltr'>violentiam,</span> <span class='ocrx_word' id='word_1_549' title='bbox 1503 3939 1565 3997; x_wconf 88' lang='lat' dir='ltr'>aut</span> <span class='ocrx_word' id='word_1_550' title='bbox 1580 3928 1642 4020; x_wconf 91' lang='lat' dir='ltr'>qui</span> <span class='ocrx_word' id='word_1_551' title='bbox 1657 3941 1866 4019; x_wconf 86' lang='lat' dir='ltr'>peccarunt,</span> <span class='ocrx_word' id='word_1_552' title='bbox 1891 3928 2026 3999; x_wconf 83' lang='lat' dir='ltr'>iaciunt</span> <span class='ocrx_word' id='word_1_553' title='bbox 2040 3938 2164 3997; x_wconf 89' lang='lat' dir='ltr'>tamen</span> <span class='ocrx_word' id='word_1_554' title='bbox 2179 3926 2233 3995; x_wconf 90' lang='lat' dir='ltr'>de·</span> 
     </span>
     <span class='ocr_line' id='line_1_79' title="bbox 1254 4026 2233 4123; baseline -0.006 -22"><span class='ocrx_word' id='word_1_555' title='bbox 1254 4032 1447 4114; x_wconf 90' lang='lat' dir='ltr'>ditionem,</span> <span class='ocrx_word' id='word_1_556' title='bbox 1474 4042 1509 4098; x_wconf 91' lang='lat' dir='ltr'>et</span> <span class='ocrx_word' id='word_1_557' title='bbox 1525 4031 1681 4100; x_wconf 82' lang='lat' dir='ltr'>offerunt</span> <span class='ocrx_word' id='word_1_558' title='bbox 1694 4056 1730 4100; x_wconf 89' lang='lat' dir='ltr'>se</span> <span class='ocrx_word' id='word_1_559' title='bbox 1747 4033 1792 4119; x_wconf 80' lang='lat' dir='ltr'>ad</span> <span class='ocrx_word' id='word_1_560' title='bbox 1809 4057 1962 4123; x_wconf 89' lang='lat' dir='ltr'>poenam</span> <span class='ocrx_word' id='word_1_561' title='bbox 1979 4046 2013 4101; x_wconf 91' lang='lat' dir='ltr'>et</span> <span class='ocrx_word' id='word_1_562' title='bbox 2027 4043 2157 4122; x_wconf 90' lang='lat' dir='ltr'>petunt</span> <span class='ocrx_word' id='word_1_563' title='bbox 2170 4026 2233 4097; x_wconf 85' lang='lat' dir='ltr'>rni-</span> 
     </span>
     <span class='ocr_line' id='line_1_80' title="bbox 1254 4132 2233 4227; baseline -0.006 -23"><span class='ocrx_word' id='word_1_564' title='bbox 1254 4133 1461 4226; x_wconf 85' lang='lat' dir='ltr'>tigationem</span> <span class='ocrx_word' id='word_1_565' title='bbox 1478 4148 1624 4225; x_wconf 86' lang='lat' dir='ltr'>propter</span> <span class='ocrx_word' id='word_1_566' title='bbox 1637 4136 1858 4226; x_wconf 89' lang='lat' dir='ltr'>probabilem</span> <span class='ocrx_word' id='word_1_567' title='bbox 1875 4160 2038 4219; x_wconf 68' lang='lat' dir='ltr'>calisam,</span> <span class='ocrx_word' id='word_1_568' title='bbox 2071 4132 2157 4227; x_wconf 89' lang='lat' dir='ltr'>quia</span> <span class='ocrx_word' id='word_1_569' title='bbox 2176 4142 2233 4200; x_wconf 91' lang='lat' dir='ltr'>aut</span> 
     </span>
     <span class='ocr_line' id='line_1_81' title="bbox 1255 4234 2233 4329; baseline -0.004 -22"><span class='ocrx_word' id='word_1_570' title='bbox 1255 4262 1355 4307; x_wconf 90' lang='lat' dir='ltr'>error</span> <span class='ocrx_word' id='word_1_571' title='bbox 1382 4234 1489 4306; x_wconf 84' lang='lat' dir='ltr'>suerit</span> <span class='ocrx_word' id='word_1_572' title='bbox 1504 4249 1579 4321; x_wconf 55' lang='lat' dir='ltr'>‚aaut</span> <span class='ocrx_word' id='word_1_573' title='bbox 1608 4262 1803 4329; x_wconf 91' lang='lat' dir='ltr'>paucorum</span> <span class='ocrx_word' id='word_1_574' title='bbox 1833 4239 2025 4309; x_wconf 87' lang='lat' dir='ltr'>temeritas.</span> <span class='ocrx_word' id='word_1_575' title='bbox 2088 4234 2233 4306; x_wconf 81' lang='lat' dir='ltr'>Talibus</span> 
     </span>
     <span class='ocr_line' id='line_1_82' title="bbox 1255 4336 2233 4435; baseline -0.004 -26"><span class='ocrx_word' id='word_1_576' title='bbox 1255 4341 1330 4410; x_wconf 80' lang='lat' dir='ltr'>vult</span> <span class='ocrx_word' id='word_1_577' title='bbox 1344 4339 1442 4432; x_wconf 87' lang='lat' dir='ltr'>parci</span> <span class='ocrx_word' id='word_1_578' title='bbox 1455 4339 1570 4423; x_wconf 89' lang='lat' dir='ltr'>Deus,</span> <span class='ocrx_word' id='word_1_579' title='bbox 1596 4352 1630 4407; x_wconf 91' lang='lat' dir='ltr'>et</span> <span class='ocrx_word' id='word_1_580' title='bbox 1653 4337 1798 4411; x_wconf 89' lang='lat' dir='ltr'>hocius</span> <span class='ocrx_word' id='word_1_581' title='bbox 1821 4342 2018 4435; x_wconf 90' lang='lat' dir='ltr'>supplicum</span> <span class='ocrx_word' id='word_1_582' title='bbox 2041 4340 2159 4412; x_wconf 87' lang='lat' dir='ltr'>sancit</span> <span class='ocrx_word' id='word_1_583' title='bbox 2179 4336 2233 4407; x_wconf 81' lang='lat' dir='ltr'>lex</span> 
     </span>
     <span class='ocr_line' id='line_1_83' title="bbox 1253 4441 2233 4541; baseline -0.006 -26"><span class='ocrx_word' id='word_1_584' title='bbox 1253 4444 1322 4515; x_wconf 90' lang='lat' dir='ltr'>Dei</span> <span class='ocrx_word' id='word_1_585' title='bbox 1335 4444 1529 4513; x_wconf 86' lang='lat' dir='ltr'>Deuterou.</span> <span class='ocrx_word' id='word_1_586' title='bbox 1543 4443 1604 4525; x_wconf 76' lang='lat'>20,</span> <span class='ocrx_word' id='word_1_587' title='bbox 1623 4443 1699 4538; x_wconf 83' lang='lat'>(10.</span> <span class='ocrx_word' id='word_1_588' title='bbox 1724 4446 1822 4541; x_wconf 91' lang='grc'><strong>11.),</strong></span> <span class='ocrx_word' id='word_1_589' title='bbox 1847 4446 1907 4515; x_wconf 91' lang='lat' dir='ltr'>ubi</span> <span class='ocrx_word' id='word_1_590' title='bbox 1922 4444 2040 4536; x_wconf 91' lang='lat' dir='ltr'>primo</span> <span class='ocrx_word' id='word_1_591' title='bbox 2063 4443 2164 4515; x_wconf 90' lang='lat' dir='ltr'>iubet</span> <span class='ocrx_word' id='word_1_592' title='bbox 2186 4441 2233 4510; x_wconf 87' lang='lat' dir='ltr'>os-</span> 
     </span>
     <span class='ocr_line' id='line_1_84' title="bbox 1254 4546 2233 4642; baseline -0.005 -24"><span class='ocrx_word' id='word_1_593' title='bbox 1254 4551 1338 4619; x_wconf 86' lang='lat' dir='ltr'>serri</span> <span class='ocrx_word' id='word_1_594' title='bbox 1361 4571 1504 4641; x_wconf 89' lang='lat' dir='ltr'>pacem,</span> <span class='ocrx_word' id='word_1_595' title='bbox 1531 4559 1566 4614; x_wconf 87' lang='lat' dir='ltr'>ct</span> <span class='ocrx_word' id='word_1_596' title='bbox 1587 4547 1796 4620; x_wconf 90' lang='lat' dir='ltr'>dedentibus</span> <span class='ocrx_word' id='word_1_597' title='bbox 1821 4573 1857 4617; x_wconf 90' lang='lat' dir='ltr'>se</span> <span class='ocrx_word' id='word_1_598' title='bbox 1879 4548 1987 4642; x_wconf 90' lang='lat' dir='ltr'>parci.</span> <span class='ocrx_word' id='word_1_599' title='bbox 2037 4546 2129 4619; x_wconf 89' lang='lat' dir='ltr'>ltcm</span> <span class='ocrx_word' id='word_1_600' title='bbox 2142 4547 2233 4617; x_wconf 85' lang='lat' dir='ltr'>Deu-</span> 
     </span>
     <span class='ocr_line' id='line_1_85' title="bbox 1254 4647 2233 4746; baseline -0.006 -24"><span class='ocrx_word' id='word_1_601' title='bbox 1254 4666 1368 4722; x_wconf 89' lang='lat' dir='ltr'>terou.</span> <span class='ocrx_word' id='word_1_602' title='bbox 1388 4650 1449 4732; x_wconf 76' lang='lat'>24,</span> <span class='ocrx_word' id='word_1_603' title='bbox 1466 4647 1577 4746; x_wconf 82' lang='lat'>(16.):</span> <span class='ocrx_word' id='word_1_604' title='bbox 1604 4650 1715 4722; x_wconf 85' lang='lat' dir='ltr'>Filius</span> <span class='ocrx_word' id='word_1_605' title='bbox 1734 4676 1808 4722; x_wconf 93' lang='lat' dir='ltr'>non</span> <span class='ocrx_word' id='word_1_606' title='bbox 1828 4651 1987 4744; x_wconf 91' lang='lat' dir='ltr'>portabit</span> <span class='ocrx_word' id='word_1_607' title='bbox 2008 4651 2233 4746; x_wconf 90' lang='lat' dir='ltr'>iniquitatem</span> 
     </span>
     <span class='ocr_line' id='line_1_86' title="bbox 1254 4753 2235 4849; baseline -0.001 -25"><span class='ocrx_word' id='word_1_608' title='bbox 1254 4755 1385 4849; x_wconf 87' lang='lat' dir='ltr'>patris,</span> <span class='ocrx_word' id='word_1_609' title='bbox 1424 4754 1485 4827; x_wconf 90' lang='lat' dir='ltr'>sed</span> <span class='ocrx_word' id='word_1_610' title='bbox 1514 4755 1755 4849; x_wconf 88' lang='lat' dir='ltr'>unusquisqne</span> <span class='ocrx_word' id='word_1_611' title='bbox 1783 4768 1931 4848; x_wconf 89' lang='lat' dir='ltr'>propter</span> <span class='ocrx_word' id='word_1_612' title='bbox 1957 4754 2146 4849; x_wconf 83' lang='lat' dir='ltr'>proprium</span> <span class='ocrx_word' id='word_1_613' title='bbox 2180 4753 2235 4823; x_wconf 91' lang='lat' dir='ltr'>de·</span> 
     </span>
     <span class='ocr_line' id='line_1_87' title="bbox 1254 4857 1575 4951; baseline -0.006 -23"><span class='ocrx_word' id='word_1_614' title='bbox 1254 4860 1375 4929; x_wconf 89' lang='lat' dir='ltr'>lictum</span> <span class='ocrx_word' id='word_1_615' title='bbox 1394 4857 1575 4951; x_wconf 90' lang='lat' dir='ltr'>puniatur.</span> 
     </span>
    </p>

    <p class='ocr_par' dir='ltr' id='par_1_22' title="bbox 1254 4973 2237 5179">
     <span class='ocr_line' id='line_1_88' title="bbox 1357 4973 2235 5070; baseline -0.002 -20"><span class='ocrx_word' id='word_1_616' title='bbox 1357 4980 1415 5050; x_wconf 90' lang='lat' dir='ltr'>Sic</span> <span class='ocrx_word' id='word_1_617' title='bbox 1430 4991 1466 5049; x_wconf 92' lang='lat' dir='ltr'>ct</span> <span class='ocrx_word' id='word_1_618' title='bbox 1479 4973 1609 5047; x_wconf 92' lang='lat' dir='ltr'>ethnici</span> <span class='ocrx_word' id='word_1_619' title='bbox 1634 4976 1688 5047; x_wconf 90' lang='lat' dir='ltr'>ins</span> <span class='ocrx_word' id='word_1_620' title='bbox 1709 4979 1908 5069; x_wconf 91' lang='lat' dir='ltr'>supplicum</span> <span class='ocrx_word' id='word_1_621' title='bbox 1932 4978 2096 5070; x_wconf 85' lang='lat' dir='ltr'>religiose</span> <span class='ocrx_word' id='word_1_622' title='bbox 2117 5003 2235 5051; x_wconf 82' lang='lat' dir='ltr'>serva·</span> 
     </span>
     <span class='ocr_line' id='line_1_89' title="bbox 1254 5079 2237 5179; baseline 0.001 -26"><span class='ocrx_word' id='word_1_623' title='bbox 1254 5083 1352 5153; x_wconf 89' lang='lat' dir='ltr'>bant.</span> <span class='ocrx_word' id='word_1_624' title='bbox 1416 5080 1463 5150; x_wconf 85' lang='lat' dir='ltr'>Et</span> <span class='ocrx_word' id='word_1_625' title='bbox 1482 5079 1755 5149; x_wconf 86' lang='lat' dir='ltr'>Lacedaemonii</span> <span class='ocrx_word' id='word_1_626' title='bbox 1781 5082 1974 5175; x_wconf 90' lang='lat' dir='ltr'>vituperati</span> <span class='ocrx_word' id='word_1_627' title='bbox 1994 5094 2097 5168; x_wconf 90' lang='lat' dir='ltr'>sunt,</span> <span class='ocrx_word' id='word_1_628' title='bbox 2139 5084 2237 5179; x_wconf 91' lang='lat' dir='ltr'>quod</span> 
     </span>
    </p>
   </div>
   <div class='ocr_carea' id='block_1_20' title="bbox 1288 5312 2237 5487">
    <p class='ocr_par' dir='ltr' id='par_1_23' title="bbox 1288 5312 2237 5487">
     <span class='ocr_line' id='line_1_90' title="bbox 1288 5312 2237 5420; baseline 0.005 -14"><span class='ocrx_word' id='word_1_629' title='bbox 1288 5354 1336 5412; x_wconf 80' lang='grc'>89)</span> <span class='ocrx_word' id='word_1_630' title='bbox 1364 5354 1613 5417; x_wconf 71' lang='lat' dir='ltr'>ostrogothorum,</span> <span class='ocrx_word' id='word_1_631' title='bbox 1647 5312 1759 5417; x_wconf 77' lang='lat' dir='ltr'>quorun</span> <span class='ocrx_word' id='word_1_632' title='bbox 1782 5366 1896 5420; x_wconf 80' lang='lat' dir='ltr'>regnunt</span> <span class='ocrx_word' id='word_1_633' title='bbox 1918 5355 1947 5408; x_wconf 91' lang='lat' dir='ltr'>ln</span> <span class='ocrx_word' id='word_1_634' title='bbox 1970 5356 2052 5410; x_wconf 65' lang='lat' dir='ltr'>ltalia</span> <span class='ocrx_word' id='word_1_635' title='bbox 2072 5356 2126 5412; x_wconf 69' lang='grc'>498</span> <span class='ocrx_word' id='word_1_636' title='bbox 2138 5387 2174 5404; x_wconf 90' lang='lat'>-</span> <span class='ocrx_word' id='word_1_637' title='bbox 2186 5364 2237 5416; x_wconf 68' lang='lat' dir='ltr'>su</span> 
     </span>
     <span class='ocr_line' id='line_1_91' title="bbox 1323 5421 1829 5487; baseline 0.002 -14"><span class='ocrx_word' id='word_1_638' title='bbox 1323 5424 1417 5487; x_wconf 80' lang='lat' dir='ltr'>rtettt,</span> <span class='ocrx_word' id='word_1_639' title='bbox 1435 5434 1485 5473; x_wconf 85' lang='lat' dir='ltr'>rex</span> <span class='ocrx_word' id='word_1_640' title='bbox 1501 5422 1553 5472; x_wconf 81' lang='lat' dir='ltr'>tolt</span> <span class='ocrx_word' id='word_1_641' title='bbox 1569 5422 1659 5475; x_wconf 77' lang='lat' dir='ltr'>rotas</span> <span class='ocrx_word' id='word_1_642' title='bbox 1673 5421 1829 5476; x_wconf 69' lang='lat' dir='ltr'>tto-m.</span> 
     </span>
    </p>
   </div>
   <div class='ocr_carea' id='block_1_21' title="bbox 0 0 2304 5764">
    <p class='ocr_par' dir='ltr' id='par_1_24' title="bbox 0 0 2304 5764">
     <span class='ocr_line' id='line_1_92' title="bbox 0 0 2304 5764; baseline 0 0"><span class='ocrx_word' id='word_1_643' title='bbox 0 0 2304 5764; x_wconf 95' lang='lat' dir='ltr'> </span> 
     </span>
    </p>
   </div>
  </div>
 </body>
</html>
