4544 5766
182 189 231 259 99

183 359 302 455 inquit
328 357 474 457 (Matth.
490 360 557 444 16,
576 360 671 456 17.):
699 361 794 430 Caro
818 362 1012 454 eosauguis
1023 360 1101 431 niin
1114 387 1170 432 re-

183 461 317 533 velavit
331 463 416 546 tibi,
441 465 503 533 sed
518 476 622 554 pater
637 488 739 534 meus
761 466 933 536 coelestis.
980 465 1047 534 Hic
1062 489 1171 559 quae-

184 590 248 649 ro,
275 590 322 633 an
344 566 452 635 luerit
475 568 733 657 expectandum
756 568 865 637 Petro
888 568 1059 638 iudicium
1081 591 1172 660 pon-

185 669 342 750 tificum,
368 669 592 760 principum,
619 670 757 761 populi.
807 670 859 739 Ac
880 696 927 740 ne
951 671 1095 765 quidem
1112 696 1172 739 ve-

186 796 247 839 rae
270 770 446 840 Ecclesiae
468 772 675 843 diiudicatio
701 775 917 866 expectanda
946 787 1017 858 est,
1049 774 1171 865 agnito

187 874 297 941 verbo
313 872 400 956 Dei,
427 873 517 944 sicut
531 875 666 945 Paulus
680 876 780 968 prius
796 877 890 968 cepit
904 879 1045 960 docere,
1065 902 1173 970 quarn

188 974 303 1045 adiret
316 975 519 1066 Apostolos.
571 977 619 1047 Et
637 979 782 1071 quidem
796 981 947 1049 docebat
960 982 1005 1049 de
1024 981 1174 1070 abroga-

188 1077 286 1146 tione
307 1078 394 1168 legis
414 1079 560 1152 liberius
578 1106 685 1175 quam
703 1083 884 1174 Apostoli,
911 1096 1051 1152 tantum
1065 1083 1175 1164 abest,

188 1193 229 1250 ut
258 1179 305 1250 sit
335 1185 552 1272 expectanda
575 1184 730 1274 cognitio
755 1185 1057 1256 adversariorum.
1106 1185 1175 1255 Pa-

189 1283 263 1351 lam
287 1296 339 1352 est
360 1285 545 1376 pontifices
570 1300 605 1356 et
628 1298 766 1357 eorum
780 1289 984 1359 coniuratos
1008 1312 1083 1356 non
1102 1312 1175 1356 esse

189 1384 402 1470 Ecclesiam,
427 1390 490 1457 sed
512 1384 631 1459 hostes
654 1390 860 1482 Evangelii,
885 1393 1008 1484 quales
1030 1393 1177 1461 fuciunt

190 1484 377 1559 Pharisaei
399 1503 435 1558 et
450 1493 596 1583 tyranni
613 1507 770 1577 veteres,
792 1490 1010 1578 Antiochus,
1035 1494 1176 1562 Diocle-

191 1591 322 1673 tianus,
340 1604 402 1660 aut
416 1592 489 1663 alii.
538 1593 672 1664 Extant
686 1597 918 1687 praeiudicia,
946 1608 1110 1667 exercent
1123 1596 1177 1663 in-

191 1692 358 1765 usitatam
376 1697 621 1767 crudelitatem
637 1701 807 1771 adversus
821 1724 957 1783 omues,
979 1700 1042 1792 qui
1058 1699 1177 1767 nobis-

192 1821 273 1866 cum
295 1797 463 1868 sentiunt.
516 1800 722 1871 Collocutus
742 1827 821 1871 sum
846 1827 926 1872 curn
949 1802 1088 1884 multis,
1116 1799 1178 1894 qui

192 1899 410 1970 simulabant
436 1903 742 1987 moderationem,
777 1906 839 1999 qui
872 1917 993 1974 tamen
1016 1903 1178 1996 plerique

194 2025 318 2070 ornnes
341 1998 567 2075 hortantum
585 2019 713 2096 agunt,
739 2019 780 2077 ut
801 2032 894 2078 nova
912 2002 1103 2098 sophistica
1121 2031 1179 2075 ex·

194 2113 317 2173 euscnt
333 2118 469 2176 veteres
488 2109 638 2192 abusus,
661 2133 738 2177 non
750 2123 791 2180 ut
808 2112 1008 2182 emendent.
1049 2109 1180 2200 Dispu-

193 2206 347 2276 tationes
368 2203 499 2279 horum
521 2223 726 2303 temporum
752 2226 925 2283 acuerunt
945 2209 1110 2282 homines
1126 2212 1181 2278 in-

194 2307 358 2398 geniosos
383 2308 421 2379 in
446 2325 598 2406 utraque
622 2327 734 2405 parte.
789 2315 911 2409 ltaque
926 2311 1046 2385 hostes
1062 2314 1181 2382 Evau-

194 2410 295 2501 gelii,
321 2413 352 2481 si
370 2412 530 2506 quisunt
552 2416 749 2500 doctiores,
774 2421 888 2490 multo
905 2417 1088 2489 venustius
1102 2418 1181 2509 pin-

194 2526 283 2604 gunt
306 2539 368 2585 sua
393 2530 530 2601 errata,
557 2544 665 2611 quam
690 2534 806 2592 antea.
858 2522 931 2592 Nec
951 2546 1035 2590 raro
1054 2546 1121 2590 nos
1145 2519 1182 2587 in

194 2617 326 2687 nostris
360 2619 566 2691 vulneribus
599 2647 737 2714 pennas
769 2637 910 2696 nostras
945 2624 1182 2714 agnoscimus.

194 2719 323 2789 Postea
347 2724 541 2796 sententias
564 2725 725 2796 scribunt
747 2729 940 2819 sanguine,
966 2727 1091 2798 iubent
1116 2750 1183 2795 nos

196 2822 359 2893 interfici.

299 2925 390 2994 Cum
413 2926 566 2996 venisset
590 2929 627 2997 in
640 2927 823 3000 Austriam
848 2930 1039 3000 cardinalis
1054 2929 1184 2999 Alcan-

196 3029 279 3109 der,
304 3024 488 3098 recruduit
513 3028 562 3097 ibi
583 3032 752 3116 saevitia,
780 3033 934 3102 etmulti
950 3032 1001 3124 pii
1017 3031 1184 3101 crudelis-

196 3128 286 3199 sime
316 3129 357 3197 in
378 3131 531 3221 gratiam
560 3134 736 3225 pontificii
756 3135 864 3225 legati
888 3135 1065 3204 interlecti
1090 3147 1184 3204 sunt.

197 3231 347 3302 Talibus
367 3232 520 3304 victimis
542 3236 674 3307 scilicet
696 3238 794 3306 litari
807 3237 875 3307 sibi
890 3239 1017 3307 volunt
1040 3238 1120 3321 isti,
1145 3250 1186 3306 ut

198 3335 244 3404 ad
260 3331 410 3405 Troiam
429 3336 559 3421 Graeci
580 3364 665 3408 nece
682 3340 885 3433 Polyxenae
902 3341 1056 3411 litabant
1070 3339 1186 3424 mani,

197 3441 264 3509 bus
284 3434 431 3509 Achillis
439 3439 507 3535 6⁹):
534 3441 705 3512 Redierat
726 3456 846 3515 autern
861 3457 945 3513 tunc
960 3444 1140 3513 Aleander
1167 3467 1185 3510 e

197 3543 356 3636 synoda,
377 3545 539 3614 adsuerat
554 3545 804 3615 deliberationi
819 3546 1069 3629 cardinalium,
1093 3569 1185 3640 quac

198 3643 387 3713 videbatur
403 3673 503 3739 spem
518 3650 633 3717 larcere
653 3648 922 3720 moderationis.
973 3651 1044 3719 Sed
1060 3673 1118 3717 ars
1134 3661 1186 3718 est

199 3747 369 3830 istorum,
395 3745 514 3820 ἐόθλα
529 3744 724 3848 ἀγορεύειν
739 3746 837 3825 κακὰ
859 3746 899 3825 di
918 3748 1029 3849 φρεσὶ
1043 3750 1186 3844 βυσσο-

199 3840 394 3941 δομεύων,
419 3863 461 3920 ut
475 3850 592 3946 inquit
607 3852 785 3924 Homerus
798 3853 858 3949 ⁰³).

302 3950 386 4021 Non
414 3952 522 4045 igitur
548 3959 763 4047 expectanda
787 3968 840 4027 est
861 3955 1018 4048 cognitio
1043 3955 1186 4048 pontifi-

200 4051 273 4121 ciae
290 4054 472 4141 sanctionis,
494 4060 556 4128 sed
572 4060 617 4127 ad
633 4060 790 4151 singulos
807 4060 962 4151 pertinet
976 4061 1186 4129 mandatum

200 4154 286 4240 Dei,
313 4172 352 4228 ut
376 4160 545 4245 audiant,
576 4162 732 4247 discant,
764 4164 1025 4254 amplectantur
1048 4174 1084 4231 et
1103 4186 1188 4231 con-

200 4260 367 4331 fiteantur
380 4261 628 4356 Evangelium.
660 4265 709 4335 Et
724 4266 854 4357 singuli
867 4265 905 4334 in
919 4289 981 4335 sua
998 4265 1187 4334 vocatione

201 4363 332 4432 debent
346 4367 449 4437 cdere
467 4367 670 4439 testimonia
686 4394 771 4440 suae
788 4367 1088 4462 consessionistt).
1119 4366 1188 4438 Pa-

200 4465 409 4537 terfamilias
432 4466 623 4562 prohibere
644 4471 887 4543 idololatriam
912 4470 950 4539 in
970 4470 1107 4540 familia
1127 4471 1188 4538 de-

199 4571 270 4639 bet.
320 4569 551 4661 Magistratus
574 4597 699 4644 curare
716 4577 843 4657 debet,
868 4588 908 4644 ut
925 4586 1019 4642 reete
1035 4575 1189 4642 docean-

202 4686 261 4742 tur
280 4670 352 4755 illi,
385 4699 475 4768 quos
498 4678 685 4767 gubernat.
745 4678 907 4772 Cumque
932 4702 1009 4745 non
1035 4676 1190 4767 pendeat

202 4775 374 4846 autoritas
396 4777 556 4850 coelestis
576 4780 761 4849 doctrinae
778 4783 822 4850 ab
837 4777 995 4850 humana
1015 4777 1188 4849 conditio-

233 5024 540 5159 otgltipqtqurppgtts
563 5028 629 5079 ttec.
646 5027 682 5079 37
698 5041 776 5090 squ,
799 5026 848 5078 att
870 5040 928 5093 sqq.
966 5027 1057 5079 ortdtt
1080 5030 1190 5079 Metam.

234 5180 284 5249 6³)
304 5181 399 5233 Verba
415 5181 526 5233 ttonort
545 5182 595 5233 od.
613 5182 709 5247 xvtt,
726 5181 770 5234 ⁶8.
795 5185 876 5231 suut:
904 5174 980 5230 terat*
998 5174 1190 5248 ἀγορεύοντες,

268 5246 340 5301 κακαὶ
358 5244 388 5300 δὲ
409 5246 497 5317 φρεσὶ
515 5244 733 5318 βυσσοδόμενον.

233 5335 283 5401 61)
294 5328 501 5395 'urrunnun
520 5340 559 5387 rto
576 5337 658 5389 rotat.
677 5337 766 5398 pecul.
787 5337 905 5390 16111111
919 5339 993 5391 16111.
1008 5342 1036 5389 et
1051 5340 1101 5391 Ed.
1117 5337 1190 5403 upa.

272 5407 364 5470 toto.;
387 5405 437 5456 Ed.
458 5404 533 5456 1116.
553 5405 716 5458 vocottonts.

444 184 646 258 SCRIPTA
671 184 1221 262 PH.MH1.AD··E1'HIOEN
1246 188 1318 260 ET·
1339 186 1598 264 nonnulla
1622 185 1931 262 SPECTANTIA.

2135 180 2207 256 too

1220 388 1286 448 ne,
1312 388 1388 434 non
1417 377 1500 434 sunt
1523 358 1739 456 expectanda
1761 359 1950 432 hominum
1974 359 2138 438 decreta,
2168 368 2211 424 ut

1222 481 1293 537 tres
1306 466 1360 563 ὥ)
1389 465 1568 537 lsraelitae
1599 468 1638 536 in
1660 466 1846 559 Babylone
1876 486 1952 532 non
1976 461 2211 552 expectabant

1222 571 1343 662 regni,
1375 595 1437 640 seu
1463 569 1698 661 parlamenti,
1722 581 1765 638 ut
1783 591 1880 637 nnnc
1900 568 2117 659 loquuntur,
2148 562 2213 628 de-·

1224 687 1337 756 creta,
1370 675 1431 744 sed
1464 672 1577 763 impio
1604 672 1697 762 regis
1731 671 1846 740 edicto
1878 670 2018 738 fortiter
2045 668 2212 734 adversa·

1223 778 1367 846 bantur.
2067 782 2072 819 -“

1327 879 1513 949 Caeterum
1531 877 1678 968 prodest
1693 874 1760 967 piis
1777 898 1949 968 quaerere
1962 896 2037 940 non
2051 866 2213 939 host-hun

1225 981 1374 1063 iudicia,
1416 983 1476 1050 sed
1506 1003 1611 1047 verae
1642 976 1820 1048 Ecclesiae
1854 974 2079 1055 testimonia,
2122 973 2215 1041 sicut

1226 1081 1387 1155 Christus
1401 1084 1479 1152 vult
1496 1106 1562 1152 nos
1576 1081 1712 1150 erudiri
1728 1092 1764 1149 et
1780 1079 1987 1148 confirmari
2001 1074 2136 1145 mutuis
2150 1073 2214 1140 ad-

1226 1187 1502 1268 monitionibus,
1524 1209 1605 1254 cnm
1621 1183 1672 1252 ait
1689 1186 1734 1251 ad
1750 1184 1897 1252 Petrum
1915 1181 2017 1276 (Luc.
2034 1183 2097 1261 22,
2116 1173 2213 1268 32.);

1226 1289 1273 1360 Et
1303 1304 1342 1359 tu
1368 1312 1560 1358 conversus
1584 1287 1755 1356 confirma
1779 1288 1906 1356 fratres
1930 1298 2021 1354 tuos.
2079 1279 2216 1349 Extant

1227 1392 1408 1486 symbola,
1435 1404 1555 1460 extant
1577 1388 1778 1459 testimonia
1804 1388 1842 1455 in
1858 1387 2018 1480 probatis
2031 1381 2216 1473 scriptori-

1226 1499 1311 1579 bus,
1338 1520 1453 1590 quae,
1479 1495 1510 1563 si
1534 1495 1757 1562 conferemus
1779 1493 1825 1560 ad
1845 1489 2103 1580 Evangelium,
2130 1483 2216 1554 satis

1229 1599 1434 1690 adparebit,
1460 1619 1551 1692 quae
1573 1596 1619 1666 sit
1642 1607 1741 1664 vetus
1767 1606 1801 1661 et
1822 1617 1913 1685 pura
1928 1590 2090 1661 doctrina
2108 1610 2216 1655 verae

1229 1714 1264 1771 et
1278 1698 1472 1770 catholicae
1488 1699 1665 1768 Ecclesiae
1683 1694 1826 1766 Christi.
1878 1696 2085 1765 Deliberent
2107 1690 2218 1779 igitur

1229 1805 1408 1896 principes
1428 1827 1503 1871 non
1524 1827 1604 1870 cum
1625 1799 1805 1892 tyrannis,
1838 1822 1913 1866 non
1938 1823 2018 1867 cum
2040 1790 2218 1886 pontifici-

1229 1910 1316 1990 bus,
1333 1932 1407 1975 non
1423 1932 1501 1975 cum
1519 1900 1727 1996 hypocritis,
1752 1899 1951 1982 monachis,
1975 1896 2141 1976 metaliis,
2156 1895 2219 1964 sed

1231 2037 1310 2080 cum
1334 2010 1409 2102 ipsa
1432 2007 1617 2096 Evangelii
1645 2031 1751 2087 voce,
1778 2002 2042 2097 comprobatis
2067 1999 2218 2089 scripto·

1231 2114 1341 2182 ribus.
1392 2113 1465 2182 Nec
1482 2112 1614 2202 pudeat
1629 2109 1752 2177 audire
1769 2132 1823 2190 ea,
1839 2132 1931 2199 quae
1946 2129 2040 2175 rnurc
2060 2127 2079 2170 a
2096 2101 2166 2194 piis
2183 2114 2220 2167 et

1233 2214 1382 2285 cruditis
1405 2216 1608 2284 traduntur.
1660 2210 1848 2279 Audienda
1870 2222 1922 2280 est
1944 2209 2040 2278 enim
2059 2202 2219 2273 Ecclesia

1234 2314 1385 2401 Christi,
1412 2313 1482 2386 hoc
1508 2328 1579 2398 cst,
1602 2314 1746 2405 piorum
1772 2326 1912 2395 coetus,
1951 2334 2025 2381 non
2058 2303 2219 2377 bostium

1232 2420 1437 2511 Evangelii,
1470 2431 1506 2487 et
1532 2417 1766 2487 conserendae
1796 2416 1990 2486 sententiae
2026 2436 2104 2481 cum
2141 2432 2222 2477 ver·

1232 2528 1280 2594 bo
1306 2522 1387 2592 Dei.

1336 2625 1493 2719 Quidam
1515 2636 1598 2693 sunt
1621 2614 1677 2690 vel
1698 2634 1846 2703 natura,
1873 2618 1929 2686 vel
1945 2639 2055 2708 prava
2074 2638 2223 2685 cousue-

1235 2730 1358 2800 tudine
1376 2722 1551 2822 ἑριστικοὶ
1575 2739 1610 2794 et
1633 2736 1793 2794 amantes
1816 2719 2082 2792 cavillationum
2109 2741 2151 2785 ac
2165 2739 2225 2784 so-

1235 2829 1413 2924 phistices.
1464 2828 1511 2896 Hi
1535 2829 1643 2897 etiam
1665 2852 1746 2896 crim
1764 2826 1848 2896 satis
1866 2824 2040 2914 patefacta
2058 2833 2112 2890 est
2129 2818 2224 2887 veri·

1236 2947 1309 3017 tas,
1335 2947 1456 3002 tamen
1470 2956 1546 2999 non
1564 2929 1809 3024 acquiescunt,
1835 2929 1897 2997 sed
1912 2937 2086 3018 perpetuo
2102 2921 2224 2991 rixan-

1235 3050 1294 3107 tur
1326 3049 1360 3103 et
1390 3033 1621 3116 cavillantur,
1660 3032 1751 3102 sicut
1779 3029 1921 3113 ludaei,
1959 3023 2226 3121 quantumlibet

1236 3139 1409 3222 convicti,
1442 3136 1535 3204 elabi
1560 3149 1680 3205 tamen
1705 3146 1892 3203 conantur.
1950 3131 2006 3199 Ab
2029 3125 2099 3198 hoc
2121 3151 2224 3197 more

1236 3242 1410 3311 Diabolus
1431 3263 1565 3307 nomen
1586 3233 1715 3321 habet,
1743 3237 1826 3330 quia
1841 3232 1943 3303 miris
1957 3229 2144 3303 calumniis
2163 3231 2225 3299 de-

1235 3347 1386 3426 format,
1412 3342 1533 3411 obruit
1549 3353 1584 3410 et
1605 3340 1716 3409 eludit
1729 3339 1798 3408 Dei
1815 3338 1919 3407 dicta.
1958 3337 2076 3406 Porro
2093 3328 2225 3402 abhoc

1237 3436 1414 3540 diabolico
1441 3469 1541 3513 more
1569 3439 1763 3511 abhorrere
1785 3466 1909 3509 omnes
1929 3434 2093 3507 homines
2115 3459 2226 3527 opor-

1237 3551 1324 3633 tuit,
1350 3547 1504 3618 maxime
1527 3559 1644 3616 autem
1665 3545 1844 3638 principes
1861 3543 1976 3625 viros,
2001 3539 2132 3635 quibus
2149 3552 2225 3608 tur-

1236 3653 1423 3745 pissimum
1441 3663 1493 3720 est
1506 3673 1627 3717 amare
1643 3643 1886 3740 sophisticam.
1925 3644 2122 3737 Postquam
2140 3666 2225 3710 con-

1237 3757 1329 3825 victa
1358 3767 1410 3823 est
1440 3751 1655 3822 conscientia
1684 3751 1777 3820 veris
1808 3762 1844 3818 et
1865 3746 1975 3817 firmis
1998 3741 2225 3825 testimoniis,

1238 3884 1312 3927 non
1343 3868 1562 3951 quaerantur
1588 3877 1741 3944 nugaces
1765 3854 1899 3944 glossae
1932 3850 1977 3918 ad
2010 3846 2225 3917 eludendam

1238 3962 1438 4030 veritatem.
1488 3956 1539 4026 Ac
1560 3957 1590 4027 si
1614 3955 1693 4050 quis
1714 3955 1855 4049 quaerit
1872 3953 2057 4021 veritatem
2074 3950 2138 4043 pio
2153 3961 2226 4020 stu-

1238 4065 1319 4147 dio,
1349 4075 1390 4132 ut
1410 4060 1562 4152 gloriam
1586 4059 1655 4128 Dei
1680 4070 1804 4141 ornet,
1827 4070 1869 4126 ut
1897 4080 1981 4126 suae
2011 4067 2046 4123 et
2068 4053 2224 4121 aliorum

1239 4163 1345 4238 saluti
1374 4165 1554 4247 consulat,
1585 4159 1692 4232 huius
1721 4172 1889 4229 conatum
1915 4158 2061 4227 adiuvat
2083 4169 2119 4225 et
2141 4178 2226 4247 pro·

1239 4264 1337 4339 vehit
1352 4267 1461 4350 Deus,
1487 4265 1577 4337 sicut
1592 4265 1642 4334 ait
1668 4257 1814 4358 (Matth.
1834 4263 1870 4344 7,
1885 4262 1955 4356 8.):
1984 4258 2056 4353 Qui
2073 4257 2226 4353 quaerit,

1240 4371 1377 4441 invenit
1401 4383 1466 4440 etc.
1517 4368 1572 4436 De
1595 4365 1742 4436 caeteris
1763 4365 1965 4434 amantibus
1982 4361 2226 4432 cavillationes

1239 4500 1280 4544 ac
1301 4468 1516 4566 sophisticen
1538 4470 1671 4539 dictum
1696 4482 1748 4538 est
1772 4462 2118 4563 (Matth.1a,14.):
2152 4462 2226 4531 Au·

1240 4578 1313 4647 dite
1336 4576 1538 4657 audientes,
1565 4586 1600 4642 et
1620 4573 1732 4641 nolite
1755 4569 1970 4660 intelligere,
1997 4592 2089 4663 quae
2108 4590 2225 4658 poena

1241 4694 1293 4751 est
1308 4679 1470 4750 omnium
1488 4676 1728 4746 calamitatum
1744 4698 1896 4745 summa.

1341 4783 1520 4876 Quartum
1536 4791 1797 4870 argumentum.
1839 4774 1996 4844 Tantum
2013 4772 2101 4843 iuris
2116 4765 2228 4840 habet

1241 4885 1390 4955 inferior
1412 4881 1601 4951 inditione
1625 4882 1765 4975 aliqua,
1791 4889 1965 4971 quantum
1981 4874 2146 4967 superior
2163 4872 2226 4944 do

1274 5128 1322 5193 611)
1342 5131 1416 5188 tres]
1434 5129 1475 5180 sto
1493 5133 1568 5179 recte
1586 5129 1670 5180 nutat.
1687 5127 1774 5189 pecul.
1796 5125 1871 5177 15³⁹.
1893 5129 1920 5174 et
1938 5123 2030 5185 tato.;
2050 5123 2077 5173 tn
2091 5124 2139 5176 na.
2153 5124 2227 5187 apra.

1313 5198 1387 5250 1110.
1407 5200 1474 5249 traso
1491 5211 1545 5249 vox
1562 5200 1588 5248 tu
1607 5211 1655 5249 res
1671 5197 1818 5257 corrupta,
1837 5195 1864 5243 tu
1883 5195 1932 5246 Ed.
1953 5193 2028 5244 1516.
2046 5195 2106 5243 tota
2122 5193 2229 5243 ontsn

1310 5271 1362 5317 est
1406 5268 1440 5316 ru
1464 5271 1523 5324 tres
1544 5267 1691 5316 toraetttao
1708 5267 1773 5313 sunt
1802 5264 1942 5321 sedrach,
1960 5261 2071 5311 mosach
2088 5263 2116 5311 et
2134 5262 2227 5312 Ated-

1309 5337 1403 5399 nego,
1429 5350 1542 5400 quorun
1566 5332 1723 5385 constantio
1747 5332 1776 5382 tn
1793 5343 1847 5383 uuo
1863 5343 1935 5383 vero
1950 5328 2007 5382 Deo
2023 5329 2140 5382 colendo
2155 5330 2227 5382 Bau.

1310 5404 1343 5470 1,
1363 5405 1489 5459 12-311.
1508 5408 1648 5458 narratur.
