4544 5766
115 207 190 281 stt

230 369 428 472 Differam
457 383 587 447 autem
613 376 800 445 iniustum
823 369 916 470 616.)
932 374 992 470 ¹⁴).

218 528 433 621 Priusquam
455 520 601 593 inchoat
624 524 894 616 explicationem
917 526 1106 618 particula-

117 631 167 701 ris
190 631 361 712 iustitiae,
403 627 502 697 addit
526 624 705 720 epilogum
729 627 906 720 superiori
932 630 1032 713 loco,
1072 640 1107 697 et

118 730 248 825 repetit
263 730 508 801 definitionem
526 730 679 800 iustitiae
695 730 923 815 universalis,
950 744 985 799 et
1003 723 1107 799 voca-

118 838 287 906 bulorum
313 835 537 918 collationes,
575 832 692 926 inquit
713 829 864 920 ἄδικον,
905 860 941 904 sc
963 829 1107 917 babere,

120 951 161 1008 ut
176 937 400 1007 communius
415 935 515 1030 adm)
536 930 602 1004 has
623 937 711 1004 ducis
733 935 864 1026 species
886 930 1108 1030 παράνομον

120 1037 184 1113 καὶ
200 1040 343 1114 ἄνισον.
396 1038 492 1107 Haec
510 1038 573 1106 etsi
594 1037 714 1106 tenuia
737 1050 772 1106 et
795 1036 896 1106 exilia
919 1052 1020 1122 sunt,
1055 1050 1107 1105 ta-

120 1167 206 1212 men
221 1145 265 1211 ab
282 1143 425 1212 attentis
440 1140 542 1209 facile
558 1136 706 1230 intelligi
728 1153 896 1232 possunt,
926 1154 963 1209 'ct
984 1142 1107 1210 admo-

122 1259 210 1314 nent
230 1247 407 1315 studiosos
431 1247 474 1312 de
499 1243 701 1312 discrimine
723 1243 877 1313 iustitiae
899 1242 1108 1312 universalis

123 1361 159 1416 et
174 1347 417 1439 particidaris,
445 1349 541 1440 quod
561 1348 748 1414 observare
761 1370 902 1416 necesse
918 1359 980 1416 est.
1021 1345 1106 1414 Bre-

123 1450 181 1518 via
206 1450 423 1533 dictasunt,
465 1449 581 1518 omnis
611 1448 845 1542 inaequalitas
880 1462 931 1518 cst
960 1449 1107 1517 violatio

123 1553 254 1643 legum,
280 1554 341 1621 sed
359 1576 434 1620 non
449 1551 565 1620 omnis
577 1550 857 1641 violatiolegum
874 1563 925 1619 est
940 1551 1110 1646 inaequa-

123 1655 216 1737 litas,
243 1666 294 1738 ut,
321 1679 430 1745 vagae
445 1653 609 1722 libidines
624 1665 708 1722 sunt
720 1653 866 1722 violatio
881 1654 1012 1743 legum,
1035 1678 1110 1722 non

124 1770 209 1827 sunt
231 1757 482 1850 inaequalitas,
508 1781 570 1824 seu
591 1755 834 1838 defraudatio,
863 1756 976 1850 qualis
1000 1755 1111 1826 estin

126 1859 366 1961 contrqctibus
397 1858 553 1940 iniustis,
586 1870 648 1927 aut
680 1858 837 1940 iniuriis,
878 1870 918 1927 ut
950 1852 1109 1927 humano

124 1986 225 2031 more
243 1961 435 2054 loquimur.
487 1959 693 2043 Caeterum,
720 1960 750 2029 si
766 1960 936 2056 iudicium
945 1961 1012 2031 Dei
1029 1985 1111 2029 con-

125 2065 277 2145 sideres,
317 2087 457 2154 semper
488 2063 651 2154 polluens
675 2062 819 2132 alterius
845 2065 1111 2147 conscientiam,

124 2192 187 2236 scu
210 2165 380 2248 volentis,
413 2190 475 2234 seu
499 2164 672 2246 nolentis,
710 2161 874 2233 horribili
896 2166 1109 2236 contumelia

126 2269 228 2339 illum
245 2268 370 2350 afficit,
396 2280 432 2336 et
447 2292 467 2334 a
483 2267 561 2335 Deo
579 2266 711 2336 avellit.

228 2371 296 2439 Sed
312 2373 419 2439 redeo
436 2371 480 2437 ad
496 2368 743 2451 Aristotelem,
776 2368 806 2439 is
829 2395 909 2438 cum
934 2366 1002 2435 ait:
1028 2365 1112 2437 Non

128 2473 245 2541 omnis
269 2473 416 2542 violatio
441 2473 556 2564 legum
587 2485 638 2541 est
663 2473 903 2556 defraudatio,
935 2464 1004 2538 boc
1024 2470 1112 2551 vult,

127 2574 338 2644 iniustitiam
382 2575 619 2644 universalem
660 2576 803 2643 differre
836 2598 855 2642 a
893 2572 1111 2665 particulari.

126 2678 347 2748 Universalis
361 2690 413 2747 est
434 2677 677 2761 contumacia,
709 2703 769 2747 seu
792 2676 1032 2745 inobedientia
1055 2699 1112 2743 cu-

126 2780 322 2873 iuscunque
340 2782 488 2871 generis.
539 2781 587 2848 At
608 2780 831 2870 particularis
855 2791 906 2847 cst
926 2779 1112 2846 defrauda-

125 2884 191 2953 tio.
243 2884 351 2973 Quod
367 2908 451 2951 vero
468 2883 595 2951 deinde
611 2881 678 2949 ait:
712 2882 828 2949 Omne
844 2881 939 2973 quod
955 2880 1034 2971 plus
1050 2891 1113 2962 est,

383 197 686 275 scelerarit.
709 196 822 270 MEL.
842 198 915 273 AB
938 199 1149 276 E'l'lllOEN
1175 200 1241 273 tir
1264 197 1522 275 muriceo
1545 198 1860 277 senorium

2058 196 2135 276 rte

1156 385 1229 442 tem
1254 373 1377 444 sentit:
1422 374 1538 466 Supra
1570 375 1665 467 leges
1693 387 1845 444 natutae
1875 374 1914 443 in'
1941 368 2012 441 vita
2036 371 2147 455 civili,

1158 500 1248 567 opus
1263 500 1336 546 csse
1352 478 1506 567 positivo
1525 476 1622 560 iure,
1648 501 1689 545 ac
1706 476 1744 546 in
1761 477 1921 570 imperiis
1943 483 2036 545 recte
2059 496 2145 544 con·

1157 577 1307 662 stitutis,
1333 592 1453 648 tamen
1476 580 1553 648 iura
1574 580 1726 671 positiva
1748 580 1940 661 differunt,
1966 589 2147 668 utrespu·

1156 680 1248 749 blica
1268 679 1412 751 Iudaica
1436 682 1556 751 differt
1578 682 1801 767 aRomana,
1827 679 2067 767 etverissime
2092 677 2146 748 di·

1159 796 1256 853 ctum
1270 796 1323 852 cst
1338 786 1383 853 ab
1397 781 1591 877 Aescbylo,
1617 786 1714 878 quod
1730 785 1814 854 citat
1828 787 1951 855 Plato:
1984 782 2086 850 Alius
2100 783 2147 851 ad

1158 885 1266 955 aliam
1288 887 1470 956 civitatem
1490 887 1605 978 magis
1626 887 1776 958 idoneus
1798 887 1915 982 est¹⁹).
1966 884 2148 959 binorum

1159 987 1266 1079 igitur
1285 987 1363 1058 iura
1377 989 1549 1080 positiva,
1574 989 1756 1084 inquibus
1776 1003 1897 1059 tamen
1921 984 1989 1056 hoc
2012 984 2149 1057 servari

1160 1114 1300 1159 neccsse
1318 1104 1388 1174 est,
1412 1117 1457 1161 ne
1474 1104 1635 1184 pugnent
1649 1118 1729 1163 cum
1744 1094 1896 1164 ratione.
1940 1089 2024 1160 Ideo
2042 1087 2148 1158 certis

1159 1193 1295 1282 legibus
1311 1207 1346 1263 et
1364 1195 1524 1263 doctrina
1550 1196 1704 1288 quadam
1729 1195 1886 1278 erudita,
1920 1218 2011 1288 quae
2031 1195 2149 1262 sontes

1159 1291 1394 1365 bonestorum
1424 1298 1622 1366 officiorum
1651 1311 1847 1381 monstrat,
1883 1322 1971 1388 opus
2000 1308 2069 1378 est,
2102 1317 2148 1362 ne

1161 1398 1339 1491 quaelibet
1356 1399 1494 1468 somnia
1512 1400 1710 1491 potentium
1727 1426 1794 1492 pro
1810 1401 1944 1491 legibus
1960 1400 2150 1473 ducantur.

1191 1641 1195 1649 .
1235 1582 1415 1653 Divisio
1449 1583 1661 1654 iustitiae
1695 1584 2066 1680 particularisw).

1262 1735 1424 1804 Tandem
1446 1732 1504 1805 hic
1520 1736 1567 1831 ⁹¹)
1590 1734 1737 1808 inchoat
1757 1739 1980 1808 divisionem
1994 1737 2150 1808 iustitiae

1161 1838 1406 1939 particularis,
1432 1840 1493 1907 ubi
1516 1840 1673 1931 primum
1699 1843 1876 1910 studiosus
1898 1843 2009 1910 lector
2030 1839 2146 1909 consi-

1162 1942 1279 2023 deret,
1307 1967 1394 2034 quas
1416 1937 1545 2010 babeat
1559 1944 1765 2015 Aristoteles
1788 1945 2004 2015 necessarias
2026 1966 2150 2012 causas

1162 2039 1290 2111 barum
1306 2044 1552 2134 partitionum.
1604 2046 1725 2116 Fuisse
1750 2060 1868 2116 atuem
1892 2060 1995 2115 antea
2018 2045 2149 2115 discer-

1163 2147 1318 2213 nendam
1352 2146 1589 2216 universalem
1619 2151 1857 2218 obedientiam
1890 2176 1909 2219 a
1941 2144 2150 2241 particulari

1163 2247 1306 2332 virtute,
1330 2250 1432 2317 facilc
1448 2250 1595 2339 intelligi
1612 2265 1739 2342 potest,
1768 2266 1801 2320 et
1814 2246 2012 2321 communis
2030 2275 2149 2320 sermo

1165 2350 1325 2419 omnium
1342 2351 1499 2443 gentium
1524 2353 1618 2443 cogit
1640 2380 1717 2422 eam
1743 2355 2006 2424 distinctionem
2030 2357 2150 2423 obser-

1164 2476 1269 2536 vare,
1295 2466 1335 2523 ut
1352 2455 1553 2524 testimonia
1575 2457 1756 2525 sacrorum
1781 2459 1955 2528 librorum
1979 2456 2152 2526 iudicant.

1164 2555 1301 2624 Deinde
1317 2553 1422 2627 buius
1438 2561 1612 2627 secundae
1627 2559 1811 2632 divisionis
1826 2561 2022 2631 necessaria
2043 2584 2149 2628 caussa

1164 2670 1226 2728 est.
1277 2658 1371 2751 Quia
1392 2661 1526 2729 iustitia
1548 2663 1771 2753 particularis
1794 2664 1938 2756 proprie
1956 2677 2007 2732 est
2024 2664 2151 2742 virtus,

1164 2784 1288 2851 regens
1305 2764 1664 2833 communicationem
1680 2791 1760 2835 cum
1777 2768 1865 2849 aliis,
1882 2779 1918 2835 et
1941 2764 2151 2858 efficiensii)

1164 2863 1413 2955 aequalitatem
1431 2890 1554 2934 rerum
1564 2867 1623 2961 9θ).
1674 2867 1802 2938 Omnis
1815 2881 1932 2937 autem
1952 2867 2153 2937 comrnuni-

129 2985 316 3078 inaequale
342 2996 412 3068 031,
452 2997 490 3051 at
511 3008 585 3051 non
609 3006 716 3050 omne
740 2981 927 3074 inaequale
949 2982 1028 3072 plus
1050 2995 1113 3050 esp,
1165 2965 1257 3032 catio
1281 2990 1360 3033 cum
1384 2966 1479 3048 aliis,
1522 2980 1584 3036 aut
1606 2993 1776 3059 personas
1806 2972 1964 3052 ordinat,
2008 2984 2069 3039 aiut
2093 2995 2152 3038 res

126 3084 212 3157 Ideo
240 3086 388 3169 dicitur,
426 3098 466 3155 ut
495 3085 730 3175 significetur,
771 3084 861 3153 sicut
885 3106 990 3174 supra
1013 3083 1113 3166 dixit,
1165 3079 1382 3157 compensat.
1433 3069 1547 3137 Aliter
1562 3083 1679 3138 autem
1704 3072 1929 3141 constituitur
1953 3072 2154 3165 aequalitas

126 3189 236 3258 istum
259 3189 425 3257 scelerate
448 3190 584 3270 facere,
617 3187 679 3280 qui
702 3187 781 3277 plus
798 3187 932 3268 aufert,
958 3181 1027 3254 hoc
1050 3199 1113 3268 est,
1164 3167 1203 3236 ln
1223 3169 1385 3261 personis
1408 3171 1636 3257 ordinandis,
1669 3173 1772 3243 illllel'
1796 3173 1833 3242 lli
1854 3177 1959 3244 relius
1982 3200 2153 3265 t'Oiitpt‘tl·

67 3352 75 3365 .
127 3291 193 3384 qui
206 3314 287 3359 suas
304 3291 473 3360 utilitates
489 3315 568 3359 cum
592 3289 737 3358 alterius
759 3288 974 3358 detrimento
998 3302 1114 3379 auget,

128 3417 203 3463 non
220 3417 321 3476 cum,
348 3394 409 3488 qui
426 3395 558 3462 damno
577 3393 739 3460 afficitur.

230 3493 271 3563 ln
286 3496 408 3591 ineffl)
426 3496 525 3564 addit
538 3494 748 3565 sententiam
766 3519 841 3562 non
855 3495 1115 3585 negligendam,

60 3680 65 3694 .
128 3599 222 3688 leges
237 3601 280 3666 de
296 3599 481 3690 disciplina
491 3597 538 3693 Π)
553 3597 741 3689 complecti
755 3598 883 3666 debere
902 3597 1021 3667 omnia
1040 3600 1115 3665 osii-

128 3701 181 3769 cia
205 3703 401 3771 necessaria
422 3703 467 3770 ad
489 3725 715 3769 communem
737 3701 899 3770 salutem.
947 3700 1022 3770 Nos
1037 3698 1116 3792 qui-

127 3805 210 3872 dem
227 3805 425 3895 exemplum
444 3804 618 3894 optimum
634 3799 805 3871 habemus
819 3802 1050 3892 decalogum,
1081 3812 1116 3868 et

127 3906 335 3976 Aristoteles
355 3919 478 3999 postea
506 3905 640 3999 inquit:
680 3904 867 3996 Optimum
889 3916 1020 3973 statum
1043 3926 1115 3972 esse

130 4009 301 4093 civitatis,
334 4010 397 4103 qui
419 4008 629 4077 constitutus
649 4019 701 4076 est
724 4008 916 4076 secundum
937 4019 1115 4088 naturam,

129 4112 252 4195 idest,
277 4112 470 4183 secundum
486 4110 650 4179 naturale
668 4121 702 4178 et
717 4121 852 4177 rectum
867 4108 1038 4177 iudicium
1059 4132 1115 4176 ra-

129 4215 237 4283 tionis
260 4211 460 4298 bumanac,
500 4215 598 4307 quod
620 4211 764 4305 quidem
788 4224 840 4282 cst
860 4211 1019 4302 decalogi
1038 4234 1116 4280 sen·

130 4316 254 4385 tentia.

232 4416 341 4486 Addit
356 4431 475 4487 autem
491 4415 733 4512 quaestionem
749 4413 955 4486 Aristoteles
970 4414 1034 4511 ¹⁸),
1069 4439 1115 4482 an

132 4521 255 4601 eadem
271 4520 317 4589 sit
332 4520 494 4590 doctrina
510 4520 579 4588 viri
593 4519 692 4601 boni,
718 4531 753 4588 et
767 4518 852 4588 civis
869 4517 981 4587 boni?
1014 4516 1115 4585 Hanc

131 4621 377 4719 quaestionem
401 4622 452 4691 ait
473 4622 557 4690 alibi
577 4622 827 4713 disputandam
852 4645 944 4705 esse,
969 4615 1038 4688 boc
1054 4645 1115 4688 ιιιι-

129 4749 337 4766 ’.Ἀ-*-

165 4808 212 4874 11)
231 4807 348 4858 Aristot.
374 4805 425 4857 1.Ι.
448 4805 506 4855 Lo.
530 4817 554 4859 6.
565 4803 592 4855 0.
616 4805 697 4865 §.itt
726 4799 875 4870 Accipimus
898 4800 931 4867 δι)
954 4799 985 4853 τό
1009 4787 1130 4865 ἄδικον,

200 4872 230 4926 τό
249 4889 277 4927 se
294 4867 463 4939 παράνομον
479 4869 527 4922 καὶ
544 4869 575 4924 vd
594 4868 707 4924 ἄνισον·
734 4874 786 4925 616.

169 4966 217 5022 16)
235 4959 282 5027 act]
304 4960 447 5010 sicEdttt.
473 4960 562 5027 1616.,
589 4961 684 5024 1616,
712 4961 787 5010 1660.
811 4959 954 5023 611661.)
986 4957 1115 5009 16611111.

201 5032 276 5081 1667.
296 5030 416 5080 611660.
434 5030 521 5079 deest.

167 5120 214 5178 rs)
232 5118 347 5167 aristot.
367 5115 385 5167 ι.
402 5116 420 5167 ι.
437 5116 457 5163 ι.
470 5114 496 5164 6.
514 5128 537 5164 0.
550 5115 576 5164 ι.
594 5114 621 5176 ς.
637 5117 677 5168 ιι.

168 5203 215 5268 tv)
235 5203 392 5264 disciplina]
416 5201 456 5250 sic
475 5199 756 5256 recentiorem„
783 5199 874 5259 tote,
900 5198 973 5248 1660.
992 5198 1114 5247 611661.

200 5280 248 5336 (ε
265 5268 329 5335 περὶ
348 5267 477 5319 πιιιιῖιιίιν
494 5273 586 5319 textus
606 5281 648 5334 gr.
668 5272 685 5320 t.
700 5270 717 5322 l.
736 5271 763 5330 s.
779 5267 849 5331 11.);
885 5267 968 5317 116111.
992 5266 1068 5316 1667.
1087 5269 1114 5315 61

200 5344 276 5394 1660.
292 5340 455 5390 discrimine.

162 5428 213 5492 rs)
231 5428 347 5480 aristot.
366 5426 385 5478 1.
399 5426 420 5478 1.
438 5438 462 5478 c.
474 5425 500 5477 6.
519 5425 546 5487 ς.
562 5424 602 5478 ιι.

1168 3329 1365 3342 *-

1202 3425 1249 3482 10)
1267 3424 1337 3475 rtet.
1357 3424 1391 3473 (16
1409 3426 1513 3486 republ.
1527 3424 1545 3474 t.
1558 3425 1630 3479 vui.
1656 3433 1713 3489 (op.
1732 3430 1772 3478 ed.
1792 3429 1824 3479 u.
1845 3431 1936 3491 stepo.
1955 3432 1984 3483 ’1.
1999 3431 2030 3482 ΙΙ.
2050 3445 2074 3496 p.
2088 3434 2150 3484 660.

1234 3508 1256 3544 c.
1271 3517 1305 3530 -
1323 3493 1365 3543 66.
1384 3493 1490 3554 sipont.
1508 3493 1645 3547 Volvii.
1670 3510 1697 3558 p.
1713 3497 1802 3551 107.);
1827 3493 1934 3548 Οὐκοῦν
1960 3497 2031 3567 pisid
2057 3501 2150 3569 τοῦτο,

1233 3558 1265 3611 τὸ
1283 3561 1332 3610 τοῦ
1347 3557 1495 3626 Αἰσχύλου
1512 3559 1651 3630 λέγωμεν,
1668 3589 1704 3602 -
1726 3562 1812 3614 ἄλλον
1834 3563 1901 3635 ἄλλῃ
1926 3567 1995 3633 πρὸς
2011 3566 2089 3619 πόλει
2107 3587 2151 3622 re·

1203 3646 1208 3653 ·
1234 3629 1389 3698 sappiro,-
1413 3633 1488 3681 ltaec
1499 3634 1637 3683 sententio
1648 3636 1784 3697 reperitur
1797 3636 1823 3684 io
1836 3639 1966 3700 Aeschyli
1978 3639 2075 3702 fragm.
2087 3643 2149 3691 666.

1200 3733 1250 3790 20)
1266 3734 1297 3782 ln
1319 3734 1404 3785 Editt.
1421 3732 1515 3798 1666,
1544 3734 1618 3786 1666.
1641 3739 1670 3785 61
1693 3737 1768 3787 1660.
1792 3740 1936 3801 explicatio
1960 3741 2037 3792 butus
2058 3744 2149 3804 partis

1235 3802 1298 3852 iibri
1316 3801 1352 3854 V.
1379 3801 1465 3854 Arist.
1488 3813 1505 3851 6
1529 3815 1579 3852 sex
1603 3804 1687 3854 116111.
1705 3807 1819 3856 1616-
1833 3809 1908 3857 1660.
1932 3810 2012 3870 louge
2037 3811 2149 3861 diversa

1236 3873 1296 3923 tri.
1320 3871 1642 3933 superinscripsissent:
1673 3874 1806 3937 „Divisio
1829 3878 1949 3927 iustitiae
1971 3879 2148 3939 portteotaris

1235 3941 1263 3989 1ιι
1282 3940 1483 3989 distributivam
1506 3943 1535 3988 et
1558 3941 1813 4007 commutativam'’,
1843 3957 1920 4006 quam
1946 3948 2073 4011 deinceps
2096 3952 2149 3999 666

1237 4013 1401 4071 sequuntur:
1426 4009 1467 4058 De
1484 4009 1598 4057 obiectis
1614 4010 1742 4062 iustitiae.
1758 4036 1793 4047 —
1816 4015 1856 4063 De
1873 4013 2047 4066 distributiva
2066 4018 2149 4067 iusti-

1236 4079 1283 4128 116.
1303 4100 1335 4114 -
1384 4077 1536 4138 Descriptio
1558 4078 1679 4129 iustitiae
1701 4080 1902 4132 distributivae.
1922 4107 1955 4120 -
2004 4085 2151 4148 Propertio

1236 4147 1356 4196 discreto
1379 4148 1406 4194 61
1429 4146 1564 4196 contiuua.
1588 4170 1624 4182 —
1669 4150 1709 4199 De
1734 4157 1887 4212 permotus
1910 4157 2096 4216 proportione.
2112 4181 2149 4194 -

1234 4217 1276 4265 lte
1292 4214 1397 4263 iustitia
1414 4216 1615 4264 commutatico.
1633 4244 1666 4253 —
1713 4217 1900 4280 Reprehensio
1920 4223 2085 4272 dettuittonis
2103 4225 2149 4273 iu·

1236 4285 1330 4335 stitisse
1348 4295 1417 4345 quoe
1435 4289 1480 4333 est
1496 4295 1514 4332 ιι
1531 4285 1692 4349 Pythagora
1707 4288 1818 4338 1661116
1835 4315 1871 4325 -
1905 4293 1995 4341 caiisa
2012 4295 2085 4342 ιιιιιιί
2103 4295 2149 4343 in-

1236 4353 1322 4404 venti.
1342 4377 1369 4387 -
1396 4354 1427 4400 tn
1439 4353 1522 4401 Editt
1539 4356 1630 4419 1610,
1651 4356 1725 4409 1612.
1743 4363 1771 4406 61
1792 4359 1882 4415 1611..
1900 4374 1968 4421 quae
1986 4374 2040 4411 ιιοιι
2058 4364 2149 4414 sotum

1235 4434 1254 4470 6
1270 4432 1321 4470 sex
1338 4422 1514 4482 sequentibus
1531 4423 1615 4476 Editt.
1638 4424 1844 4480 1616-1660..
1872 4430 1920 4476 sed
1939 4430 2020 4479 etiem
2037 4434 2072 4480 66
2090 4432 2150 4480 ittis

1235 4491 1324 4540 tribus
1334 4489 1471 4552 prioribus
1484 4491 1627 4556 differunt,
1648 4494 1720 4543 inter
1733 4495 1937 4556 inscriptionem
1953 4499 2085 4559 „Divisio
2103 4500 2149 4549 tu·

1235 4560 1328 4608 61111116
1346 4558 1520 4620 particutans
1537 4559 1564 4608 iu
1586 4562 1788 4614 distributivam
1805 4569 1833 4613 et
1850 4568 2070 4618 continuativam
2078 4565 2095 4590 ”
2119 4573 2150 4619 61

1235 4629 1301 4694 „tie
1324 4626 1436 4676 obtutis
1452 4625 1606 4687 tristitioe'',
1630 4630 1751 4682 insertio
1774 4640 1840 4681 suut
1862 4635 1928 4685 ttae:
1958 4639 2017 4696 Quo
2034 4637 2151 4690 consitio

1234 4697 1401 4746 Atistotetes
1418 4696 1533 4757 prbrum
1549 4699 1666 4759 pertitus
1689 4703 1732 4749 est
1754 4701 1886 4752 iustitiam
1909 4705 1936 4752 iu
1961 4707 2149 4757 utriversoten

1236 4768 1264 4814 et
1281 4758 1496 4826 particulareml
1516 4791 1550 4801 -
1591 4769 1716 4818 tisbetne
1737 4770 1805 4820 6666
1828 4775 1996 4824 cousuetudo
2020 4777 2150 4838 loquendi

1234 4833 1318 4884 etiam
1335 4832 1470 4882 rationem
1486 4831 1627 4896 atiquemt
1644 4861 1678 4874 ·-
1709 4839 1784 4898 Quae
1802 4845 1844 4889 est
1862 4843 1932 4890 ratio
1951 4846 2087 4894 secernere
2104 4848 2149 4894 ‹ti-

1234 4895 1375 4951 visionis?
1411 4900 1536 4953 Getsrae.
1545 4902 1739 4968 inscriptiones
1762 4901 1872 4959 medem
1894 4917 1960 4962 scint
1984 4925 2016 4964 ac
2039 4914 2068 4964 tn
2092 4914 2151 4965 titis

1234 4971 1372 5033 prioribus
1388 4970 1472 5021 Editt.

1199 5072 1247 5140 2¹)
1265 5074 1379 5123 Aristot.
1398 5074 1417 5127 t.
1430 5075 1450 5125 l.
1467 5088 1490 5126 c.
1505 5076 1531 5128 2.
1550 5077 1575 5137 s.
1592 5077 1631 5129 12.

1197 5174 1246 5242 22)
1264 5177 1403 5237 efficiens]
1420 5178 1461 5228 sic
1476 5178 1562 5229 Edttt.
1583 5179 1673 5249 1616,
1692 5183 1784 5250 1616,
1803 5187 1895 5253 1660.,
1914 5190 1989 5241 1661.
2006 5196 2035 5242 61
2054 5194 2152 5259 1667.)

1233 5247 1305 5300 Edit.
1319 5247 1392 5298 1660.
1409 5248 1543 5297 alliciens.

1198 5347 1372 5410 16116666]
1395 5351 1436 5399 sic
1451 5350 1537 5400 116111.
1558 5351 1648 5420 1660,
1674 5356 1764 5420 1661,
1791 5358 1866 5409 test.
1884 5363 1913 5410 61
1934 5362 2028 5428 1660.)
2061 5366 2150 5420 Betiti.

1233 5419 1309 5470 1616.
1329 5422 1357 5468 61
1375 5418 1449 5469 1616.
1467 5421 1610 5501 quautam.
