4544 5766
71 207 150 285 tao
352 270 356 277 .
422 270 425 275 .
490 218 494 223 '
593 207 927 285 “ll-E‘l'lllcffl
957 200 1602 288 nocrmnttffluunmat*
1644 218 1684 237 '¹
2030 210 2107 289 tto

72 380 244 479 (40‚4.):
277 381 463 454 Videbunt
473 383 598 469 multi,
624 397 660 455 et
672 385 871 472 timebunt,
897 398 934 456 et
947 406 1067 478 spera·
1219 386 1343 457 Altera
1357 386 1530 457 adiuvans
1541 408 1645 457 causa
1661 397 1714 457 est
1721 386 1896 458 naturalis
1909 386 2110 461 inclinatio.

71 489 168 558 hunt
183 483 408 557 inlbomino.
450 522 453 531 ·
678 509 695 533 ¹·
1126 489 1267 559 Verum·
1288 500 1345 560 est·
1361 490 1477 572 enim,
1496 488 1659 560 ·virtutes
1686 490 1863 561 firmiores
1883 488 2019 560 fieri-in
2042 487 2112 575 bis,

131 622 267 747 '0¹⁴⁰ss
293 638 385 735 ‘mi‘
413 681 553 737 came
581 622 777 733 aetianam
812 655 993 732 virtutis?
1120 593 1230 686 qui-'a
1258 605 1389 662 natura
1419 593 1647 664 adiuvantur.
1710 592 1772 661 Ut'
1785 593 1932 678 musici,
1968 597 2110 686 politae,

430 730 433 739 ·
1001 734 1005 741 ·
1120 695 1274 786 pictores
1289 694 1489 765 foeliciores'
1506 709 1607 779 sunt,
1634 716 1723 789 quos
1746 697 2047 766 natura'adiuvat
2071 697 2109 765 in

152 796 387 866 =Atistoteles
402 795 570 864 virtutem
584 796 750 864 nominat
763 792 936 864 habitum.
976 795 1068 863 Con·
1121 798 1288 890 operibus
1301 794 1431 867 harum
1445 798 1595 867 artium:
1623 797 1675 866 ita·
1688 798 1725 866 in
1734 797 1949 883 Alexandro,
1962 796 2109 889 lulio³¹)

74 911 155 970 stat·
179 911 315 967 autem·
336 894 524 968 habituum
558 921 681 968 causas
717 922 789 967 esse
820 896 1069 966 convenientes
1121 901 1348 970 excellentior
1370 913 1422 970 est
1436 901 1630 984 fortitudo,
1657 901 1938 994 quia'naturales
1955 902 2110 994 impetus

10 1049 12 1056 ·
76 1001 248 1072 actiones.
305 999 608 1070 Deindenecesse
632 1012 703 1084 est,
738 1000 865 1094 quaeri
886 1001 1067 1069 actionum
1120 999 1265 1088 habent,
1282 1004 1339 1072 vel
1354 1004 1517 1072 incendia
1535 1004 1778 1097 potius‚·-·quae
1794 1016 1877 1074 sunt
1891 1000 2020 1074 barum
2036 1004 2109 1073 vir-

10 1135 15 1145 *
77 1102 268 1175 efficientes
283 1116 319 1173 et
333 1105 542 1174 adiuvantes
557 1127 697 1187 causas,
724 1103 781 1172 vel
796 1103 907 1188 αἴτια,
936 1097 1069 1174 συναί-
1120 1119 1236 1176 tutum
1258 1104 1442 1180 σὺναίτια.

10 1200 15 1263 l
79 1220 160 1294 so,
189 1219 228 1275 et
241 1200 427 1302 συνεργοί.
1220 1209 1421 1278 Discrimen
1436 1221 1554 1279 alutem
1568 1204 1636 1278 hoc
1658 1209 1738 1278 loco
1755 1206 1928 1279 virtutum
1947 1205 2108 1279 heroica-

155 1307 381 1379 Efficimus
414 1332 539 1378 causae
568 1308 812 1402 propinquae,
862 1332 923 1377 seu
953 1307 1064 1391 αἴτια,
1118 1337 1199 1381 rum
1223 1326 1258 1381 et
1276 1312 1522 1381 communium
1553 1311 1851 1382 considerandum
1879 1325 1940 1382 cst.
2015 1311 2109 1382 Nam

10 1426 17 1468 ἲ
79 1412 273 1483 seotlndmn
306 1407 575 1504 philosophiam
607 1424 691 1481 sunt
722 1423 861 1480 rectum
894 1408 1066 1479 iudicium
1119 1410 1283 1483 heroicae
1306 1415 1494 1497 dicuntur,
1521 1437 1612 1508 quae
1636 1415 1674 1482 in
1697 1415 1946 1486 excellentibus
1971 1415 2109 1484 naturis

10 1546 19 1556 ·
79 1515 231 1597 mentis,-
252 1526 290 1583 et
310 1515 422 1584 libera
443 1515 628 1597 voluntas,
662 1514 830 1583 obediens
853 1524 951 1582 recto
975 1511 1068 1580 iudi·
1118 1513 1252 1587 habent
1276 1520 1439 1587 ardentes
1468 1517 1631 1609 impetus.
1711 1517 1928 1587 Communes
1956 1529 2039 1587 sunt
2069 1517 2108 1584 in

10 1648 21 1659 ·
80 1618 145 1688 cio.
190 1616 373 1688 Usitatnm
388 1631 443 1687 est
456 1628 575 1687 autern
589 1640 717 1685 vocare
731 1627 866 1685 rectum
883 1614 1067 1696 iudicium,
1118 1619 1376 1703 mediocribus,
1411 1644 1486 1687 non
1513 1618 1725 1690 monstrosis
1754 1615 1980 1702 hominibus,
2023 1621 2107 1713 quia

82 1721 258 1789 dictamen
282 1733 400 1790 rectae
422 1719 593 1804 rationis,
633 1722 730 1812 quod
754 1731 806 1789 cst
827 1720 884 1787 lex
904 1730 1067 1799 naturae,
1120 1723 1226 1792 etiam
1239 1723 1436 1792 mediocres
1453 1735 1602 1792 naturae
1616 1746 1691 1790 non
1704 1734 1941 1805 monstrosae,
1956 1721 2109 1789 flectiad

10 1852 22 1862 ·
82 1836 113 1892 et
127 1823 219 1892 aliae
233 1823 330 1913 leges
347 1836 582 1915 congruentes
598 1845 680 1891 cum
694 1835 792 1891 recto
808 1820 941 1891 iudicio
963 1833 1067 1888 natu·
1118 1826 1287 1896 virtutem
1304 1825 1466 1894 doctrina
1490 1838 1524 1894 et
1539 1825 1794 1895 assuefactione
1817 1836 1987 1916 possunt,
2022 1823 2107 1917 quia

13 1929 26 1977 t
81 1925 195 1995 raliet
211 1925 335 1995 divina
354 1928 442 2017 lege.
493 1926 609 2017 Supra
627 1937 745 1994 autem
768 1925 861 2008 dixi,
887 1918 955 1993 hoc
976 1922 1067 1992 iudi·
1118 1929 1214 1998 Deus
1232 1923 1415 1998 sultbanc
1438 1923 1626 1998 hominum
1650 1941 1816 1997 naturam
1841 1951 2005 2019 capacem
2032 1950 2105 1997 esse

10 2041 26 2081 ἃ
83 2029 172 2098 cium
205 2042 344 2099 rectum
371 2053 465 2115 esse,
508 2028 591 2125 quia
627 2028 791 2119 congruit
825 2052 906 2096 cum
937 2049 1065 2094 norma
1118 2032 1302 2102 doctrinae
1320 2044 1354 2100 et
1369 2031 1554 2101 virtutum.
1606 2030 1777 2123 Quaestio
1794 2043 1846 2100 est
1861 2043 1992 2113 alitem,
2011 2031 2107 2098 rande

10 2160 25 2170 ·
82 2144 222 2201 aeterna
237 2145 273 2202 et
287 2132 451 2215 immota,
477 2143 638 2228 quaeest
653 2131 690 2198 in
707 2142 825 2199 mente
843 2128 978 2211 divina,
1002 2150 1067 2219 pa·
1118 2136 1189 2205 sint
1201 2131 1289 2203 haec
1302 2146 1513 2203 naturarum
1529 2133 1746 2205 discrimina.
1797 2133 1930 2203 Paulus
1943 2133 2057 2202 bonas
2072 2145 2108 2201 et

10 2246 54 2391 ⁵¹
80 2233 257 2305 tdacnin
274 2235 457 2326 decalogo.
507 2234 619 2327 Saepe
637 2232 981 2302 enimaliasdictum
1003 2243 1067 2314 est,
1117 2239 1259 2309 soelices
1274 2237 1525 2306 inclinationes
1546 2249 1653 2306 uocat
1679 2237 1773 2306 dona
1789 2234 1870 2306 Dei.
1923 2235 1993 2305 Sed
2016 2230 2107 2327 phy-

10 2348 30 2389 θ
80 2339 191 2430 legem
210 2350 385 2421 naturae,
413 2336 582 2407 notitiam
608 2337 705 2404 illam
730 2360 804 2406 esse
827 2336 872 2403 de
894 2333 1066 2416 moribus,
1117 2341 1181 2411 sici
1196 2364 1318 2410 causas
1330 2341 1369 2408 in
1384 2350 1668 2430 temperamento
1684 2336 1934 2434 quaenintffl),
1949 2336 2109 2407 etmani-

10 2451 33 2505 ἵε
51 2494 54 2499 -
81 2455 334 2532 congruentem
348 2465 431 2510 cnm
445 2453 565 2509 mente
582 2439 723 2523 divina,
748 2440 924 2531 patefacta
947 2437 986 2504 in
1006 2438 1066 2505 de·
1117 2446 1245 2514 festum
1261 2456 1330 2526 est,
1356 2454 1637 2533 temperamenta
1661 2455 1696 2511 et
1717 2441 1973 2543 inclinationes!
1984 2439 2106 2533 aliquo

10 2553 30 2594 ἃ
81 2545 219 2635 calogo.
1117 2548 1227 2615 modo
1249 2570 1329 2615 cum
1352 2544 1461 2614 stellis
1485 2567 1693 2635 congruere.
1757 2543 1879 2635 Quare
1904 2567 1980 2611 non
2006 2541 2108 2612 dubi·

10 2661 29 2700 ⁰
175 2645 300 2715 Altera
316 2668 421 2715 ‘2⁰⁸³
437 2645 690 2728 ²⁵1V0l¹11¹lflss
716 2645 759 2713 de
782 2644 881 2713 Ullus
900 2641 1065 2710 libertate
1118 2651 1267 2719 tandum
1298 2659 1368 2730 est,
1399 2646 1581 2716 stellarum
1604 2645 1741 2715 lumine
1770 2644 1912 2716 misceri
1932 2656 2108 2736 tempera·

10 2763 31 2805 ⁰
52 2778 55 2793 ·
80 2761 199 2842 postea
221 2748 390 2818 dicemus.
451 2746 518 2818 Est
540 2749 635 2817 enim
662 2759 697 2815 et
718 2748 863 2816 libertas
886 2743 1065 2834 singulare
1117 2765 1235 2823 menta
1253 2763 1288 2820 et
1304 2748 1448 2819 accendi
1461 2748 1722 2819 inclinationes.

10 2864 28 2923 ἵε
80 2856 214 2921 donum
225 2850 296 2920 Dei
315 2851 354 2919 in
373 2863 502 2921 natura
527 2851 762 2942 intelligente,
790 2863 824 2918 et
840 2871 923 2940 pars
940 2847 1064 2937 imagi·

10 2959 23 3010 ἲ
81 2955 132 3026 nis
153 2953 225 3024 Ilei
246 2954 286 3022 in
305 2949 474 3038 homine,
512 2977 552 3022 ac
574 2955 652 3023 vult
669 2953 766 3023 Deus
787 2952 965 3046 reliquam
990 2974 1064 3019 esse

10 3073 28 3115 ³
52 3094 55 3149 Ι
80 3060 235 3152 aliquam
259 3057 480 3141 libertatem,
505 3069 548 3125 ut
568 3055 745 3127 assuefieri
767 3052 930 3125 homines
954 3065 989 3122 et
1012 3053 1064 3121 di-
1218 3053 1342 3121 Tertia
1367 3076 1471 3122 causa
1495 3053 1668 3123 adiuvans
1692 3066 1746 3123 est
1767 3051 1976 3143 disciplina,
2003 3075 2106 3145 quae,

81 3161 225 3253 sciplina
238 3158 318 3251 regi
333 3160 484 3252 possint.
526 3157 603 3229 lmo
620 3171 661 3230 ut
676 3171 799 3250 postea
821 3159 928 3227 etiam
946 3155 1065 3224 renati
1115 3169 1156 3226 ut
1172 3151 1241 3225 hoc
1257 3156 1337 3225 loco
1352 3156 1565 3227 vocabulum
1580 3169 1793 3247 usurpatur,
1821 3167 1872 3224 est
1888 3153 2108 3235 assuefactio,

10 3260 35 3321 ἰ·
81 3267 170 3333 dona
185 3262 257 3331 Dei
272 3263 461 3332 retineant.
1117 3283 1208 3353 quae
1226 3259 1331 3329 estin
1346 3271 1520 3350 potestate
1545 3253 1727 3328 humanae
1752 3257 1967 3341 voluntatis,
2001 3270 2035 3326 et
2057 3268 2109 3326 est

178 3365 316 3436 Causae
337 3365 566 3448 adiuvantes,
597 3363 654 3432 vel
676 3357 849 3434 συναίτια
872 3374 955 3431 sunt
977 3356 1065 3429 haec
1116 3362 1301 3432 doctrinae
1315 3361 1495 3452 cogitatio,
1513 3373 1547 3429 et
1562 3361 1773 3452 gubernatio
1790 3360 2029 3429 locomotivae
2045 3383 2107 3428 seu

84 3469 164 3552 tria,
191 3468 375 3552 doctrina,
401 3468 581 3536 naturales
602 3467 774 3557 impetus,
810 3479 844 3533 et
867 3463 1064 3555 disciplina.
1117 3478 1346 3534 externorum
1363 3465 1622 3547 membrorum,
1639 3489 1684 3532 ne
1699 3477 1808 3533 ruant
1823 3463 1861 3531 in
1876 3462 2006 3533 scelera
2023 3485 2106 3530 eon-

1431 2918 1492 2986 Dc
1526 2917 1793 3009 disciplina.

10 3794 15 3839 t
87 3777 180 3847 discit
193 3773 519 3846 architectonicam.
556 3773 632 3844 Etsi
648 3774 742 3842 enim
759 3786 887 3843 natura
904 3784 1065 3841 tenemus
1117 3785 1187 3857 tur,
1202 3785 1243 3842 ut
1258 3772 1440 3843 discedant
1454 3795 1496 3841 ex
1512 3771 1599 3842 locis
1613 3771 1675 3841 ubi
1691 3784 1825 3855 amant,
1840 3772 1935 3840 iuxta
1946 3794 2105 3840 versum:

22 3921 36 3930 ·
87 3880 257 3973 principia
287 3881 482 3974 quaedam,
517 3892 638 3949 tamen
660 3877 740 3945 illae
764 3877 861 3966 ipsae
884 3875 1065 3944 naturales
1117 3876 1301 3968 Quantum
1317 3874 1427 3946 oculis
1436 3875 1556 3944 animo
1566 3888 1639 3943 tam
1649 3876 1774 3967 procul
1784 3874 1850 3943 ibit
1860 3897 1972 3943 amor.
1999 3871 2104 3941 Item:

10 4006 32 4045 ,·-
86 3983 226 4053 notitiae
242 3983 489 4052 exuscitandae
502 3994 537 4051 et
550 3980 779 4050 illustrandae
793 3990 877 4049 sunt
891 3979 1064 4047 doctrina.
1116 3979 1239 4048 Vitare
1254 3991 1418 4071 peccata,
1441 3990 1493 4048 est
1512 3977 1624 4048 vitare
1649 3979 1851 4047 occasiones
1867 3989 2105 4069 peccatorum.

10 4107 28 4148 c
86 4085 199 4179 Quare
215 4085 314 4155 iniis
330 4086 512 4176 gentibus,
543 4083 605 4152 uhi
628 4082 810 4152 doctrinae
830 4083 890 4151 lux
911 4081 1063 4149 extincta
1115 4080 1220 4151 Item:
1248 4081 1321 4174 Qui
1337 4093 1435 4150 amat
1448 4080 1660 4172 periculum,
1674 4081 1804 4172 peribit
1820 4080 1856 4147 in
1872 4078 1945 4147 illo.
1971 4076 2017 4145 Et
2029 4100 2105 4144 ma-

84 4190 162 4274 luit,
188 4202 256 4258 aut
276 4183 393 4259 adbuc
408 4189 560 4257 extincta
577 4198 647 4270 est,
675 4187 861 4255 obscurata
881 4197 933 4254 est
949 4197 984 4252 et
1001 4209 1064 4252 na·
1116 4186 1283 4254 nisestum
1301 4197 1352 4253 est
1368 4183 1563 4253 multorum
1579 4207 1699 4251 mores
1716 4182 1819 4251 malis
1835 4179 2009 4249 sodalitiis
2026 4201 2104 4247 cor-

10 4288 30 4351 ²⁵
83 4292 204 4364 taralis
218 4291 367 4375 notitia,
394 4303 434 4360 ut
447 4288 722 4359 Lacedaemonii
741 4288 983 4357 concedebant
1003 4312 1065 4379 pa·
1117 4287 1247 4380 rumpi.
1299 4279 1885 4379 QuarePasdusdicit(1.Cor.15,
1902 4281 1997 4378 33.):
2016 4281 2104 4351 Cor·

10 4413 23 4449 ·.
82 4394 354 4468 duieumviro
369 4395 412 4462 de
428 4419 550 4464 uxore.
939 4432 942 4439 Α
1116 4388 1865 4483 rumpuntbonosmorescolloquiaprava.
1887 4380 2107 4476 EtAeschyli

179 4495 269 4567 ldeo
283 4510 319 4567 et
330 4496 427 4567 Deus
440 4522 503 4567 sua
517 4518 604 4564 voce
618 4493 730 4584 legem
747 4492 1000 4586 promulgavit,
1026 4505 1066 4561 ut
1119 4494 1253 4564 dictum
1267 4492 1313 4563 sit
1326 4505 1469 4563 notum:
1493 4484 1604 4562 οὐδὲν
1620 4483 1752 4561 κάκιον
1766 4484 1911 4581 ὁμιλίας
1925 4484 2105 4582 κακῆςω).

78 4624 287 4698 quanquam
302 4612 382 4669 erat
393 4599 522 4692 scripta
541 4599 577 4665 in
592 4608 740 4681 natura,
765 4610 884 4666 tamen
901 4620 987 4664 voce
1003 4597 1065 4664 do·
1115 4597 1163 4667 Et
1177 4609 1279 4665 vetus
1296 4606 1524 4688 praeceptum
1543 4603 1594 4661 est
1610 4591 1792 4661 cuiusdam
1810 4591 1903 4660 senis
1918 4590 2103 4659 eremitae:

76 4704 217 4775 coines
241 4705 462 4787 traderetur,
495 4710 735 4793 repeteretur,
771 4712 806 4768 et
828 4698 1066 4768 inculcaretur
1118 4694 1269 4796 ἆρμόξει
1289 4704 1344 4794 τῷ
1374 4696 1545 4796 ἐγκρατεῖ
1565 4689 1629 4766 καὶ
1659 4690 1747 4775 τοὺς
1778 4693 1912 4786 ὄχλους
1940 4687 2104 4790 φεύγειν,

75 4804 304 4891 hominibus,
327 4819 363 4876 et
378 4818 513 4875 extaret
536 4801 780 4872 testimonium
799 4801 994 4872 illustribus
1015 4814 1065 4870 te·
1115 4802 1179 4874 ἵνα
1194 4797 1261 4873 τὸν
1276 4805 1371 4872 νοῦν
1386 4795 1663 4895 ἀπερίσπαστον
1677 4795 1753 4891 ἔχῃ,
1767 4793 1831 4868 καὶ
1845 4792 1914 4889 τὴν
1931 4788 2103 4867 διάνοιαν

74 4908 257 4982 stimoniis
264 4909 502 5001 propositum,
516 4904 662 4977 notitias
677 4906 856 4976 naturales
870 4929 1065 4996 congruen-

76 5028 130 5086 tes
151 5038 239 5084 com
256 5013 318 5080 illa
341 5036 429 5081 voce
449 5010 592 5094 divina,
625 5007 738 5097 legem
762 5006 831 5076 Dei
854 5034 938 5079 esse.
1014 5007 1065 5075 Ac
1149 5055 1199 5114 aa)
1218 5052 1284 5102 truso
1303 5051 1433 5103 caesare.

74 5117 277 5190 Dffltflwss·
301 5114 345 5200 52
370 5112 441 5211 (7·)
462 5115 591 5184 diserte
614 5109 760 5179 ἅῖθὶῐΰΐῑ
787 5109 900 5183 Acues
924 5136 964 5180 ea
984 5110 1066 5180 filiis
1150 5141 1199 5199 aa)
1218 5141 1368 5202 quaerunt]
1387 5138 1428 5188 uc
1446 5137 1511 5187 uae.
1532 5136 1606 5187 155⁷.
1625 5138 1652 5187 et
1671 5136 1763 5199 taso,
1789 5133 1857 5185 uua.
1883 5131 1957 5181 ατο.
1976 5136 2003 5181 et
2030 5132 2104 5181 lass.

73 5220 171 5304 tuis,
193 5218 231 5288 id
253 5230 325 5303 est,
350 5242 426 5287 non
451 5218 568 5287 trades
590 5225 680 5284 tecta
703 5212 888 5305 squalore,
910 5215 966 5283 vel
989 5238 1065 5284 non
1184 5212 1310 5273 querunt.

74 5323 299 5417 negligenter
314 5322 454 5407 trades,
476 5320 540 5391 sed
553 5317 674 5388 limata
692 5328 727 5384 et
741 5314 914 5386 illustrata
931 5342 1065 5412 propo·
1147 5297 1198 5357 Μ)
1216 5292 1657 5428 Δθζῖἵὲᾰῗξῗῗω,“ἀ”ὲ,Ἦζ
1674 5290 1734 5422 ΞΘ4,
1745 5303 1786 5352 “¹¹
1807 5286 1868 5385 (ω’.
1883 5283 2015 5347 sama*

1451 5391 1531 5444 ραγει
1611 5386 1629 5426 α
1689 5376 1783 5440 ,ustos
1800 5388 1883 5432 κακης

73 5453 159 5514 nes,
183 5438 342 5518 repetes,
367 5448 487 5498 severe
502 5420 618 5515 exiges
632 5416 867 5511 disciplinam.
1269 5444 1376 5498 xes...
1392 5440 1484 5498 ottae.
