4544 5766
129 127 235 205 108⁹
466 123 524 200 XI.
574 117 857 203 ENARIl‘ATIO
888 117 1432 201 onamulscctttaltottls
1465 123 1583 197 PRO!
1601 127 1819 206 MURENA.
2049 134 2149 217 1090

128 296 412 373 Lacedaemonii
432 297 586 369 extincto
607 294 944 390 Nabide'tyranno,
975 297 1115 390 de‘qud
1164 301 1350 388 praestas,
1370 296 1511 370 -talutss
1533 308 1682 385 omnel,
1714 306 1812 398 qamt'
1831 304 1937 399 lingit
1965 320 2002 383 te
2030 318 2146 401 nosse,

127 405 212 475 vide
231 399 444 494 Livium⁸⁴).
520 401 647 492 Alteri]
672 399 803 471 scilicet
820 399 1014 469 Cretenses.
1071 414 1114 461 «ἕ.
1166 411 1250 469 cum·
1266 399 1492 471 nonnoris?
1592 408 1815 501 Posteaquam
1840 407 1910 509 est]
1942 408 2043 485 Phil..
2062 416 2148 487 Mei»

230 505 317 596 Cap.
338 499 492 575 xxxvl
526 500 557 593 ἓ.
577 497 638 573 75.
674 505 731 587 ls,
764 497 882 600 quam]
914 495 1114 571 Pulcherri-
1163 496 1279 573 lantlr.
1304 504 1443 574 mavult
1453 503 1594 596 ‘legeret
1628 507 1749 603 esu),
1768 505 1837 579 boc
1857 525 1928 598 est,
1952 518 2145 613 postquam

125 633 228 677 mum
245 608 458 697 exemplum.
539 598 758 701 Tricliaium]
782 603 819 671 id
837 616 907 688 est,
941 626 1113 674 mensam.
1163 626 1199 674 es
1219 603 1321 675 illum
1340 601 1517 677 honorem
1541 622 1767 696 consecutus,
1806 637 1882 683 non
1907 618 2060 711 amplius
2084 632 2148 694 eud

124 702 298 806 Lectulos]
324 709 449 792 idest,
473 731 625 780 mensas.
693 701 832 807 Samia]
858 706 983 790 idest,
1008 717 1113 776 testa·
1163 728 1311 778 roseos.
1383 748 1411 781 ,-
1565 756 1569 766 ·
2016 754 2046 773 ·-
2084 760 2087 769 ·
2140 742 2143 755 ·

125 838 211 898 cea,
236 837 311 881 non
328 837 447 881 aurea.
952 848 955 855 ·
1264 809 1349 901 Cap.
1359 808 1530 882 XXXVII.
1552 809 1583 904 ξ
1594 814 1654 886 78.
1681 821 1730 887 Aa
1742 815 1853 918 enim]
1868 818 2072 896 Translatio
2081 827 2142 924 π),
2255 818 2257 822 ¹

228 911 260 1005 §.
277 914 337 985 76.
363 908 491 1011 napos]
517 911 651 985 scilicet
665 934 882 1006 quamquam
899 922 990 983 esset
1008 905 1111 978 nobi·
1161 911 1259 1005 quod
1274 913 1499 1004 reipublicae¹
1510 917 1672 1008 expediat
1691 920 1837 990 retineri
1852 923 2041 998 Murenam
2057 955 2141 1000 con-

123 1016 180 1089 lis.
258 1011 354 1114 odis]
380 1010 622 1110 ἐπιφώνημα,
651 1028 687 1085 et
702 1028 755 1087 est
766 1013 859 1085 ratio
874 1011 1109 1105 superiorum.
1161 1014 1293 1098 sulem,
1320 1011 1427 1085 ethic
1439 1017 1538 1088 locus
1553 1021 1690 1111 egregie
1714 1037 1860 1095 ornatus
1885 1040 1956 1113 est,
1981 1053 2047 1103 nec
2070 1035 2140 1104 alia

123 1125 216 1191 Nom
239 1123 324 1215 quod
347 1113 416 1215 ais]
449 1117 603 1210 Quintus
624 1118 723 1188 locus
741 1112 868 1187 babuit
896 1139 1039 1185 causam
1064 1114 1109 1182 de
1159 1140 1244 1208 pars
1260 1112 1366 1211 buius
1383 1119 1556 1190 orationis
1568 1123 1739 1211 grandior
1756 1139 1826 1212 est,
1850 1142 1913 1198 aut
1935 1135 2048 1223 magis
2068 1147 2140 1204 tra·

125 1211 289 1306 ambiqu
309 1220 366 1291 cui
387 1221 579 1313 respondet
598 1243 664 1312 per
685 1218 947 1291 infitiationem.
995 1215 1110 1306 Negat
1160 1218 1236 1310 gira
1250 1217 1311 1314 ⁸⁸).
1372 1220 1536 1291 Primum
1568 1232 1686 1294 autem
1715 1244 1903 1321 exaggerat
1931 1235 2141 1324 perieulum,

124 1325 224 1394 enim
248 1325 409 1393 mercede
433 1324 625 1393 conductos
643 1347 736 1406 esse,
775 1322 837 1416 qui
861 1320 1110 1410 suffragentur.
1159 1323 1256 1414 quod
1268 1316 1387 1393 hostes
1403 1323 1496 1391 intra
1513 1328 1677 1411 moenia,
1705 1331 1832 1421 quibus
1846 1357 1986 1407 neeesse
2001 1351 2054 1409 est
2077 1364 2142 1432 op·

122 1424 163 1497 ln
180 1450 224 1495 eo
246 1426 325 1496 loco
347 1450 421 1494 non
445 1424 506 1494 diu
530 1438 711 1509 versatur,
744 1425 826 1518 quia
847 1421 1011 1514 negativa
1034 1445 1108 1491 non
1158 1447 1292 1514 ponere
1307 1438 1421 1495 certos
1436 1427 1607 1498 consules.
1656 1429 1766 1501 Addit
1780 1433 1890 1525 igitur
1903 1439 2001 1509 velut
2019 1441 2057 1510 in
2080 1467 2141 1511 en-

122 1529 266 1622 probat.
318 1527 456 1597 Deinde
474 1527 650 1618 ingressus
666 1527 851 1599 estloeum
871 1547 1109 1597 communem.
1158 1521 1376 1619 tbymemate
1406 1552 1646 1623 consequens,
1686 1540 1937 1623 praestandum
1967 1565 2062 1629 esse,
2100 1557 2142 1615 nt

120 1630 284 1707 Nimiam
298 1630 522 1702 severitatem
543 1654 619 1698 non
634 1625 765 1699 habere
787 1629 929 1699 laudem
950 1627 989 1695 in
1013 1651 1109 1696 com·
1159 1629 1245 1697 certi
1260 1629 1420 1700 consules
1444 1634 1643 1703 succedant.
1701 1635 1839 1708 Deinde
1858 1645 2019 1735 sequitur
2039 1670 2141 1739 repe-

122 1734 293 1805 mrmibus
315 1729 502 1802 hominum
526 1732 697 1803 moribus.
784 1737 877 1805 Nam
899 1724 1004 1827 quod]
1036 1729 1109 1798 Au-
1159 1731 1238 1800 titio
1256 1745 1291 1801 et
1302 1731 1454 1823 periculi
1469 1736 1727 1829 consequentis.
1802 1742 1976 1843 asenna]
2001 1746 2140 1841 Propo·

122 1836 239 1930 get⁸³)
256 1837 373 1907 locum
395 1859 620 1904 communem
642 1835 803 1926 exemplo
821 1832 986 1916 Catonis,
1011 1832 1108 1924 quod
1157 1833 1252 1905 sitio.
1317 1831 1493 1934 Adduxit]
1511 1837 1547 1907 id
1563 1851 1626 1922 est,
1651 1838 1777 1910 laboro
1793 1844 2008 1937 reipublicae
2023 1874 2144 1926 causa.

122 1939 200 2032 ipse
224 1963 367 2033 quoque
388 1936 570 2009 blanditiis
592 1949 627 2006 et
648 1936 833 2007 communi
853 1959 953 2005 more
974 1933 1110 2003 ambiat
1158 1935 1254 2006 llaec
1283 1947 1336 2009 est
1360 1937 1579 2029 propositio,
1612 1965 1721 2034 quam
1742 1946 1873 2035 probat
1896 1973 1940 2019 ex
1959 1952 2139 2043 periculo:

120 2042 381 2133 magistratum,
397 2039 498 2135 quasi
514 2039 626 2109 dicat:
654 2039 712 2109 Tu
728 2063 869 2133 quoque
879 2038 981 2121 Cato,
995 2061 1108 2130 quan-
1159 2038 1252 2131 Quia
1267 2063 1396 2130 magna
1410 2041 1565 2132 pericula
1582 2040 1790 2135 impendent
1804 2048 1862 2120 isti
1875 2049 2050 2144 imperio,
2076 2057 2143 2149 igi-

121 2158 200 2216 turn
216 2144 320 2228 libet,
347 2168 383 2214 es
404 2167 564 2224 severus,
597 2143 693 2212 soles
708 2154 830 2213 nostra
854 2139 1108 2210 consuetudine
1158 2153 1218 2212 tur
1238 2142 1475 2213 constituendi
1495 2156 1580 2214 sunt
1608 2147 1696 2217 certi
1727 2151 1887 2223 eonsules
1915 2166 1951 2222 et
1980 2156 2143 2248 legitimi,

121 2248 177 2319 uti
191 2246 230 2316 in
244 2248 398 2338 petendo
414 2245 636 2336 magistratu.
700 2238 831 2340 Royos]
852 2242 966 2325 idest,
987 2265 1108 2310 nonne
1158 2243 1293 2336 alioqui
1309 2243 1462 2314 Catilina
1476 2269 1551 2316 non
1570 2248 1844 2339 opprimeretur.
1895 2253 1950 2327 Ex
1970 2256 2038 2331 hoc
2058 2261 2140 2332 loco

122 2373 318 2440 rogasnre,
344 2361 478 2419 utmeo
495 2346 664 2437 suffragio
679 2357 713 2415 te
731 2344 920 2415 adiuvem?
971 2342 1007 2411 Si
1022 2368 1106 2413 uera
1159 2358 1307 2437 apparet
1329 2346 1520 2417 Catilinam
1546 2352 1634 2420 urbe
1665 2351 1813 2425 eiectum
1845 2380 1937 2442 esse,
1977 2363 2038 2434 sed
2067 2389 2143 2437 non

122 2455 264 2524 ratione
277 2452 458 2544 disputare
474 2451 659 2531 volumus,
684 2449 821 2518 nullum
844 2461 897 2518 est
916 2445 1032 2516 maius
1048 2447 1108 2513 be-
1159 2447 1364 2519 extinctum.
1439 2447 1583 2550 Audite]
1609 2450 1718 2525 Ratio
1739 2480 1781 2525 ex
1797 2458 1971 2548 periculo:
1996 2464 2143 2538 Pericu-

121 2554 308 2638 nelicium,
334 2578 441 2649 quarn
461 2576 623 2644 praeesse
648 2550 881 2642 reipublicae,
914 2562 1033 2618 tamen
1058 2548 1107 2616 ita
1157 2551 1232 2620 lum
1261 2549 1413 2643 requirit
1444 2553 1533 2623 duos
1562 2566 1675 2626 certos
1695 2561 1874 2643 consules,
1910 2588 1994 2656 ergo
2017 2569 2143 2641 demus

123 2661 184 2743 lit,
209 2669 251 2727 ut
268 2653 324 2740 bi,
358 2655 420 2750 qui
444 2679 606 2746 praeesse
627 2654 775 2738 debent,
806 2664 934 2744 rogent
954 2652 1107 2733 infimos,
1159 2675 1327 2744 operam,
1358 2677 1404 2722 ne
1428 2654 1588 2739 eliciatur
1610 2656 1668 2727 ille
1692 2684 1711 2728 e
1733 2664 1929 2739 consulatu.
2022 2665 2140 2767 latus]

121 2773 164 2832 ut
186 2762 359 2829 mandent
379 2757 447 2828 sibi
471 2757 730 2848 magistratum.
812 2750 942 2853 llopos]
976 2754 1109 2826 scilicet
1157 2755 1294 2824 Alludit
1315 2757 1361 2825 ad
1381 2757 1559 2843 fabulam,
1585 2758 1675 2833 sicut
1694 2786 1806 2856 equus
1826 2781 1987 2859 receptus
2005 2772 2144 2863 decepit

123 2864 278 2956 populus
293 2862 444 2931 debebat
458 2860 577 2951 potius
593 2871 811 2951 praestantes
824 2858 922 2929 viros
938 2879 1078 2948 rogare.
1158 2857 1405 2954 Troianosss),
1429 2859 1478 2963 ita
1492 2860 1664 2951 significat
1678 2865 1716 2933 in
1730 2865 1805 2957 ipsa
1821 2869 1908 2938 urbe
1922 2896 1995 2943 esse
2010 2868 2143 2946 hostes.

229 2962 261 3055 ᾗ.
275 2965 335 3034 77.
364 2957 477 3050 Quid?
502 2959 607 3058 quod]
634 2961 815 3031 Sententia
831 2957 937 3053 huius
951 2958 1021 3029 loci
1038 2972 1107 3029 est:
1262 2958 1293 3051 ἓ.
1309 2960 1370 3032 79.
1404 2961 1593 3061 Martem]
1627 2966 1664 3035 id
1689 2981 1761 3052 est,
1794 2973 1955 3062 oppressi
1978 2975 2143 3047 coniura-

124 3069 185 3139 Tu
201 3068 290 3137 Cato
311 3067 418 3137 etiam
433 3063 653 3135 uterislalsis
678 3077 713 3134 et
732 3063 858 3135 fucatis
873 3062 1017 3144 officiis,
1043 3064 1108 3130 fin·
1159 3064 1293 3136 tionem
1316 3076 1352 3141 et
1372 3067 1539 3161 adversus
1561 3092 1643 3137 eum
1667 3072 1856 3153 exercitum
1875 3076 1966 3147 ruisi.
2041 3083 2090 3149 ln
2110 3089 2143 3149 el

124 3172 178 3262 gis
193 3184 227 3239 te
242 3194 344 3249 nosse
362 3169 473 3248 cives,
499 3192 588 3261 quos
602 3168 754 3250 salutas,
781 3192 872 3260 quos
892 3179 1012 3235 tamen
1034 3188 1108 3233 non
1160 3161 1345 3264 inlapsum]
1372 3164 1495 3267 idest,
1516 3164 1610 3255 nibil
1623 3174 1735 3265 magis
1758 3179 1985 3268 profuturum
2009 3192 2063 3250 est
2077 3179 2144 3251 Ca-

122 3273 240 3355 nosti,
268 3271 370 3361 fingis
386 3282 420 3340 te
438 3270 508 3341 illis
525 3270 699 3352 amicum,
732 3294 812 3338 cum
834 3292 1019 3362 nunquam
1043 3292 1108 3335 no·
1159 3270 1294 3348 tilinae,
1322 3294 1430 3363 quam
1444 3269 1474 3341 si
1489 3273 1686 3363 respublica
1707 3279 1831 3355 orbata
1847 3280 1916 3349 erit
1929 3282 2144 3355 custodibus.

123 3376 231 3446 veris.
306 3369 465 3469 Decipis]
492 3371 690 3441 Dilemma:
716 3370 754 3441 Si
775 3366 884 3441 habes
905 3370 1109 3441 nomencla·
1161 3366 1397 3468 Conirsnetum]
1429 3372 1560 3457 idest,
1595 3376 1750 3447 alienum
1771 3405 1791 3447 a
1815 3382 2001 3455 seditiosis.
2098 3388 2144 3457 lo

123 3495 244 3549 torem
273 3477 456 3569 petitionis
480 3500 604 3556 causa,
641 3473 746 3557 lacis,
779 3475 877 3567 quod
897 3498 963 3543 nos
986 3496 1110 3542 omnes
1161 3466 1293 3568 eampo]
1310 3471 1345 3541 id
1363 3486 1425 3557 est,
1452 3473 1490 3542 in
1506 3476 1670 3549 comitiis.
1735 3484 1861 3573 Magni
1874 3483 2035 3584 interest]
2051 3486 2145 3571 Con.

122 3582 287 3651 facimus.
335 3579 398 3649 Sin
414 3574 564 3649 honoris
581 3577 724 3645 illorum
748 3600 851 3646 causa
877 3575 1011 3666 decipis
1032 3600 1110 3656 nos,
1160 3599 1326 3668 sequens:
1354 3574 1449 3666 Quia
1473 3590 1610 3667 tantum
1631 3592 1684 3650 est
1702 3583 1869 3679 periculi,
1893 3586 2018 3682 inquo
2033 3588 2145 3681 pluri-

124 3699 161 3753 et
174 3682 243 3753 hoc
257 3683 392 3774 probo,
419 3680 501 3776 quia
518 3677 626 3751 habes
641 3679 943 3749 nomenclatorem
962 3690 1109 3769 propter
1160 3702 1259 3746 mum
1277 3678 1406 3761 refert,
1431 3689 1470 3747 ut
1484 3681 1680 3777 respublica
1697 3678 1826 3756 habeat
1836 3689 1926 3760 duos
1941 3694 2113 3763 consules.

122 3790 206 3858 illos
230 3785 296 3855 tibi
316 3783 578 3866 conciliandos,
603 3806 693 3876 quos
714 3781 825 3852 noris.
902 3785 1008 3866 Quom
1026 3774 1109 3876 lidi]
1192 3866 1196 3879 Ι
1264 3776 1295 3873 ἓ.
1320 3779 1380 3849 80.
1412 3776 1545 3880 Nolite]
1576 3781 1755 3882 Repetitio
1780 3791 1939 3881 periculi.
2034 3798 2145 3867 Auat-

122 3887 340 3981 Occupatio:
379 3886 503 3969 Dices,
539 3885 630 3954 facio
652 3881 801 3955 honoris
823 3883 967 3955 illorum
990 3905 1110 3952 eausa.
1160 3876 1250 3979 lum]
1268 3881 1487 3953 scilicetimo
1503 3886 1618 3958 maius
1632 3891 1806 3983 quiddam
1822 3894 2017 3987 quaeritur,
2036 3919 2145 3990 qaum

123 3990 204 4063 lmo
224 4015 301 4061 non
324 3990 409 4061 facis
432 3986 581 4058 honoris
603 3987 747 4057 illorum
773 4010 898 4069 causa,
931 3983 1014 4080 quia
1036 4006 1109 4052 non
1162 3983 1290 4053 usitata
1312 3997 1395 4055 sunt
1419 3988 1525 4058 mala.
1602 3990 1810 4091 eri”)]
1837 3996 1874 4065 id
1897 4010 1967 4080 est,
1993 3996 2145 4069 Catilina

123 4095 223 4166 nosti
238 4119 311 4164 eos.
363 4093 471 4185 Quod
489 4089 640 4184 (inquit)
656 4114 730 4159 non
746 4089 825 4161 illos
839 4087 957 4171 noris,
983 4087 1111 4179 probo,
1161 4087 1417 4181 rempublicam
1433 4107 1622 4182 occuparet
1635 4119 1709 4191 nqn
1725 4120 1790 4187 per
1801 4097 2048 4189 largitionem,
2082 4100 2144 4170 sed

125 4199 212 4292 quia
233 4221 313 4266 cum
335 4194 488 4287 porrigis
514 4194 582 4263 illis
606 4194 785 4275 dextram,
811 4190 1111 4261 tunsnomencla-
1162 4213 1225 4281 per
1241 4189 1471 4276 seditionem,
1496 4217 1571 4262 non
1592 4197 1740 4268 molitur
1766 4213 1972 4271 consuetum
1998 4201 2145 4295 aliquid,

124 4315 184 4370 tor
201 4301 317 4382 adest,
341 4312 377 4367 et
392 4298 591 4367 insusurrat
614 4294 696 4377 tibi,
729 4294 844 4388 qualis
867 4292 942 4375 vir,
977 4290 1111 4385 etquis
1161 4293 1223 4362 sed
1236 4292 1458 4385 inusitatum.
1544 4294 1719 4397 luitu⁹¹)]
1745 4298 1902 4392 Exponit
1924 4328 1972 4373 se.
2054 4309 2146 4391 Tres

122 4405 190 4487 sit,
216 4401 328 4494 petis,
352 4413 393 4469 ut
416 4413 449 4469 te
472 4424 536 4470 suo
559 4397 728 4488 suffragio
751 4397 905 4467 adiuvet.
955 4395 1112 4466 Nomen·
1162 4388 1400 4490 eidondorum]
1443 4394 1578 4480 idest,
1618 4395 1704 4472 haec
1731 4416 1814 4473 sunt
1842 4404 2007 4474 inusitata
2039 4407 2168 4477 mala.-

124 4509 280 4576 elatores
301 4503 508 4572 dicebantur
528 4500 681 4584 indices,
721 4498 783 4592 qui
812 4496 1019 4569 indicabant
1047 4520 1112 4564 no·
1162 4501 1231 4569 Sed
1251 4493 1325 4592 vos]
1360 4496 1527 4589 Sequitur
1550 4525 1783 4601 consequens:
1821 4507 1972 4581 Prodest
1993 4509 2144 4579 retinere

124 4609 225 4680 mina
243 4606 463 4697 singulorum
480 4603 624 4673 civium.
698 4596 856 4698 Solutus]
882 4600 997 4682 idest,
1021 4621 1113 4669 non·
1163 4601 1251 4669 duos
1264 4599 1436 4670 consules.
1633 4624 1637 4631 ·
1880 4612 1883 4617 '

122 4737 172 4783 ne
204 4735 240 4781 es
271 4733 414 4803 quoque
446 4732 488 4776 ex
516 4731 559 4776 eo
591 4728 739 4796 genere,
773 4703 838 4807 qui
860 4705 976 4772 fucata
995 4699 1111 4770 offitia
1220 4778 1223 4783 ,

1059 4840 1063 4845 ’
1099 4830 1103 4835 ’
1161 4816 1165 4821 ⁴
1204 4843 1254 4902 86)
1272 4841 1321 4892 lld.
1339 4841 1426 4893 orell.
1443 4855 1473 4895 es
1490 4841 1519 4892 ln
1536 4844 1612 4893 textu
1630 4845 1719 4893 babet.

162 4931 213 4989 8⁴)
231 4928 290 4979 biv·
303 4923 409 4977 ΧΧΧῙ·
426 4923 487 4979 25η
504 4921 560 4971 Vffl·
578 4923 658 4973 “³²¹⁸
677 4922 773 4984 ¹²⁰¹lb·
787 4922 859 4977 xm·
873 4921 892 4971 θ
904 4934 962 4984 ⁸l‘l·
980 4918 1057 4981 ms
1072 4916 1113 4968 ¹³·
1199 4926 1247 4994 87)
1267 4929 1439 4989 translatio]
1458 4929 1486 4978 tn
1499 4929 1548 4981 ud.
1562 4930 1636 4979 1668.
1654 4929 1716 4980 berlo
1733 4931 1793 4983 voci
1808 4943 1905 4980 nonen
1919 4926 2040 4978 auctoris
2060 4926 2145 4994 „Phl-

200 4996 356 5053 le1,¹³.
377 4992 416 5044 17.
452 4991 570 5045 Proser,
586 4992 634 5046 lv,
652 4992 696 5053 29,
714 4993 753 5046 tu.
780 4990 841 5053 vu,
858 4992 885 5051 Β,
903 4993 928 5039 t.
966 4989 1029 5051 tlte,
1053 4989 1115 5037 ntr-
1233 5000 1279 5060 ηρ,
1296 4994 1453 5048 asenneus
1473 5002 1516 5048 „t
1532 5000 1718 5060 praemissum,

199 5066 313 5118 caenida
338 5067 458 5142 tyranno
485 5064 616 5113 mortuo.
653 5054 743 5109 reirrm
766 5058 1041 5109 bacedsenronlorum
1063 5054 1116 5106 200
1200 5082 1680 5151 333tmgmqgg‚1gggtypogr,
1699 5097 1810 5137 errore:
1837 5082 1961 5147 rrogtcs.

200 5149 225 5186 a.
242 5136 305 5185 car.
333 5135 435 5194 potstas
457 5133 534 5192 erat,
566 5129 637 5179 conf.
657 5128 761 5194 Pauly:
791 5127 1002 5190 licut-Encycl.
1031 5125 1061 5175 Τ.
1079 5123 1116 5178 V.
1203 5170 1253 5228 ⁸9)
1271 5169 1352 5233 Vim·
1370 5172 1437 5222 Aen·
1456 5170 1491 5234 u,
1511 5171 1615 5235 lgm·

167 5221 224 5347 8513·
237 5204 342 5345 saliret]
368 5283 555 5334 tutudisse.
580 5282 641 5333 nuic
666 5282 727 5335 voci
755 5294 853 5335 nomeu
878 5281 998 5333 sartoris
1024 5277 1117 5348 „run
1201 5256 1729 5318 ω)9““”]’10“·1568·’“1·ἳ
1753 5255 1802 5303 Μ·
1822 5253 1907 5305 ⁰‘⁰¹¹·
1929 5253 2090 5316 mmm·

200 5356 334 5409 ΝΜ·
345 5349 361 5376 ”
379 5354 529 5416 llleflnffl'
548 5354 599 5402 0⁸²·
1205 5345 1254 5403 91)
1272 5341 1376 5404 laus)
1386 5343 1436 5398 Ed.
1452 5344 1527 5396 1568.
1545 5347 1656 5409 typocr.
1674 5351 1785 5391 errore:
1809 5338 1910 5391 latita.

136 5447 320 5512 Marassa.
343 5438 449 5503 Ocra.
471 5437 557 5503 Vor..
578 5433 669 5500 XVI.
1599 5411 1647 5482 69
