4544 5766
130 139 226 243 1203
439 213 445 227 ,
694 133 816 210 PHlL.
848 133 963 210 utut.
995 129 1196 211 SCRIPTA
1227 133 1561 210 PHILOLOGICA.
1824 181 1827 184 -
2044 129 2139 204 taut

123 334 205 407 ·qua
228 323 348 383 tamen
366 311 560 402 prudenter
576 308 678 379 initio
695 321 730 378 et
747 321 955 404 argumenta
971 305 1112 399 repetit,
1267 308 1353 403 Cap.
1378 307 1436 381 XI.
1464 306 1495 401 ξ.
1518 311 1578 381 83.
1610 311 1808 383 Valentino
1832 331 1898 380 vox
1919 306 1997 398 illa]
2028 302 2140 397 Quar-

138 438 230 509 quac
271 413 439 484 minuunt
475 414 613 505 culpam
654 408 812 502 Ligarii,
863 412 963 508 quasi
1000 409 1113 480 dicat:
1166 427 1240 485 tum
1256 413 1303 511 ⁸⁰)
1335 427 1583 505 argumentum
1611 427 1792 505 sumptum
1823 422 1913 480 esta
1938 407 2139 477 conditione

130 514 216 588 ·Etsi
236 512 328 586 hanc
352 541 493 587 causam
514 517 611 607 apud
634 527 668 584 te
689 539 777 606 ago,
808 515 921 607 magis
949 525 990 583 ut
1019 511 1115 605 apud
1166 516 1450 608 deprecantium:
1492 514 1623 585 Dixisti
1654 539 1776 586 omnes
1805 525 1839 581 te
1871 523 2138 581 numeraturum

127 633 300 713 patrem,
333 643 442 713 quam
462 619 558 712 apud
579 617 751 704 iudicem,
783 632 904 689 tamen
935 617 1041 687 etiam
1072 615 1116 683 ad
1166 643 1240 690 esse
1260 619 1354 687 inter
1377 631 1477 702 tuos,
1500 618 1563 713 qui
1578 641 1652 687 non
1665 630 1788 687 contra
1804 627 1838 685 tc
1854 638 1953 682 arma
1970 625 2139 706 gererent.

141 723 293 794 iudicem
323 716 411 793 baec
438 733 647 814 argumenta
673 721 843 794 valerent.
892 719 976 793 Non
999 716 1117 788 attulit
1166 722 1215 792 lli
1243 724 1488 814 deprecatores
1515 720 1646 813 partim
1673 734 1790 790 tecum
1817 719 1982 801 bierunt,
2013 715 2139 806 partim

142 826 263 895 odium
291 824 363 907 tui,
392 849 468 894 non
490 825 646 896 studium
667 824 752 895 belli
775 823 887 896 civilis
914 823 953 893 in
972 820 1119 913 provin·
1168 849 1243 894 non
1264 836 1445 916 gesserunt
1471 848 1569 892 arma
1593 836 1715 893 contra
1742 837 1794 906 te,
1818 843 1968 914 eamque
1993 820 2042 887 ob
2067 841 2141 888 cau·

142 928 254 1011 ciam,
285 928 456 1015 sedante
485 926 617 999 bellum
646 931 913 1018 profectusest.
989 923 1117 993 Postea
1170 953 1244 999 sam
1267 952 1332 997 nos
1355 924 1566 1018 Pompeiani
1589 927 1844 995 minitabamur
1864 922 1925 994 eis.
1976 920 2076 1012 Ergo
2096 919 2142 989 tui

142 1030 275 1099 invitus
301 1043 460 1101 retentus
495 1043 565 1115 εει,
603 1041 638 1098 ει
665 1024 780 1103 haesit
810 1030 885 1101 sine
913 1025 1119 1119 pertinacia,
1171 1043 1273 1113 sunt,
1315 1051 1355 1097 ac
1382 1028 1498 1119 digni,
1535 1029 1664 1123 quibus
1691 1030 1837 1098 fratrem
1869 1027 2001 1108 dones,
2050 1022 2142 1092 cuius

143 1133 219 1204 sine
243 1131 325 1201 odio
343 1132 406 1202 tui.
457 1131 534 1201 Hae
559 1132 840 1204 circumstantiae
859 1131 1027 1200 minuunt
1048 1127 1120 1197 cul·
1169 1134 1293 1203 luisset
1314 1132 1432 1200 futura
1456 1133 1580 1201 eadem
1601 1155 1721 1216 mens,
1752 1130 1781 1201 si
1804 1127 1902 1198 domi
1921 1127 2059 1197 fuisset.
2107 1120 2143 1193 ld

144 1261 229 1328 pam
254 1235 361 1302 etiam
384 1235 422 1303 in
443 1234 573 1305 severis
593 1234 742 1308 iudiciis.
793 1235 920 1305 Postea
939 1231 1121 1302 discedens
1171 1228 1295 1314 πάθος
1331 1247 1533 1325 exaggerat:
1575 1234 1682 1326 Quod
1712 1233 1742 1305 si
1772 1231 1913 1324 penitus
1946 1226 2141 1323 perspicere

145 1340 190 1408 ab
206 1332 273 1407 hac
288 1351 402 1429 parte,
428 1334 573 1406 inchoat
585 1338 887 1427 deprecationem:
914 1336 971 1405 Ad
982 1347 1121 1426 patrem
1171 1362 1291 1430 posses
1315 1336 1541 1405 concordiam
1564 1334 1813 1429 Ligariorum,
1838 1347 1903 1403 etc.

143 1440 286 1534 loquor.
359 1437 491 1533 Estque
523 1439 722 1531 propositio
751 1438 1028 1531 deprecationis:
1065 1432 1121 1504 Ad
1274 1438 1448 1531 Quintum
1460 1438 1509 1533 ⁸¹)
1538 1452 1718 1532 sumptum
1749 1451 1871 1508 estex
1893 1431 2144 1506 necessitudine

146 1540 368 1612 clementiam
389 1555 487 1611 tuam
511 1541 698 1631 coniugio,
722 1542 840 1614 delicti
862 1541 1003 1610 veniam
1027 1551 1123 1630 peto,
1175 1541 1328 1612 consulis
1355 1553 1391 1611 et
1419 1543 1627 1635 quaestoris.
1710 1541 1814 1610 More
1843 1537 1956 1607 veteri
1984 1546 2143 1630 quaestor
2190 1566 2192 1627 ξ

146 1659 187 1716 ut
202 1644 362 1735 ignoscas
378 1670 455 1717 oro.
506 1643 602 1714 llaec
625 1656 677 1717 est
701 1644 913 1741 propositio.
964 1642 1123 1737 Sequun·
1175 1658 1249 1714 erat
1271 1643 1407 1714 consuli
1425 1644 1488 1712 fuit
1510 1646 1607 1725 loco;
1631 1643 1765 1736 Ligarii
1780 1645 1890 1712 irater
1903 1641 1970 1711 fuit
1984 1648 2145 1732 quaestor
2190 1636 2192 1645 '

145 1760 204 1818 tur
225 1759 447 1847 argumenta.
1176 1746 1347 1828 Caesaris,
1362 1746 1500 1816 fidelior
1512 1772 1620 1840 qnam
1635 1747 1775 1830 caeteri,
1792 1740 1883 1814 nibil
1896 1757 1980 1814 tunc
1994 1753 2144 1832 captans,

247 1848 408 1959 Primptn
433 1850 478 1919 ab
500 1850 679 1940 exemplo:
709 1847 748 1919 Si
774 1872 880 1918 nemo
909 1843 1125 1937 impetravit,
1174 1851 1236 1920 sed
1260 1848 1453 1917 liberaliter
1473 1849 1685 1920 inserviens:
1724 1873 1835 1943 quare
1858 1871 1954 1918 rrunc
1973 1842 2007 1912 ei
2032 1842 2143 1936 aliqua
2190 1860 2192 1943 j

147 1962 357 2043 arroganter
376 1965 479 2044 peto;
511 1952 541 2023 si
561 1949 727 2044 plurimi,
759 1963 799 2020 tu
819 1950 913 2020 idem
933 1949 986 2018 fer
1007 1970 1125 2039 opem,
1176 1952 1287 2043 gratia
1312 1952 1492 2021 reddenda
1516 1965 1587 2034 est,
1618 1951 1826 2044 praesertim
1854 1974 1929 2019 rem
1960 1946 2061 2038 piam
2090 1967 2143 2034 pe·
2190 1970 2192 1975 ·

149 2054 212 2149 qui
233 2078 331 2146 spem
354 2053 496 2157 dedisti.
1176 2055 1284 2137 tenti,
1309 2052 1470 2123 videlicet
1490 2054 1610 2124 fratris
1633 2054 1906 2126 restitutionem.

154 2246 160 2255 .
251 2155 452 2251 Secundum
484 2178 506 2224 a
533 2180 597 2227 suo
628 2154 808 2246 exemplo:
842 2150 932 2222 Cum
963 2173 1028 2240 ego
1058 2147 1124 2219 sim
1277 2155 1473 2250 sextante)
1489 2157 1534 2224 ab
1550 2158 1711 2250 exemplo
1726 2153 1960 2227 restitutionis
1972 2145 2143 2218 Marcelli:

150 2256 291 2326 veniam
322 2254 547 2342 consecutus,
581 2257 644 2350 qui
666 2257 704 2325 in
727 2255 849 2326 castris
871 2254 924 2325 sui
947 2254 991 2322 ad
1013 2247 1125 2321 Phar·
1175 2270 1216 2327 ut
1243 2256 1281 2325 in
1313 2258 1410 2327 curia
1450 2259 1647 2350 exemplum
1687 2257 1894 2329 clementiae
1932 2248 2145 2347 principibus
2190 2306 2192 2321 ,

148 2360 280 2443 salum,
317 2385 413 2431 nunc
451 2385 537 2430 vero
580 2359 686 2429 etiam
723 2359 791 2429 sim
822 2359 1030 2448 deprecator
1059 2377 1125 2445 pro
1176 2361 1389 2452 praebuisti,
1423 2361 1472 2429 ita
1502 2384 1598 2431 nunc
1625 2363 1772 2434 caeteris
1799 2358 1985 2431 ordinibus
2014 2354 2054 2422 in
2073 2352 2144 2420 loro

150 2463 282 2546 altero,
313 2463 506 2558 videatque
535 2462 648 2553 gratia
677 2463 812 2531 valere:
852 2470 986 2553 quanto
1014 2455 1126 2547 magis
1176 2463 1350 2547 declares,
1382 2476 1416 2532 te
1438 2463 1568 2534 civium
1590 2465 1741 2534 salutem
1771 2466 1948 2534 anteferre
1977 2471 2061 2528 tuac
2083 2453 2144 2522 ira·

150 2565 291 2636 veniam
313 2578 430 2659 speret
449 2563 636 2656 Ligarius?
1177 2565 1338 2636 cundiae.
1421 2564 1468 2635 Ει
1494 2567 1638 2637 additur
1666 2567 1778 2638 ratio:
1825 2567 1864 2637 Si
1893 2565 1952 2634 ille
1980 2560 2057 2630 dies
2087 2553 2146 2625 tibi

250 2667 414 2741 Tertium
442 2679 691 2759 argumentum
724 2660 996 2756 prudentissime
1033 2658 1126 2752 cogi·
1178 2667 1351 2759 gloriosus
1371 2667 1456 2752 fuit,
1491 2669 1574 2763 quia
1601 2694 1738 2740 summa
1761 2669 1872 2763 gloria
1896 2680 1948 2737 est
1972 2663 2146 2755 ignoscere

62 2857 65 2863 Ι
149 2781 263 2841 tatum
291 2785 343 2844 est
372 2795 392 2841 a
421 2770 534 2842 causis
564 2768 843 2862 deprecantium.
893 2763 1070 2834 Antonius
1093 2775 1127 2831 et
1178 2771 1323 2841 civibus.
1373 2768 1499 2840 Ratio:
1532 2771 1626 2866 Quia
1640 2771 1687 2867 Β)
1715 2773 1876 2855 bonitas,
1910 2759 2147 2838 misericordia

149 2873 283 2945 similes
315 2874 426 2944 multa
454 2872 642 2965 petebant,
679 2895 754 2939 non
789 2865 938 2939 honesta
974 2866 1127 2950 ratione,
1178 2875 1307 2943 debent
1321 2872 1476 2942 eminere
1489 2875 1582 2944 inter
1604 2888 1759 2947 caeteras
1771 2875 1918 2945 virtutes
1932 2886 2150 2943 summorum

151 2975 290 3047 sedvel
314 2971 521 3070 πλεονεξίᾳ,
553 2976 609 3044 vel
633 2971 889 3056 ostentatione,
927 2967 1013 3039 alias
1033 2969 1127 3038 vole·
1177 2975 1400 3067 principum,
1435 3000 1475 3044 ac
1497 2977 1638 3047 vincere
1660 2977 1749 3049 iuris
1769 2976 2009 3070 asperitatem.
2061 2967 2149 3035 llaec

150 3078 238 3147 bant
259 3100 344 3167 opes
364 3101 444 3149 suas
466 3101 615 3167 augere,
641 3075 727 3146 alias
750 3073 906 3166 conspici
927 3095 1028 3143 suam
1049 3094 1127 3162 gra-
1178 3078 1270 3147 ratio
1292 3102 1334 3146 ex
1353 3079 1432 3147 loco
1456 3079 1639 3149 communi
1657 3093 1797 3173 sumpta
1815 3091 1884 3162 est,
1910 3070 2149 3147 decollatione

153 3179 240 3247 tiam
273 3194 335 3250 aut
370 3178 567 3271 potentiam
608 3178 785 3248 volebant.
834 3174 883 3245 Et
909 3197 1126 3267 quamquam
1179 3180 1350 3250 virtutum
1364 3180 1402 3249 in
1416 3180 1502 3253 viris
1516 3181 1731 3275 potentibus.
1756 3212 1759 3219 ·
1781 3182 1969 3253 Fortitudo
1983 3189 2037 3247 est
2051 3173 2151 3263 digua

151 3281 264 3351 multa
278 3281 325 3379 ²⁷)
359 3281 444 3350 talia
475 3279 734 3372 impetrabant,
766 3291 886 3347 tamen
911 3277 1041 3346 Caesar
1071 3298 1129 3344 ae·
1179 3284 1282 3353 laude
1296 3282 1522 3375 inScipione,
1541 3297 1577 3355 et
1591 3285 1687 3357 utilis
1701 3285 1933 3377 reipublicae:
1957 3283 2020 3353 sed
2034 3272 2150 3365 eius⁸¹)

152 3383 277 3477 quiore
301 3383 423 3453 animo
447 3383 573 3454 tribuit
600 3381 768 3453 beneficia
794 3381 857 3465 iis,
888 3379 950 3473 qui
981 3390 1129 3470 propter
1178 3386 1320 3456 bonitas
1348 3386 1484 3478 gratior
1517 3400 1570 3459 est
1596 3388 1766 3480 privatis,
1806 3387 1890 3483 quia
1925 3406 2002 3453 non
2041 3378 2150 3450 solum

150 3486 384 3557 necessariam
399 3486 506 3556 officii
519 3485 696 3565 rationem
713 3485 899 3577 petebant,
924 3505 999 3550 non
1015 3481 1127 3551 aulica
1179 3487 1329 3581 puhlicis
1360 3489 1557 3574 beneficiis,
1599 3492 1660 3560 sed
1699 3490 1805 3559 etiam
1838 3487 1987 3582 privatis
2025 3480 2151 3552 multoe

153 3589 411 3675 ostentatione,
445 3600 486 3660 ut
506 3613 588 3659 cum
610 3588 738 3682 aliquis
760 3610 826 3678 pro
848 3585 947 3655 exule
969 3596 1129 3676 parente,
1182 3592 1350 3663 cumulat,
1406 3592 1454 3662 Et
1482 3592 1520 3661 in
1551 3588 1624 3677 hia,
1661 3617 1814 3687 quornm
1844 3589 2005 3686 potentia
2034 3581 2151 3654 sormi·

151 3691 283 3775 fratre,
322 3690 526 3786 propinquo
556 3690 743 3762 laborabat
755 3689 814 3785 πε).
890 3687 986 3757 Haec
1017 3687 1130 3757 virtus
1182 3694 1307 3765 dabilis
1330 3707 1398 3778 est,
1430 3694 1461 3765 si
1484 3695 1638 3765 emineat
1658 3695 1819 3780 bonitas,
1844 3692 1964 3766 multis
1989 3703 2042 3760 est
2066 3686 2151 3758 salu·

154 3795 301 3863 decebat
334 3793 440 3861 talem
478 3792 697 3885 principem,
737 3793 929 3860 concedere
964 3789 1130 3860 libentius
1181 3798 1286 3881 taris,
1311 3809 1346 3865 et
1368 3796 1492 3888 ingens
1519 3799 1624 3867 decus
1647 3810 1710 3867 εει.

151 3896 297 3989 pietati,
322 3919 430 3990 quam
448 3895 693 3977 ostentationi,
713 3906 775 3962 aut
789 3893 987 3962 ambitioni.
1038 3892 1131 3961 Hinc
1283 3899 1369 3991 Cap.
1391 3896 1465 3970 ΧΠ,
1492 3896 1524 3991 ξ.
1540 3898 1601 3970 88.
1628 3903 1829 3992 Longiorem
1844 3893 2044 3986 orationem]
2069 3891 2149 3961 Brc·

153 3999 349 4070 instituitur
371 3996 611 4092 syllogismus:
642 3995 684 4066 ln
713 3996 874 4065 omnium
901 3995 1131 4087 petitionibus
1182 4001 1344 4072 vissimns
1368 4003 1527 4094 epilogus
1547 4014 1616 4086 est,
1650 4004 1848 4073 verecunde
1870 3998 2081 4093 praecidens
2104 4008 2151 4063 to·

154 4116 290 4194 Species
315 4125 454 4184 causas,
487 4112 521 4169 Εἴ
541 4100 708 4170 libentius
728 4098 854 4167 tribuis
876 4097 999 4188 pietati
1023 4122 1129 4190 qnam
1182 4118 1255 4173 tam
1280 4105 1499 4190 orationem,
1526 4119 1561 4174 et
1574 4105 1729 4175 breviter
1743 4107 1939 4175 admonens
1956 4102 2151 4178 Caesarem,

156 4203 386 4275 ostentationi
409 4201 530 4296 autw)
553 4200 758 4280 ambitioni;
794 4201 1040 4291 deprecatores
1064 4223 1130 4291 pro
1182 4219 1223 4276 ut
1249 4231 1349 4277 snam
1381 4208 1592 4300 sapientiam
1624 4221 1660 4277 et
1688 4208 1884 4278 bonitatem
1921 4202 2092 4277 adhibeat
2119 4199 2152 4268 in

154 4305 298 4398 Ligario
321 4303 455 4374 babent
473 4305 550 4396 pias
573 4330 716 4388 causas,
745 4304 912 4373 laborant
935 4325 1001 4393 pro
1023 4303 1131 4370 fratre
1184 4309 1381 4382 consilinm,

155 4409 379 4502 propinquo:
422 4431 505 4498 ergo
531 4401 586 4480 his
615 4408 804 4491 concedas,
839 4417 982 4475 moveat
1007 4405 1133 4497 pictas,

156 4522 300 4578 moveat
324 4509 549 4600 germanitas.
1218 4581 1267 4640 ω)
1287 4580 1434 4642 mmm]
1451 4579 1501 4631 aa,
1522 4578 1615 4630 aaa„
1632 4581 1657 4630 t.
1677 4578 1818 4642 pnicum.

154 4665 359 4686 “““““““““
1218 4668 1268 4728 ιιι)
1286 4668 1429 4730 nulnum]
1446 4666 1496 4718 Ed.
1515 4664 1606 4720 tm:
1623 4664 1649 4715 b.
1668 4664 1805 4727 Quintum.

189 4763 240 4824 27)
259 4759 359 4821 mults]
379 4755 420 4809 sto
435 4756 519 4811 ruet
535 4754 628 4821 lette,
647 4753 739 4820 tetta
759 4753 812 4804 Ed.
831 4754 906 4805 1⁵⁶8.
926 4752 1016 4809 motti.
1219 4754 1268 4814 εἰ)
1286 4755 1413 4814 sextum]
1430 4752 1480 4804 ut
1500 4750 1592 4803 twa:
1609 4750 1635 4802 6.
1652 4751 1772 4803 sextum.

189 4847 241 4904 28)
256 4844 414 4904 laborabat]
432 4844 473 4895 ete
489 4843 574 4894 retu.
594 4841 688 4905 tm,
707 4841 799 4907 mm
821 4839 870 4892 ud.
890 4840 966 4891 15⁶8.
983 4839 1100 4892 taboret.
1220 4839 1270 4900 ³³)
1289 4838 1372 4901 onte]
1390 4837 1432 4889 eto
1446 4836 1531 4890 ruet
1551 4835 1637 4901 tm,
1656 4834 1747 4898 tm:
1764 4835 1815 4887 tta.
1826 4833 1903 4892 tm.
1918 4845 2019 4890 erton
2033 4840 2153 4904 typogre

189 4933 240 4996 aa)
256 4928 436 4984 osunuuon
452 4929 516 4991 aut]
540 4927 581 4980 ne
604 4926 655 4985 re.
674 4926 767 4994 rosea
788 4924 819 4980 u
835 4924 920 4978 nette
938 4924 1034 4990 nea,
1059 4925 1135 4976 tata.
1256 4907 1317 4972 out.

165 5040 166 5045 ι
227 5003 336 5054 desum.
1220 4992 1270 5056 ³⁴)
1287 4991 1362 5055 elus]
1381 4990 1423 5043 slo
1439 4989 1523 5043 Edttt.
1543 4987 1637 5052 tm,
1656 4987 1748 5055 15544
1764 4986 1794 5040 ιιι
1810 4987 1860 5041 ttt
1879 4988 1954 5042 tdoe.
1973 4990 2062 5046 deest.
2160 5070 2162 5074 A

1015 5220 1320 5236 m
