<?xml version="1.0" encoding="UTF-8"?>
<!DOCTYPE html PUBLIC "-//W3C//DTD XHTML 1.0 Transitional//EN"
    "http://www.w3.org/TR/xhtml1/DTD/xhtml1-transitional.dtd">
<html xmlns="http://www.w3.org/1999/xhtml" xml:lang="en" lang="en">
 <head>
  <title>
</title>
<meta http-equiv="Content-Type" content="text/html;charset=utf-8" />
  <meta name='ocr-system' content='tesseract 3.04.00' />
  <meta name='ocr-capabilities' content='ocr_page ocr_carea ocr_par ocr_line ocrx_word'/>
</head>
<body>
  <div class='ocr_page' id='page_1' title='image "./corpusreformato12melagoog/corpusreformato12melagoog_0044.png"; bbox 0 0 4544 5766; ppageno 0'>
   <div class='ocr_carea' id='block_1_1' title="bbox 10 3686 13 3855">
    <p class='ocr_par' dir='ltr' id='par_1_1' title="bbox 10 3686 13 3855">
     <span class='ocr_line' id='line_1_1' title="bbox 10 3686 13 3855; baseline 0 0"><span class='ocrx_word' id='word_1_1' title='bbox 10 3686 13 3855; x_wconf 79' lang='lat' dir='ltr'>l</span> 
     </span>
    </p>
   </div>
   <div class='ocr_carea' id='block_1_2' title="bbox 67 195 120 270">
    <p class='ocr_par' dir='ltr' id='par_1_2' title="bbox 67 195 120 270">
     <span class='ocr_line' id='line_1_2' title="bbox 67 195 120 270; baseline 0 0"><span class='ocrx_word' id='word_1_2' title='bbox 67 195 120 270; x_wconf 75' lang='grc'>55</span> 
     </span>
    </p>
   </div>
   <div class='ocr_carea' id='block_1_3' title="bbox 62 369 1054 984">
    <p class='ocr_par' dir='ltr' id='par_1_3' title="bbox 63 369 1054 752">
     <span class='ocr_line' id='line_1_3' title="bbox 67 369 1053 466; baseline 0.006 -26"><span class='ocrx_word' id='word_1_3' title='bbox 67 372 119 465; x_wconf 92' lang='lat' dir='ltr'>pit</span> <span class='ocrx_word' id='word_1_4' title='bbox 132 369 282 460; x_wconf 86' lang='lat' dir='ltr'>sanguis</span> <span class='ocrx_word' id='word_1_5' title='bbox 300 392 343 442; x_wconf 84' lang='lat' dir='ltr'>ex</span> <span class='ocrx_word' id='word_1_6' title='bbox 364 370 494 458; x_wconf 86' lang='lat' dir='ltr'>labris,</span> <span class='ocrx_word' id='word_1_7' title='bbox 514 386 552 445; x_wconf 88' lang='lat' dir='ltr'>et</span> <span class='ocrx_word' id='word_1_8' title='bbox 564 386 605 445; x_wconf 91' lang='lat' dir='ltr'>ut</span> <span class='ocrx_word' id='word_1_9' title='bbox 619 373 791 466; x_wconf 70' lang='lat' dir='ltr'>Virgilius</span> <span class='ocrx_word' id='word_1_10' title='bbox 804 377 850 446; x_wconf 90' lang='lat' dir='ltr'>de</span> <span class='ocrx_word' id='word_1_11' title='bbox 862 376 984 446; x_wconf 81' lang='lat' dir='ltr'><strong>Aenea</strong></span> <span class='ocrx_word' id='word_1_12' title='bbox 998 375 1053 446; x_wconf 90' lang='lat' dir='ltr'>in-</span> 
     </span>
     <span class='ocr_line' id='line_1_4' title="bbox 65 472 1054 573; baseline 0.006 -29"><span class='ocrx_word' id='word_1_13' title='bbox 65 473 163 570; x_wconf 87' lang='lat' dir='ltr'>quit:</span> <span class='ocrx_word' id='word_1_14' title='bbox 186 472 236 544; x_wconf 87' lang='lat' dir='ltr'>Et</span> <span class='ocrx_word' id='word_1_15' title='bbox 249 497 379 564; x_wconf 90' lang='lat' dir='ltr'>magna</span> <span class='ocrx_word' id='word_1_16' title='bbox 395 500 433 548; x_wconf 86' lang='lat' dir='ltr'>se</span> <span class='ocrx_word' id='word_1_17' title='bbox 449 477 619 548; x_wconf 82' lang='lat' dir='ltr'>exuscitet</span> <span class='ocrx_word' id='word_1_18' title='bbox 632 477 687 548; x_wconf 88' lang='lat' dir='ltr'>ira</span> <span class='ocrx_word' id='word_1_19' title='bbox 701 477 761 573; x_wconf 79' lang='lat'>⁸⁷).</span> <span class='ocrx_word' id='word_1_20' title='bbox 797 478 894 572; x_wconf 89' lang='lat' dir='ltr'>Ergo</span> <span class='ocrx_word' id='word_1_21' title='bbox 909 480 1054 550; x_wconf 88' lang='lat' dir='ltr'>affectus</span> 
     </span>
     <span class='ocr_line' id='line_1_5' title="bbox 63 578 1054 675; baseline 0.006 -29"><span class='ocrx_word' id='word_1_22' title='bbox 63 600 139 646; x_wconf 92' lang='lat' dir='ltr'>non</span> <span class='ocrx_word' id='word_1_23' title='bbox 160 590 392 648; x_wconf 88' lang='lat' dir='ltr'>accersuntur</span> <span class='ocrx_word' id='word_1_24' title='bbox 406 578 658 672; x_wconf 85' lang='lat' dir='ltr'>opinionibus,</span> <span class='ocrx_word' id='word_1_25' title='bbox 674 605 740 652; x_wconf 86' lang='lat' dir='ltr'>nec</span> <span class='ocrx_word' id='word_1_26' title='bbox 754 594 837 653; x_wconf 89' lang='lat' dir='ltr'>sunt</span> <span class='ocrx_word' id='word_1_27' title='bbox 849 607 997 675; x_wconf 89' lang='lat' dir='ltr'>prorsus</span> <span class='ocrx_word' id='word_1_28' title='bbox 1012 607 1054 653; x_wconf 89' lang='lat' dir='ltr'>ex</span> 
     </span>
     <span class='ocr_line' id='line_1_6' title="bbox 63 678 373 752; baseline 0.013 -4"><span class='ocrx_word' id='word_1_29' title='bbox 63 692 196 750; x_wconf 85' lang='lat' dir='ltr'>natura</span> <span class='ocrx_word' id='word_1_30' title='bbox 209 678 373 752; x_wconf 83' lang='lat' dir='ltr'>tollendi.</span> 
     </span>
    </p>

    <p class='ocr_par' dir='ltr' id='par_1_4' title="bbox 62 779 1053 984">
     <span class='ocr_line' id='line_1_7' title="bbox 167 779 1053 878; baseline 0.002 -26"><span class='ocrx_word' id='word_1_31' title='bbox 167 781 292 852; x_wconf 84' lang='lat' dir='ltr'>Tertia</span> <span class='ocrx_word' id='word_1_32' title='bbox 307 783 416 854; x_wconf 89' lang='lat' dir='ltr'>ratio.</span> <span class='ocrx_word' id='word_1_33' title='bbox 466 781 540 851; x_wconf 83' lang='lat' dir='ltr'>Lex</span> <span class='ocrx_word' id='word_1_34' title='bbox 562 782 685 854; x_wconf 87' lang='lat' dir='ltr'>divina</span> <span class='ocrx_word' id='word_1_35' title='bbox 711 784 904 878; x_wconf 87' lang='lat' dir='ltr'>praecipit,</span> <span class='ocrx_word' id='word_1_36' title='bbox 928 798 970 856; x_wconf 90' lang='lat' dir='ltr'>ut</span> <span class='ocrx_word' id='word_1_37' title='bbox 989 779 1053 854; x_wconf 87' lang='lat' dir='ltr'>ha-</span> 
     </span>
     <span class='ocr_line' id='line_1_8' title="bbox 62 884 1052 984; baseline 0.005 -31"><span class='ocrx_word' id='word_1_38' title='bbox 62 884 211 957; x_wconf 80' lang='lat' dir='ltr'>beamus</span> <span class='ocrx_word' id='word_1_39' title='bbox 227 885 393 970; x_wconf 87' lang='lat' dir='ltr'>affectus,</span> <span class='ocrx_word' id='word_1_40' title='bbox 417 897 459 955; x_wconf 90' lang='lat' dir='ltr'>ut</span> <span class='ocrx_word' id='word_1_41' title='bbox 480 884 807 984; x_wconf 75' lang='lat' dir='ltr'>(Marc.1a‚30.):</span> <span class='ocrx_word' id='word_1_42' title='bbox 835 889 972 980; x_wconf 80' lang='lat' dir='ltr'>Diliges</span> <span class='ocrx_word' id='word_1_43' title='bbox 988 890 1052 959; x_wconf 89' lang='lat' dir='ltr'>do-</span> 
     </span>
    </p>
   </div>
   <div class='ocr_carea' id='block_1_4' title="bbox 56 986 1052 1089">
    <p class='ocr_par' dir='ltr' id='par_1_5' title="bbox 56 986 1052 1089">
     <span class='ocr_line' id='line_1_9' title="bbox 56 986 1052 1089; baseline 0.001 -32"><span class='ocrx_word' id='word_1_44' title='bbox 56 987 203 1058; x_wconf 88' lang='lat' dir='ltr'>minum</span> <span class='ocrx_word' id='word_1_45' title='bbox 219 986 338 1058; x_wconf 88' lang='lat' dir='ltr'>Deum</span> <span class='ocrx_word' id='word_1_46' title='bbox 354 1000 469 1059; x_wconf 88' lang='lat' dir='ltr'>tuum.</span> <span class='ocrx_word' id='word_1_47' title='bbox 520 987 608 1058; x_wconf 89' lang='lat' dir='ltr'>liem</span> <span class='ocrx_word' id='word_1_48' title='bbox 630 990 761 1086; x_wconf 87' lang='lat' dir='ltr'>(Marc.</span> <span class='ocrx_word' id='word_1_49' title='bbox 779 993 847 1076; x_wconf 72' lang='lat'>12,</span> <span class='ocrx_word' id='word_1_50' title='bbox 863 991 960 1089; x_wconf 80' lang='grc'>81.);</span> <span class='ocrx_word' id='word_1_51' title='bbox 987 990 1052 1059; x_wconf 87' lang='lat' dir='ltr'>Di-</span> 
     </span>
    </p>
   </div>
   <div class='ocr_carea' id='block_1_5' title="bbox 51 1090 1066 4887">
    <p class='ocr_par' dir='ltr' id='par_1_6' title="bbox 57 1090 1066 4247">
     <span class='ocr_line' id='line_1_10' title="bbox 61 1090 1050 1183; baseline 0.002 -22"><span class='ocrx_word' id='word_1_52' title='bbox 61 1090 148 1180; x_wconf 75' lang='lat' dir='ltr'>ligas</span> <span class='ocrx_word' id='word_1_53' title='bbox 167 1091 388 1183; x_wconf 84' lang='lat' dir='ltr'>proximum.</span> <span class='ocrx_word' id='word_1_54' title='bbox 437 1090 484 1161; x_wconf 85' lang='lat' dir='ltr'>Et</span> <span class='ocrx_word' id='word_1_55' title='bbox 496 1091 629 1163; x_wconf 89' lang='lat' dir='ltr'>Paulus</span> <span class='ocrx_word' id='word_1_56' title='bbox 649 1094 743 1163; x_wconf 87' lang='lat' dir='ltr'>inter</span> <span class='ocrx_word' id='word_1_57' title='bbox 764 1095 947 1164; x_wconf 89' lang='lat' dir='ltr'>teterrima</span> <span class='ocrx_word' id='word_1_58' title='bbox 963 1095 1050 1164; x_wconf 84' lang='lat' dir='ltr'>vitia</span> 
     </span>
     <span class='ocr_line' id='line_1_11' title="bbox 61 1188 1050 1292; baseline 0.006 -32"><span class='ocrx_word' id='word_1_59' title='bbox 61 1204 232 1263; x_wconf 87' lang='lat' dir='ltr'>numerat</span> <span class='ocrx_word' id='word_1_60' title='bbox 251 1188 460 1292; x_wconf 75' lang='grc' dir='ltr'><strong><em>ἀστοργίαν</em></strong></span> <span class='ocrx_word' id='word_1_61' title='bbox 467 1245 479 1279; x_wconf 87' lang='grc'>,</span> <span class='ocrx_word' id='word_1_62' title='bbox 513 1194 646 1278; x_wconf 88' lang='lat' dir='ltr'>idest,</span> <span class='ocrx_word' id='word_1_63' title='bbox 678 1221 754 1267; x_wconf 93' lang='lat' dir='ltr'>non</span> <span class='ocrx_word' id='word_1_64' title='bbox 784 1197 877 1269; x_wconf 84' lang='lat' dir='ltr'>allici</span> <span class='ocrx_word' id='word_1_65' title='bbox 902 1197 1050 1290; x_wconf 89' lang='lat' dir='ltr'>propin-</span> 
     </span>
     <span class='ocr_line' id='line_1_12' title="bbox 61 1296 1049 1392; baseline 0.006 -28"><span class='ocrx_word' id='word_1_66' title='bbox 61 1318 219 1390; x_wconf 87' lang='lat' dir='ltr'>quorum</span> <span class='ocrx_word' id='word_1_67' title='bbox 243 1296 408 1366; x_wconf 87' lang='lat' dir='ltr'>secundis</span> <span class='ocrx_word' id='word_1_68' title='bbox 434 1309 496 1367; x_wconf 88' lang='lat' dir='ltr'>aut</span> <span class='ocrx_word' id='word_1_69' title='bbox 512 1297 668 1369; x_wconf 87' lang='lat' dir='ltr'>adversis</span> <span class='ocrx_word' id='word_1_70' title='bbox 684 1301 801 1372; x_wconf 91' lang='lat' dir='ltr'>rebus.</span> <span class='ocrx_word' id='word_1_71' title='bbox 851 1299 947 1392; x_wconf 87' lang='lat' dir='ltr'>Ergo</span> <span class='ocrx_word' id='word_1_72' title='bbox 965 1301 1049 1370; x_wconf 86' lang='lat' dir='ltr'>affe-</span> 
     </span>
     <span class='ocr_line' id='line_1_13' title="bbox 61 1398 1049 1496; baseline 0.007 -29"><span class='ocrx_word' id='word_1_73' title='bbox 61 1411 136 1468; x_wconf 89' lang='lat' dir='ltr'>ctus</span> <span class='ocrx_word' id='word_1_74' title='bbox 171 1398 287 1493; x_wconf 80' lang='lat' dir='ltr'>aliqui</span> <span class='ocrx_word' id='word_1_75' title='bbox 315 1409 400 1469; x_wconf 87' lang='lat' dir='ltr'>suni</span> <span class='ocrx_word' id='word_1_76' title='bbox 424 1398 532 1484; x_wconf 92' lang='lat' dir='ltr'>boni,</span> <span class='ocrx_word' id='word_1_77' title='bbox 566 1413 601 1470; x_wconf 92' lang='lat' dir='ltr'>et</span> <span class='ocrx_word' id='word_1_78' title='bbox 623 1400 701 1472; x_wconf 89' lang='lat' dir='ltr'>De&#39;o</span> <span class='ocrx_word' id='word_1_79' title='bbox 724 1401 878 1494; x_wconf 84' lang='lat' dir='ltr'>placent.</span> <span class='ocrx_word' id='word_1_80' title='bbox 928 1402 1049 1496; x_wconf 85' lang='lat' dir='ltr'>Repu-</span> 
     </span>
     <span class='ocr_line' id='line_1_14' title="bbox 60 1498 1066 1593; baseline 0.006 -23"><span class='ocrx_word' id='word_1_81' title='bbox 60 1501 194 1570; x_wconf 89' lang='lat' dir='ltr'>dianda</span> <span class='ocrx_word' id='word_1_82' title='bbox 219 1514 274 1572; x_wconf 89' lang='lat' dir='ltr'>est</span> <span class='ocrx_word' id='word_1_83' title='bbox 296 1501 405 1593; x_wconf 85' lang='lat' dir='ltr'>igitur</span> <span class='ocrx_word' id='word_1_84' title='bbox 427 1500 630 1573; x_wconf 89' lang='lat' dir='ltr'>Stoicorum</span> <span class='ocrx_word' id='word_1_85' title='bbox 651 1498 835 1592; x_wconf 78' lang='grc' dir='ltr'><em>ἀπάθεια,</em></span> <span class='ocrx_word' id='word_1_86' title='bbox 863 1530 945 1576; x_wconf 89' lang='lat' dir='ltr'>eum</span> <span class='ocrx_word' id='word_1_87' title='bbox 969 1519 1004 1576; x_wconf 89' lang='lat' dir='ltr'>et</span> <span class='ocrx_word' id='word_1_88' title='bbox 1027 1499 1066 1576; x_wconf 62' lang='lat' dir='ltr'>av</span> 
     </span>
     <span class='ocr_line' id='line_1_15' title="bbox 61 1603 1048 1701; baseline 0.006 -29"><span class='ocrx_word' id='word_1_89' title='bbox 61 1617 192 1673; x_wconf 88' lang='lat' dir='ltr'>natura</span> <span class='ocrx_word' id='word_1_90' title='bbox 215 1617 252 1673; x_wconf 93' lang='lat' dir='ltr'>et</span> <span class='ocrx_word' id='word_1_91' title='bbox 274 1606 421 1674; x_wconf 89' lang='lat' dir='ltr'>averbo</span> <span class='ocrx_word' id='word_1_92' title='bbox 438 1604 508 1674; x_wconf 90' lang='lat' dir='ltr'>Dei</span> <span class='ocrx_word' id='word_1_93' title='bbox 528 1603 724 1679; x_wconf 79' lang='lat' dir='ltr'>dissentiat.</span> <span class='ocrx_word' id='word_1_94' title='bbox 776 1607 898 1701; x_wconf 87' lang='lat' dir='ltr'>Quare</span> <span class='ocrx_word' id='word_1_95' title='bbox 915 1609 980 1679; x_wconf 90' lang='lat' dir='ltr'>etsi</span> <span class='ocrx_word' id='word_1_96' title='bbox 994 1609 1048 1678; x_wconf 92' lang='lat' dir='ltr'>in-</span> 
     </span>
     <span class='ocr_line' id='line_1_16' title="bbox 63 1707 1048 1797; baseline 0.005 -21"><span class='ocrx_word' id='word_1_97' title='bbox 63 1707 202 1777; x_wconf 89' lang='lat' dir='ltr'>terdum</span> <span class='ocrx_word' id='word_1_98' title='bbox 220 1707 385 1777; x_wconf 89' lang='lat' dir='ltr'>duriores</span> <span class='ocrx_word' id='word_1_99' title='bbox 410 1708 607 1778; x_wconf 87' lang='lat' dir='ltr'>sententiae</span> <span class='ocrx_word' id='word_1_100' title='bbox 623 1709 827 1781; x_wconf 89' lang='lat' dir='ltr'>Stoicorum</span> <span class='ocrx_word' id='word_1_101' title='bbox 842 1712 1048 1797; x_wconf 82' lang='lat' dir='ltr'>laudantur,</span> 
     </span>
     <span class='ocr_line' id='line_1_17' title="bbox 64 1807 1049 1902; baseline 0.005 -23"><span class='ocrx_word' id='word_1_102' title='bbox 64 1823 181 1879; x_wconf 81' lang='lat' dir='ltr'>tamen</span> <span class='ocrx_word' id='word_1_103' title='bbox 194 1811 356 1902; x_wconf 87' lang='lat' dir='ltr'>prudens</span> <span class='ocrx_word' id='word_1_104' title='bbox 376 1808 488 1879; x_wconf 90' lang='lat' dir='ltr'>lector</span> <span class='ocrx_word' id='word_1_105' title='bbox 502 1807 669 1883; x_wconf 86' lang='lat' dir='ltr'>adhibeat</span> <span class='ocrx_word' id='word_1_106' title='bbox 689 1812 880 1899; x_wconf 90' lang='lat' dir='ltr'>iudicium,</span> <span class='ocrx_word' id='word_1_107' title='bbox 905 1838 946 1884; x_wconf 90' lang='lat' dir='ltr'>ac</span> <span class='ocrx_word' id='word_1_108' title='bbox 959 1815 1049 1885; x_wconf 89' lang='lat' dir='ltr'>sciat</span> 
     </span>
     <span class='ocr_line' id='line_1_18' title="bbox 70 1907 1046 2005; baseline 0.003 -22"><span class='ocrx_word' id='word_1_109' title='bbox 70 1913 235 1983; x_wconf 65' lang='lat' dir='ltr'>mordas</span> <span class='ocrx_word' id='word_1_110' title='bbox 255 1912 444 2005; x_wconf 83' lang='lat' dir='ltr'>opiniones</span> <span class='ocrx_word' id='word_1_111' title='bbox 459 1927 658 2005; x_wconf 77' lang='lat' dir='ltr'>pugnantes</span> <span class='ocrx_word' id='word_1_112' title='bbox 675 1939 756 1986; x_wconf 89' lang='lat' dir='ltr'>eum</span> <span class='ocrx_word' id='word_1_113' title='bbox 771 1929 899 1986; x_wconf 88' lang='lat' dir='ltr'>natura</span> <span class='ocrx_word' id='word_1_114' title='bbox 915 1907 1046 1988; x_wconf 79' lang='lat' dir='ltr'>etcum</span> 
     </span>
     <span class='ocr_line' id='line_1_19' title="bbox 67 2014 1047 2106; baseline 0.004 -22"><span class='ocrx_word' id='word_1_115' title='bbox 67 2017 169 2084; x_wconf 82' lang='lat' dir='ltr'>verbo</span> <span class='ocrx_word' id='word_1_116' title='bbox 192 2014 265 2084; x_wconf 90' lang='lat' dir='ltr'>Dei</span> <span class='ocrx_word' id='word_1_117' title='bbox 286 2015 472 2106; x_wconf 86' lang='lat' dir='ltr'>fugiendas</span> <span class='ocrx_word' id='word_1_118' title='bbox 493 2040 579 2089; x_wconf 91' lang='lat' dir='ltr'>esse.</span> <span class='ocrx_word' id='word_1_119' title='bbox 630 2014 708 2087; x_wconf 91' lang='lat' dir='ltr'>lmo</span> <span class='ocrx_word' id='word_1_120' title='bbox 728 2019 817 2089; x_wconf 92' lang='lat' dir='ltr'>boni</span> <span class='ocrx_word' id='word_1_121' title='bbox 832 2019 978 2090; x_wconf 87' lang='lat' dir='ltr'>affectus</span> <span class='ocrx_word' id='word_1_122' title='bbox 992 2020 1047 2088; x_wconf 92' lang='lat' dir='ltr'>in-</span> 
     </span>
     <span class='ocr_line' id='line_1_20' title="bbox 64 2117 1046 2208; baseline 0.006 -21"><span class='ocrx_word' id='word_1_123' title='bbox 64 2117 124 2187; x_wconf 87' lang='lat' dir='ltr'>diti</span> <span class='ocrx_word' id='word_1_124' title='bbox 136 2131 226 2188; x_wconf 87' lang='lat' dir='ltr'>sunt</span> <span class='ocrx_word' id='word_1_125' title='bbox 244 2131 414 2203; x_wconf 89' lang='lat' dir='ltr'>naturae,</span> <span class='ocrx_word' id='word_1_126' title='bbox 439 2130 480 2188; x_wconf 94' lang='lat' dir='ltr'>ut</span> <span class='ocrx_word' id='word_1_127' title='bbox 500 2119 572 2189; x_wconf 88' lang='lat' dir='ltr'>sint</span> <span class='ocrx_word' id='word_1_128' title='bbox 588 2120 760 2191; x_wconf 86' lang='lat' dir='ltr'>virtutum</span> <span class='ocrx_word' id='word_1_129' title='bbox 777 2120 946 2208; x_wconf 87' lang='lat' dir='ltr'>calcaria,</span> <span class='ocrx_word' id='word_1_130' title='bbox 971 2146 1046 2207; x_wconf 91' lang='lat' dir='ltr'>sen,</span> 
     </span>
     <span class='ocr_line' id='line_1_21' title="bbox 65 2219 1046 2316; baseline 0.005 -25"><span class='ocrx_word' id='word_1_131' title='bbox 65 2234 99 2291; x_wconf 92' lang='lat' dir='ltr'>ut</span> <span class='ocrx_word' id='word_1_132' title='bbox 111 2219 324 2291; x_wconf 80' lang='lat' dir='ltr'>Aristoteles</span> <span class='ocrx_word' id='word_1_133' title='bbox 336 2221 466 2316; x_wconf 83' lang='lat' dir='ltr'>inquit,</span> <span class='ocrx_word' id='word_1_134' title='bbox 486 2221 632 2293; x_wconf 82' lang='lat' dir='ltr'>auxilia:</span> <span class='ocrx_word' id='word_1_135' title='bbox 657 2225 718 2293; x_wconf 91' lang='lat' dir='ltr'>sed</span> <span class='ocrx_word' id='word_1_136' title='bbox 733 2225 837 2295; x_wconf 90' lang='lat' dir='ltr'>malis</span> <span class='ocrx_word' id='word_1_137' title='bbox 852 2225 1046 2311; x_wconf 86' lang='lat' dir='ltr'>affectibus,</span> 
     </span>
     <span class='ocr_line' id='line_1_22' title="bbox 65 2319 1045 2421; baseline 0.005 -29"><span class='ocrx_word' id='word_1_138' title='bbox 65 2319 127 2393; x_wconf 89' lang='lat' dir='ltr'>bac</span> <span class='ocrx_word' id='word_1_139' title='bbox 147 2336 225 2407; x_wconf 90' lang='lat' dir='ltr'>esi,</span> <span class='ocrx_word' id='word_1_140' title='bbox 255 2324 544 2396; x_wconf 85' lang='lat' dir='ltr'>dissentientibus</span> <span class='ocrx_word' id='word_1_141' title='bbox 570 2349 591 2394; x_wconf 92' lang='lat' dir='ltr'>a</span> <span class='ocrx_word' id='word_1_142' title='bbox 614 2326 755 2397; x_wconf 86' lang='lat' dir='ltr'>ratione</span> <span class='ocrx_word' id='word_1_143' title='bbox 778 2339 814 2397; x_wconf 90' lang='lat' dir='ltr'>et</span> <span class='ocrx_word' id='word_1_144' title='bbox 834 2351 855 2396; x_wconf 90' lang='lat' dir='ltr'>a</span> <span class='ocrx_word' id='word_1_145' title='bbox 875 2329 951 2421; x_wconf 89' lang='lat' dir='ltr'>lege</span> <span class='ocrx_word' id='word_1_146' title='bbox 977 2327 1045 2398; x_wconf 91' lang='lat' dir='ltr'>Dei</span> 
     </span>
     <span class='ocr_line' id='line_1_23' title="bbox 67 2426 1045 2519; baseline 0.007 -25"><span class='ocrx_word' id='word_1_147' title='bbox 67 2426 336 2519; x_wconf 87' lang='lat' dir='ltr'>repugnandum</span> <span class='ocrx_word' id='word_1_148' title='bbox 357 2439 422 2499; x_wconf 87' lang='lat' dir='ltr'>est.</span> <span class='ocrx_word' id='word_1_149' title='bbox 471 2426 519 2501; x_wconf 83' lang='lat' dir='ltr'>Et</span> <span class='ocrx_word' id='word_1_150' title='bbox 541 2429 736 2499; x_wconf 89' lang='lat' dir='ltr'>sententiae</span> <span class='ocrx_word' id='word_1_151' title='bbox 752 2430 912 2501; x_wconf 91' lang='lat' dir='ltr'>insacris</span> <span class='ocrx_word' id='word_1_152' title='bbox 934 2431 1045 2501; x_wconf 89' lang='lat' dir='ltr'>literis</span> 
     </span>
     <span class='ocr_line' id='line_1_24' title="bbox 66 2528 1047 2622; baseline 0.005 -23"><span class='ocrx_word' id='word_1_153' title='bbox 66 2530 258 2622; x_wconf 83' lang='lat' dir='ltr'>prudenter</span> <span class='ocrx_word' id='word_1_154' title='bbox 283 2528 535 2621; x_wconf 88' lang='lat' dir='ltr'>intelligendae</span> <span class='ocrx_word' id='word_1_155' title='bbox 564 2544 666 2616; x_wconf 88' lang='lat' dir='ltr'>sunt,</span> <span class='ocrx_word' id='word_1_156' title='bbox 708 2557 755 2602; x_wconf 90' lang='lat' dir='ltr'>ne</span> <span class='ocrx_word' id='word_1_157' title='bbox 784 2536 1047 2604; x_wconf 84' lang='lat' dir='ltr'>transferantur</span> 
     </span>
     <span class='ocr_line' id='line_1_25' title="bbox 68 2631 1044 2724; baseline 0.005 -24"><span class='ocrx_word' id='word_1_158' title='bbox 68 2633 105 2701; x_wconf 87' lang='lat' dir='ltr'>ad</span> <span class='ocrx_word' id='word_1_159' title='bbox 127 2632 267 2702; x_wconf 88' lang='lat' dir='ltr'>Stoicas</span> <span class='ocrx_word' id='word_1_160' title='bbox 298 2631 497 2724; x_wconf 86' lang='lat' dir='ltr'>opiniones.</span> <span class='ocrx_word' id='word_1_161' title='bbox 555 2633 651 2705; x_wconf 86' lang='lat' dir='ltr'>Nam</span> <span class='ocrx_word' id='word_1_162' title='bbox 673 2658 794 2705; x_wconf 86' lang='lat' dir='ltr'>sacrae</span> <span class='ocrx_word' id='word_1_163' title='bbox 825 2635 950 2707; x_wconf 90' lang='lat' dir='ltr'>literae</span> <span class='ocrx_word' id='word_1_164' title='bbox 980 2636 1044 2706; x_wconf 87' lang='lat' dir='ltr'>etsi</span> 
     </span>
     <span class='ocr_line' id='line_1_26' title="bbox 67 2735 1044 2830; baseline 0.005 -26"><span class='ocrx_word' id='word_1_165' title='bbox 67 2735 254 2806; x_wconf 86' lang='lat' dir='ltr'>ostendunt</span> <span class='ocrx_word' id='word_1_166' title='bbox 276 2758 400 2805; x_wconf 89' lang='lat' dir='ltr'>omnes</span> <span class='ocrx_word' id='word_1_167' title='bbox 422 2736 567 2806; x_wconf 80' lang='lat' dir='ltr'>affectus</span> <span class='ocrx_word' id='word_1_168' title='bbox 588 2735 627 2804; x_wconf 93' lang='lat' dir='ltr'>in</span> <span class='ocrx_word' id='word_1_169' title='bbox 649 2735 762 2830; x_wconf 91' lang='lat' dir='ltr'>impio</span> <span class='ocrx_word' id='word_1_170' title='bbox 785 2737 932 2809; x_wconf 84' lang='lat' dir='ltr'>vitiosos</span> <span class='ocrx_word' id='word_1_171' title='bbox 955 2764 1044 2822; x_wconf 86' lang='lat' dir='ltr'>csse,</span> 
     </span>
     <span class='ocr_line' id='line_1_27' title="bbox 67 2836 1044 2924; baseline 0.007 -18"><span class='ocrx_word' id='word_1_172' title='bbox 67 2851 181 2908; x_wconf 89' lang='lat' dir='ltr'>tamen</span> <span class='ocrx_word' id='word_1_173' title='bbox 204 2836 334 2908; x_wconf 83' lang='lat' dir='ltr'>volunt</span> <span class='ocrx_word' id='word_1_174' title='bbox 356 2838 545 2908; x_wconf 88' lang='lat' dir='ltr'>discrimen</span> <span class='ocrx_word' id='word_1_175' title='bbox 567 2839 735 2924; x_wconf 89' lang='lat' dir='ltr'>retineri,</span> <span class='ocrx_word' id='word_1_176' title='bbox 769 2841 933 2912; x_wconf 88' lang='lat' dir='ltr'>videlicet</span> <span class='ocrx_word' id='word_1_177' title='bbox 955 2842 1044 2912; x_wconf 90' lang='lat' dir='ltr'>alios</span> 
     </span>
     <span class='ocr_line' id='line_1_28' title="bbox 66 2941 1044 3033; baseline 0.005 -22"><span class='ocrx_word' id='word_1_178' title='bbox 66 2964 203 3033; x_wconf 83' lang='lat' dir='ltr'>perse,</span> <span class='ocrx_word' id='word_1_179' title='bbox 238 2963 280 3010; x_wconf 88' lang='lat' dir='ltr'>ac</span> <span class='ocrx_word' id='word_1_180' title='bbox 310 2953 449 3011; x_wconf 90' lang='lat' dir='ltr'>tantum</span> <span class='ocrx_word' id='word_1_181' title='bbox 480 2941 628 3013; x_wconf 87' lang='lat' dir='ltr'>vitiosos</span> <span class='ocrx_word' id='word_1_182' title='bbox 656 2954 691 3012; x_wconf 88' lang='lat' dir='ltr'>ei</span> <span class='ocrx_word' id='word_1_183' title='bbox 714 2942 931 3016; x_wconf 88' lang='lat' dir='ltr'>abiiciendos</span> <span class='ocrx_word' id='word_1_184' title='bbox 959 2970 1044 3016; x_wconf 91' lang='lat' dir='ltr'>esse.</span> 
     </span>
     <span class='ocr_line' id='line_1_29' title="bbox 64 3042 1044 3138; baseline 0.007 -28"><span class='ocrx_word' id='word_1_185' title='bbox 64 3044 156 3114; x_wconf 84' lang='lat' dir='ltr'>Alios</span> <span class='ocrx_word' id='word_1_186' title='bbox 175 3067 264 3113; x_wconf 90' lang='lat' dir='ltr'>vero</span> <span class='ocrx_word' id='word_1_187' title='bbox 280 3042 452 3114; x_wconf 87' lang='lat' dir='ltr'>divinitus</span> <span class='ocrx_word' id='word_1_188' title='bbox 466 3044 591 3113; x_wconf 87' lang='lat' dir='ltr'>insitos</span> <span class='ocrx_word' id='word_1_189' title='bbox 606 3044 721 3136; x_wconf 92' lang='lat' dir='ltr'>pollui</span> <span class='ocrx_word' id='word_1_190' title='bbox 735 3049 900 3138; x_wconf 81' lang='lat' dir='ltr'>contagio</span> <span class='ocrx_word' id='word_1_191' title='bbox 922 3072 1044 3117; x_wconf 92' lang='lat' dir='ltr'>corru-</span> 
     </span>
     <span class='ocr_line' id='line_1_30' title="bbox 63 3143 1043 3241; baseline 0.004 -26"><span class='ocrx_word' id='word_1_192' title='bbox 63 3146 211 3238; x_wconf 89' lang='lat' dir='ltr'>ptionis,</span> <span class='ocrx_word' id='word_1_193' title='bbox 238 3170 330 3241; x_wconf 88' lang='lat' dir='ltr'>quae</span> <span class='ocrx_word' id='word_1_194' title='bbox 355 3147 466 3217; x_wconf 88' lang='lat' dir='ltr'>estin</span> <span class='ocrx_word' id='word_1_195' title='bbox 487 3157 618 3217; x_wconf 91' lang='lat' dir='ltr'>natura</span> <span class='ocrx_word' id='word_1_196' title='bbox 643 3143 821 3232; x_wconf 90' lang='lat' dir='ltr'>humana,</span> <span class='ocrx_word' id='word_1_197' title='bbox 848 3150 947 3220; x_wconf 88' lang='lat' dir='ltr'>utin</span> <span class='ocrx_word' id='word_1_198' title='bbox 962 3150 1043 3219; x_wconf 89' lang='lat' dir='ltr'>Ale-</span> 
     </span>
     <span class='ocr_line' id='line_1_31' title="bbox 63 3246 1043 3322; baseline 0.004 -4"><span class='ocrx_word' id='word_1_199' title='bbox 63 3250 195 3319; x_wconf 81' lang='lat' dir='ltr'>xandro</span> <span class='ocrx_word' id='word_1_200' title='bbox 218 3262 304 3319; x_wconf 85' lang='lat' dir='ltr'>sunt</span> <span class='ocrx_word' id='word_1_201' title='bbox 323 3249 429 3319; x_wconf 91' lang='lat' dir='ltr'>multi</span> <span class='ocrx_word' id='word_1_202' title='bbox 447 3249 535 3318; x_wconf 92' lang='lat' dir='ltr'>boni</span> <span class='ocrx_word' id='word_1_203' title='bbox 555 3250 700 3320; x_wconf 83' lang='lat' dir='ltr'>affectus</span> <span class='ocrx_word' id='word_1_204' title='bbox 726 3264 761 3321; x_wconf 89' lang='lat' dir='ltr'>et</span> <span class='ocrx_word' id='word_1_205' title='bbox 784 3246 949 3322; x_wconf 83' lang='lat' dir='ltr'>heroicae</span> <span class='ocrx_word' id='word_1_206' title='bbox 972 3253 1043 3322; x_wconf 92' lang='lat' dir='ltr'>vir-</span> 
     </span>
     <span class='ocr_line' id='line_1_32' title="bbox 62 3351 1044 3446; baseline 0.002 -24"><span class='ocrx_word' id='word_1_207' title='bbox 62 3365 160 3424; x_wconf 84' lang='lat' dir='ltr'>tutes.</span> <span class='ocrx_word' id='word_1_208' title='bbox 200 3351 273 3420; x_wconf 88' lang='lat' dir='ltr'>Sed</span> <span class='ocrx_word' id='word_1_209' title='bbox 295 3353 378 3446; x_wconf 92' lang='lat' dir='ltr'>quia</span> <span class='ocrx_word' id='word_1_210' title='bbox 404 3353 533 3423; x_wconf 88' lang='lat' dir='ltr'>absunt</span> <span class='ocrx_word' id='word_1_211' title='bbox 554 3351 664 3423; x_wconf 90' lang='lat' dir='ltr'>timor</span> <span class='ocrx_word' id='word_1_212' title='bbox 685 3352 754 3422; x_wconf 92' lang='lat' dir='ltr'>Dei</span> <span class='ocrx_word' id='word_1_213' title='bbox 777 3366 812 3422; x_wconf 91' lang='lat' dir='ltr'>et</span> <span class='ocrx_word' id='word_1_214' title='bbox 833 3356 936 3439; x_wconf 87' lang='lat' dir='ltr'>fides,</span> <span class='ocrx_word' id='word_1_215' title='bbox 961 3356 1044 3426; x_wconf 89' lang='lat' dir='ltr'>reli-</span> 
     </span>
     <span class='ocr_line' id='line_1_33' title="bbox 61 3454 1043 3550; baseline 0.001 -24"><span class='ocrx_word' id='word_1_216' title='bbox 61 3479 147 3550; x_wconf 87' lang='lat' dir='ltr'>quae</span> <span class='ocrx_word' id='word_1_217' title='bbox 164 3455 268 3525; x_wconf 91' lang='lat' dir='ltr'>dotes</span> <span class='ocrx_word' id='word_1_218' title='bbox 284 3480 360 3525; x_wconf 91' lang='lat' dir='ltr'>non</span> <span class='ocrx_word' id='word_1_219' title='bbox 375 3456 516 3548; x_wconf 89' lang='lat' dir='ltr'>placent</span> <span class='ocrx_word' id='word_1_220' title='bbox 532 3454 622 3528; x_wconf 87' lang='lat' dir='ltr'>Deo.</span> <span class='ocrx_word' id='word_1_221' title='bbox 672 3455 720 3524; x_wconf 90' lang='lat' dir='ltr'>Et</span> <span class='ocrx_word' id='word_1_222' title='bbox 735 3457 809 3548; x_wconf 90' lang='lat' dir='ltr'>ipsc</span> <span class='ocrx_word' id='word_1_223' title='bbox 831 3458 931 3527; x_wconf 89' lang='lat' dir='ltr'>addit</span> <span class='ocrx_word' id='word_1_224' title='bbox 944 3459 1043 3542; x_wconf 83' lang='lat' dir='ltr'>vitia,</span> 
     </span>
     <span class='ocr_line' id='line_1_34' title="bbox 61 3557 1043 3653; baseline 0.005 -27"><span class='ocrx_word' id='word_1_225' title='bbox 61 3583 129 3628; x_wconf 89' lang='lat' dir='ltr'>non</span> <span class='ocrx_word' id='word_1_226' title='bbox 152 3558 230 3648; x_wconf 88' lang='lat' dir='ltr'>agit</span> <span class='ocrx_word' id='word_1_227' title='bbox 248 3559 382 3648; x_wconf 82' lang='lat' dir='ltr'>gratias</span> <span class='ocrx_word' id='word_1_228' title='bbox 399 3557 498 3644; x_wconf 90' lang='lat' dir='ltr'>Deo,</span> <span class='ocrx_word' id='word_1_229' title='bbox 524 3582 600 3626; x_wconf 94' lang='lat' dir='ltr'>non</span> <span class='ocrx_word' id='word_1_230' title='bbox 620 3560 780 3648; x_wconf 90' lang='lat' dir='ltr'>agnoscit</span> <span class='ocrx_word' id='word_1_231' title='bbox 794 3559 863 3629; x_wconf 88' lang='lat' dir='ltr'>Dei</span> <span class='ocrx_word' id='word_1_232' title='bbox 877 3584 1043 3653; x_wconf 89' lang='lat' dir='ltr'>praesen-</span> 
     </span>
     <span class='ocr_line' id='line_1_35' title="bbox 61 3659 1043 3756; baseline 0.003 -26"><span class='ocrx_word' id='word_1_233' title='bbox 61 3660 156 3744; x_wconf 89' lang='lat' dir='ltr'>tiam,</span> <span class='ocrx_word' id='word_1_234' title='bbox 179 3659 328 3730; x_wconf 87' lang='lat' dir='ltr'>confidit</span> <span class='ocrx_word' id='word_1_235' title='bbox 343 3661 416 3732; x_wconf 90' lang='lat' dir='ltr'>suis</span> <span class='ocrx_word' id='word_1_236' title='bbox 430 3661 578 3744; x_wconf 88' lang='lat' dir='ltr'>viribus,</span> <span class='ocrx_word' id='word_1_237' title='bbox 604 3661 746 3756; x_wconf 91' lang='lat' dir='ltr'>quaerit</span> <span class='ocrx_word' id='word_1_238' title='bbox 760 3687 860 3734; x_wconf 88' lang='lat' dir='ltr'>suam</span> <span class='ocrx_word' id='word_1_239' title='bbox 879 3663 1043 3754; x_wconf 89' lang='lat' dir='ltr'>gloriam,</span> 
     </span>
     <span class='ocr_line' id='line_1_36' title="bbox 62 3758 1043 3859; baseline 0 -24"><span class='ocrx_word' id='word_1_240' title='bbox 62 3765 127 3835; x_wconf 83' lang='lat' dir='ltr'>ruit</span> <span class='ocrx_word' id='word_1_241' title='bbox 140 3788 289 3835; x_wconf 86' lang='lat' dir='ltr'>securus</span> <span class='ocrx_word' id='word_1_242' title='bbox 311 3763 349 3833; x_wconf 89' lang='lat' dir='ltr'>in</span> <span class='ocrx_word' id='word_1_243' title='bbox 365 3758 516 3835; x_wconf 83' lang='lat' dir='ltr'>omnem·</span> <span class='ocrx_word' id='word_1_244' title='bbox 526 3763 796 3855; x_wconf 89' lang='lat' dir='ltr'>turpitudinem.</span> <span class='ocrx_word' id='word_1_245' title='bbox 836 3766 907 3836; x_wconf 87' lang='lat' dir='ltr'>Sed</span> <span class='ocrx_word' id='word_1_246' title='bbox 922 3766 960 3835; x_wconf 88' lang='lat' dir='ltr'>in</span> <span class='ocrx_word' id='word_1_247' title='bbox 975 3766 1043 3859; x_wconf 92' lang='lat' dir='ltr'>piis</span> 
     </span>
     <span class='ocr_line' id='line_1_37' title="bbox 61 3861 1043 3963; baseline 0.005 -28"><span class='ocrx_word' id='word_1_248' title='bbox 61 3866 252 3937; x_wconf 88' lang='lat' dir='ltr'>laudantur</span> <span class='ocrx_word' id='word_1_249' title='bbox 271 3865 360 3937; x_wconf 90' lang='lat' dir='ltr'>boni</span> <span class='ocrx_word' id='word_1_250' title='bbox 376 3867 521 3938; x_wconf 87' lang='lat' dir='ltr'>affectus</span> <span class='ocrx_word' id='word_1_251' title='bbox 535 3867 735 3952; x_wconf 86' lang='lat' dir='ltr'>naturales,</span> <span class='ocrx_word' id='word_1_252' title='bbox 759 3865 843 3963; x_wconf 89' lang='lat' dir='ltr'>quia</span> <span class='ocrx_word' id='word_1_253' title='bbox 861 3868 901 3937; x_wconf 91' lang='lat' dir='ltr'>in</span> <span class='ocrx_word' id='word_1_254' title='bbox 913 3861 969 3939; x_wconf 91' lang='lat' dir='ltr'>his</span> <span class='ocrx_word' id='word_1_255' title='bbox 986 3894 1043 3940; x_wconf 91' lang='lat' dir='ltr'>ac-</span> 
     </span>
     <span class='ocr_line' id='line_1_38' title="bbox 60 3967 1043 4063; baseline 0.004 -25"><span class='ocrx_word' id='word_1_256' title='bbox 60 3970 188 4040; x_wconf 84' lang='lat' dir='ltr'>cedunt</span> <span class='ocrx_word' id='word_1_257' title='bbox 203 3969 314 4038; x_wconf 90' lang='lat' dir='ltr'>timor</span> <span class='ocrx_word' id='word_1_258' title='bbox 327 3967 396 4039; x_wconf 90' lang='lat' dir='ltr'>Dei</span> <span class='ocrx_word' id='word_1_259' title='bbox 414 3982 449 4041; x_wconf 89' lang='lat' dir='ltr'>et</span> <span class='ocrx_word' id='word_1_260' title='bbox 463 3971 569 4054; x_wconf 84' lang='lat' dir='ltr'>fides,</span> <span class='ocrx_word' id='word_1_261' title='bbox 595 3994 665 4063; x_wconf 91' lang='lat' dir='ltr'>qua</span> <span class='ocrx_word' id='word_1_262' title='bbox 681 3970 732 4054; x_wconf 90' lang='lat' dir='ltr'>fit,</span> <span class='ocrx_word' id='word_1_263' title='bbox 755 3982 797 4041; x_wconf 89' lang='lat' dir='ltr'>ut</span> <span class='ocrx_word' id='word_1_264' title='bbox 810 3972 974 4062; x_wconf 86' lang='lat' dir='ltr'>placeant</span> <span class='ocrx_word' id='word_1_265' title='bbox 988 3997 1043 4042; x_wconf 93' lang='lat' dir='ltr'>re-</span> 
     </span>
     <span class='ocr_line' id='line_1_39' title="bbox 57 4070 1042 4168; baseline 0.003 -27"><span class='ocrx_word' id='word_1_266' title='bbox 57 4070 153 4168; x_wconf 89' lang='lat' dir='ltr'>liqua</span> <span class='ocrx_word' id='word_1_267' title='bbox 177 4071 276 4141; x_wconf 89' lang='lat' dir='ltr'>bona</span> <span class='ocrx_word' id='word_1_268' title='bbox 298 4096 419 4166; x_wconf 88' lang='lat' dir='ltr'>opera.</span> <span class='ocrx_word' id='word_1_269' title='bbox 476 4071 596 4144; x_wconf 86' lang='lat' dir='ltr'>Facile</span> <span class='ocrx_word' id='word_1_270' title='bbox 620 4085 673 4143; x_wconf 90' lang='lat' dir='ltr'>cst</span> <span class='ocrx_word' id='word_1_271' title='bbox 696 4071 805 4164; x_wconf 90' lang='lat' dir='ltr'>igitur</span> <span class='ocrx_word' id='word_1_272' title='bbox 827 4076 1042 4166; x_wconf 86' lang='lat' dir='ltr'>respondere</span> 
     </span>
     <span class='ocr_line' id='line_1_40' title="bbox 57 4172 428 4247; baseline 0 -1"><span class='ocrx_word' id='word_1_273' title='bbox 57 4172 180 4246; x_wconf 87' lang='lat' dir='ltr'>adhas</span> <span class='ocrx_word' id='word_1_274' title='bbox 200 4174 428 4247; x_wconf 90' lang='lat' dir='ltr'>obiectiones.</span> 
     </span>
    </p>

    <p class='ocr_par' dir='ltr' id='par_1_7' title="bbox 55 4275 1043 4475">
     <span class='ocr_line' id='line_1_41' title="bbox 157 4275 1043 4350; baseline 0.001 -3"><span class='ocrx_word' id='word_1_275' title='bbox 157 4277 291 4350; x_wconf 88' lang='lat' dir='ltr'>Sensus</span> <span class='ocrx_word' id='word_1_276' title='bbox 312 4279 430 4348; x_wconf 84' lang='lat' dir='ltr'>carnis</span> <span class='ocrx_word' id='word_1_277' title='bbox 453 4301 550 4347; x_wconf 91' lang='lat' dir='ltr'>mors</span> <span class='ocrx_word' id='word_1_278' title='bbox 571 4289 640 4348; x_wconf 90' lang='lat' dir='ltr'>est:</span> <span class='ocrx_word' id='word_1_279' title='bbox 667 4276 754 4347; x_wconf 90' lang='lat' dir='ltr'>item</span> <span class='ocrx_word' id='word_1_280' title='bbox 771 4275 958 4347; x_wconf 87' lang='lat' dir='ltr'>inimicitia</span> <span class='ocrx_word' id='word_1_281' title='bbox 980 4279 1043 4349; x_wconf 91' lang='lat' dir='ltr'>ad·</span> 
     </span>
     <span class='ocr_line' id='line_1_42' title="bbox 55 4378 1016 4475; baseline 0 -26"><span class='ocrx_word' id='word_1_282' title='bbox 55 4405 178 4453; x_wconf 78' lang='lat' dir='ltr'>versus</span> <span class='ocrx_word' id='word_1_283' title='bbox 190 4380 322 4453; x_wconf 87' lang='lat' dir='ltr'>Deum.</span> <span class='ocrx_word' id='word_1_284' title='bbox 357 4378 468 4474; x_wconf 88' lang='lat' dir='ltr'>igitur</span> <span class='ocrx_word' id='word_1_285' title='bbox 484 4404 607 4451; x_wconf 89' lang='lat' dir='ltr'>omnes</span> <span class='ocrx_word' id='word_1_286' title='bbox 622 4379 768 4450; x_wconf 87' lang='lat' dir='ltr'>affectus</span> <span class='ocrx_word' id='word_1_287' title='bbox 787 4392 871 4450; x_wconf 91' lang='lat' dir='ltr'>sunt</span> <span class='ocrx_word' id='word_1_288' title='bbox 885 4379 1016 4475; x_wconf 82' lang='lat' dir='ltr'>vitiosi.</span> 
     </span>
    </p>

    <p class='ocr_par' dir='ltr' id='par_1_8' title="bbox 51 4475 1043 4887">
     <span class='ocr_line' id='line_1_43' title="bbox 156 4475 1043 4579; baseline 0 -25"><span class='ocrx_word' id='word_1_289' title='bbox 156 4483 377 4578; x_wconf 84' lang='lat' dir='ltr'>Responsio:</span> <span class='ocrx_word' id='word_1_290' title='bbox 412 4475 579 4555; x_wconf 85' lang='lat' dir='ltr'>Concedo</span> <span class='ocrx_word' id='word_1_291' title='bbox 614 4506 845 4579; x_wconf 89' lang='lat' dir='ltr'>consequens.</span> <span class='ocrx_word' id='word_1_292' title='bbox 905 4482 1043 4555; x_wconf 86' lang='lat' dir='ltr'>Omnes</span> 
     </span>
     <span class='ocr_line' id='line_1_44' title="bbox 53 4584 1041 4681; baseline -0.004 -21"><span class='ocrx_word' id='word_1_293' title='bbox 53 4601 138 4660; x_wconf 85' lang='lat' dir='ltr'>sunt</span> <span class='ocrx_word' id='word_1_294' title='bbox 161 4588 300 4659; x_wconf 81' lang='lat' dir='ltr'>vitiosi:</span> <span class='ocrx_word' id='word_1_295' title='bbox 327 4587 390 4656; x_wconf 90' lang='lat' dir='ltr'>alii</span> <span class='ocrx_word' id='word_1_296' title='bbox 412 4610 477 4680; x_wconf 90' lang='lat' dir='ltr'>per</span> <span class='ocrx_word' id='word_1_297' title='bbox 499 4611 557 4671; x_wconf 92' lang='lat' dir='ltr'>se,</span> <span class='ocrx_word' id='word_1_298' title='bbox 582 4584 644 4655; x_wconf 89' lang='lat' dir='ltr'>alii</span> <span class='ocrx_word' id='word_1_299' title='bbox 664 4611 729 4679; x_wconf 86' lang='lat' dir='ltr'>per</span> <span class='ocrx_word' id='word_1_300' title='bbox 749 4585 932 4672; x_wconf 89' lang='lat' dir='ltr'>accidens,</span> <span class='ocrx_word' id='word_1_301' title='bbox 957 4585 1041 4681; x_wconf 92' lang='lat' dir='ltr'>quia</span> 
     </span>
     <span class='ocr_line' id='line_1_45' title="bbox 51 4680 1041 4784; baseline -0.002 -23"><span class='ocrx_word' id='word_1_302' title='bbox 51 4691 142 4761; x_wconf 91' lang='lat' dir='ltr'>boni</span> <span class='ocrx_word' id='word_1_303' title='bbox 159 4691 371 4784; x_wconf 84' lang='lat' dir='ltr'>polluuntur</span> <span class='ocrx_word' id='word_1_304' title='bbox 393 4680 502 4759; x_wconf 64' lang='lat' dir='ltr'>uariis</span> <span class='ocrx_word' id='word_1_305' title='bbox 523 4688 660 4772; x_wconf 89' lang='lat' dir='ltr'>modis,</span> <span class='ocrx_word' id='word_1_306' title='bbox 684 4714 750 4760; x_wconf 89' lang='lat' dir='ltr'>nec</span> <span class='ocrx_word' id='word_1_307' title='bbox 770 4692 974 4761; x_wconf 90' lang='lat' dir='ltr'>referuntur</span> <span class='ocrx_word' id='word_1_308' title='bbox 995 4693 1041 4759; x_wconf 89' lang='lat' dir='ltr'>ad</span> 
     </span>
     <span class='ocr_line' id='line_1_46' title="bbox 52 4791 1042 4887; baseline 0.001 -25"><span class='ocrx_word' id='word_1_309' title='bbox 52 4794 217 4865; x_wconf 89' lang='lat' dir='ltr'>debitum</span> <span class='ocrx_word' id='word_1_310' title='bbox 234 4795 355 4878; x_wconf 86' lang='lat' dir='ltr'>linem,</span> <span class='ocrx_word' id='word_1_311' title='bbox 369 4806 411 4864; x_wconf 89' lang='lat' dir='ltr'>ut</span> <span class='ocrx_word' id='word_1_312' title='bbox 424 4804 623 4887; x_wconf 90' lang='lat' dir='ltr'>praestetur</span> <span class='ocrx_word' id='word_1_313' title='bbox 637 4791 714 4862; x_wconf 89' lang='lat' dir='ltr'>Deo</span> <span class='ocrx_word' id='word_1_314' title='bbox 731 4791 946 4865; x_wconf 88' lang='lat' dir='ltr'>obedientia.</span> <span class='ocrx_word' id='word_1_315' title='bbox 972 4792 1042 4863; x_wconf 93' lang='lat' dir='ltr'>De-</span> 
     </span>
    </p>
   </div>
   <div class='ocr_carea' id='block_1_6' title="bbox 120 5049 1041 5391">
    <p class='ocr_par' dir='ltr' id='par_1_9' title="bbox 120 5049 1041 5391">
     <span class='ocr_line' id='line_1_47' title="bbox 122 5049 1040 5115; baseline 0.001 -12"><span class='ocrx_word' id='word_1_316' title='bbox 122 5053 260 5103; x_wconf 73' lang='lat' dir='ltr'>xendrusi</span> <span class='ocrx_word' id='word_1_317' title='bbox 281 5050 436 5113; x_wconf 78' lang='lat' dir='ltr'>Principem</span> <span class='ocrx_word' id='word_1_318' title='bbox 460 5050 615 5115; x_wconf 79' lang='lat' dir='ltr'>significat,</span> <span class='ocrx_word' id='word_1_319' title='bbox 645 5049 766 5112; x_wconf 57' lang='lat' dir='ltr'>acceptu</span> <span class='ocrx_word' id='word_1_320' title='bbox 798 5061 824 5104; x_wconf 83' lang='lat' dir='ltr'>a.</span> <span class='ocrx_word' id='word_1_321' title='bbox 851 5052 927 5103; x_wconf 61' lang='lat' dir='ltr'>iiia</span> <span class='ocrx_word' id='word_1_322' title='bbox 951 5055 1040 5115; x_wconf 85' lang='lat' dir='ltr'>petris</span> 
     </span>
     <span class='ocr_line' id='line_1_48' title="bbox 120 5118 1041 5184; baseline -0.001 -11"><span class='ocrx_word' id='word_1_323' title='bbox 120 5134 256 5184; x_wconf 68' lang='lat' dir='ltr'>regnum,</span> <span class='ocrx_word' id='word_1_324' title='bbox 281 5120 351 5184; x_wconf 81' lang='lat' dir='ltr'>quon</span> <span class='ocrx_word' id='word_1_325' title='bbox 370 5122 423 5170; x_wconf 85' lang='lat' dir='ltr'>iste</span> <span class='ocrx_word' id='word_1_326' title='bbox 442 5122 573 5170; x_wconf 78' lang='lat' dir='ltr'>soltanus</span> <span class='ocrx_word' id='word_1_327' title='bbox 593 5119 619 5169; x_wconf 86' lang='lat' dir='ltr'>ei</span> <span class='ocrx_word' id='word_1_328' title='bbox 642 5118 797 5181; x_wconf 84' lang='lat' dir='ltr'>eripuerat,</span> <span class='ocrx_word' id='word_1_329' title='bbox 822 5124 1041 5184; x_wconf 78' lang='lat' dir='ltr'>recuperantes</span> 
     </span>
     <span class='ocr_line' id='line_1_49' title="bbox 121 5184 1040 5255; baseline 0.001 -15"><span class='ocrx_word' id='word_1_330' title='bbox 121 5203 213 5255; x_wconf 81' lang='lat' dir='ltr'>usqne</span> <span class='ocrx_word' id='word_1_331' title='bbox 234 5191 271 5239; x_wconf 82' lang='lat' dir='ltr'>ad</span> <span class='ocrx_word' id='word_1_332' title='bbox 289 5191 404 5238; x_wconf 84' lang='lat' dir='ltr'>nortem</span> <span class='ocrx_word' id='word_1_333' title='bbox 427 5200 453 5240; x_wconf 83' lang='lat' dir='ltr'>a.</span> <span class='ocrx_word' id='word_1_334' title='bbox 473 5187 548 5240; x_wconf 82' lang='grc'><strong>1467.</strong></span> <span class='ocrx_word' id='word_1_335' title='bbox 568 5186 691 5238; x_wconf 82' lang='lat' dir='ltr'>obtinuit.</span> <span class='ocrx_word' id='word_1_336' title='bbox 734 5184 813 5236; x_wconf 83' lang='lat' dir='ltr'>coni.</span> <span class='ocrx_word' id='word_1_337' title='bbox 830 5191 890 5240; x_wconf 79' lang='lat' dir='ltr'>ios.</span> <span class='ocrx_word' id='word_1_338' title='bbox 909 5203 935 5242; x_wconf 86' lang='lat' dir='ltr'>v.</span> <span class='ocrx_word' id='word_1_339' title='bbox 954 5192 1040 5241; x_wconf 86' lang='lat' dir='ltr'>iiam-</span> 
     </span>
     <span class='ocr_line' id='line_1_50' title="bbox 124 5257 1040 5325; baseline 0.003 -16"><span class='ocrx_word' id='word_1_340' title='bbox 124 5273 201 5310; x_wconf 64' lang='grc' dir='ltr'>ποτε</span> <span class='ocrx_word' id='word_1_341' title='bbox 219 5259 383 5309; x_wconf 68' lang='lat' dir='ltr'>omnisne</span> <span class='ocrx_word' id='word_1_342' title='bbox 402 5257 452 5308; x_wconf 83' lang='lat' dir='ltr'>des</span> <span class='ocrx_word' id='word_1_343' title='bbox 470 5260 583 5310; x_wconf 77' lang='lat' dir='ltr'>(tantan.</span> <span class='ocrx_word' id='word_1_344' title='bbox 601 5257 727 5307; x_wconf 84' lang='lat' dir='ltr'>iieicies.</span> <span class='ocrx_word' id='word_1_345' title='bbox 747 5257 822 5306; x_wconf 75' lang='lat' dir='ltr'>Tota.</span> <span class='ocrx_word' id='word_1_346' title='bbox 834 5257 857 5309; x_wconf 91' lang='lat' dir='ltr'>l.</span> <span class='ocrx_word' id='word_1_347' title='bbox 873 5272 900 5321; x_wconf 88' lang='lat' dir='ltr'>p.</span> <span class='ocrx_word' id='word_1_348' title='bbox 915 5259 968 5310; x_wconf 67' lang='lat' dir='ltr'>iffi</span> <span class='ocrx_word' id='word_1_349' title='bbox 980 5274 1040 5325; x_wconf 83' lang='lat' dir='ltr'>sqq.</span> 
     </span>
     <span class='ocr_line' id='line_1_51' title="bbox 124 5327 435 5391; baseline -0.016 -10"><span class='ocrx_word' id='word_1_350' title='bbox 124 5330 203 5381; x_wconf 66' lang='grc' dir='ltr'>τοι.</span> <span class='ocrx_word' id='word_1_351' title='bbox 216 5327 250 5380; x_wconf 86' lang='lat' dir='ltr'>ii.</span> <span class='ocrx_word' id='word_1_352' title='bbox 268 5341 295 5391; x_wconf 84' lang='lat' dir='ltr'>p.</span> <span class='ocrx_word' id='word_1_353' title='bbox 311 5327 435 5378; x_wconf 72' lang='grc'><strong>48-96.</strong></span> 
     </span>
    </p>
   </div>
   <div class='ocr_carea' id='block_1_7' title="bbox 88 5428 927 5498">
    <p class='ocr_par' dir='ltr' id='par_1_10' title="bbox 88 5428 927 5498">
     <span class='ocr_line' id='line_1_52' title="bbox 88 5428 927 5498; baseline -0.001 -15"><span class='ocrx_word' id='word_1_354' title='bbox 88 5431 138 5498; x_wconf 64' lang='lat' dir='ltr'>iv)</span> <span class='ocrx_word' id='word_1_355' title='bbox 154 5433 235 5496; x_wconf 70' lang='lat' dir='ltr'>virg.</span> <span class='ocrx_word' id='word_1_356' title='bbox 253 5434 322 5482; x_wconf 81' lang='lat' dir='ltr'>Aen.</span> <span class='ocrx_word' id='word_1_357' title='bbox 341 5429 411 5496; x_wconf 71' lang='lat' dir='ltr'>xii,</span> <span class='ocrx_word' id='word_1_358' title='bbox 431 5428 488 5480; x_wconf 80' lang='lat'>1⁰8.</span> <span class='ocrx_word' id='word_1_359' title='bbox 510 5428 627 5491; x_wconf 83' lang='lat' dir='ltr'>iegitur:</span> <span class='ocrx_word' id='word_1_360' title='bbox 648 5432 677 5481; x_wconf 87' lang='lat' dir='ltr'>et</span> <span class='ocrx_word' id='word_1_361' title='bbox 693 5443 725 5480; x_wconf 87' lang='lat' dir='ltr'>se</span> <span class='ocrx_word' id='word_1_362' title='bbox 742 5428 927 5483; x_wconf 64' lang='lat' dir='ltr'>suscitetur.</span> 
     </span>
    </p>
   </div>
   <div class='ocr_carea' id='block_1_8' title="bbox 628 194 1542 275">
    <p class='ocr_par' dir='ltr' id='par_1_11' title="bbox 628 194 1542 275">
     <span class='ocr_line' id='line_1_53' title="bbox 628 194 1542 275; baseline 0 -1"><span class='ocrx_word' id='word_1_363' title='bbox 628 198 656 274; x_wconf 90' lang='lat' dir='ltr'>i.</span> <span class='ocrx_word' id='word_1_364' title='bbox 697 194 1049 275; x_wconf 75' lang='lat' dir='ltr'>Puuosorfflsu</span> <span class='ocrx_word' id='word_1_365' title='bbox 1073 195 1287 271; x_wconf 72' lang='lat' dir='ltr'>uolantis</span> <span class='ocrx_word' id='word_1_366' title='bbox 1310 197 1542 274; x_wconf 83' lang='lat' dir='ltr'>EPITOME.</span> 
     </span>
    </p>
   </div>
   <div class='ocr_carea' id='block_1_9' title="bbox 2042 203 2094 280">
    <p class='ocr_par' dir='ltr' id='par_1_12' title="bbox 2042 203 2094 280">
     <span class='ocr_line' id='line_1_54' title="bbox 2042 203 2094 280; baseline 0.038 -2"><span class='ocrx_word' id='word_1_367' title='bbox 2042 203 2094 280; x_wconf 77' lang='lat' dir='ltr'>ot</span> 
     </span>
    </p>
   </div>
   <div class='ocr_carea' id='block_1_10' title="bbox 1101 369 2091 1287">
    <p class='ocr_par' dir='ltr' id='par_1_13' title="bbox 1101 369 2091 1287">
     <span class='ocr_line' id='line_1_55' title="bbox 1104 369 2091 466; baseline 0.007 -26"><span class='ocrx_word' id='word_1_368' title='bbox 1104 369 1215 466; x_wconf 90' lang='lat' dir='ltr'>nique</span> <span class='ocrx_word' id='word_1_369' title='bbox 1228 395 1304 442; x_wconf 90' lang='lat' dir='ltr'>uon</span> <span class='ocrx_word' id='word_1_370' title='bbox 1321 372 1463 466; x_wconf 87' lang='lat' dir='ltr'>placent</span> <span class='ocrx_word' id='word_1_371' title='bbox 1476 371 1575 458; x_wconf 91' lang='lat' dir='ltr'>Deo,</span> <span class='ocrx_word' id='word_1_372' title='bbox 1599 373 1677 444; x_wconf 87' lang='lat' dir='ltr'>sine</span> <span class='ocrx_word' id='word_1_373' title='bbox 1693 374 1822 448; x_wconf 87' lang='lat' dir='ltr'>timore</span> <span class='ocrx_word' id='word_1_374' title='bbox 1838 390 1875 448; x_wconf 85' lang='lat' dir='ltr'>et</span> <span class='ocrx_word' id='word_1_375' title='bbox 1885 381 1968 450; x_wconf 85' lang='lat' dir='ltr'>lide.</span> <span class='ocrx_word' id='word_1_376' title='bbox 2014 378 2091 449; x_wconf 87' lang='lat' dir='ltr'>Hac</span> 
     </span>
     <span class='ocr_line' id='line_1_56' title="bbox 1105 474 2091 577; baseline 0.011 -33"><span class='ocrx_word' id='word_1_377' title='bbox 1105 474 1259 567; x_wconf 91' lang='lat' dir='ltr'>simplici</span> <span class='ocrx_word' id='word_1_378' title='bbox 1275 488 1310 545; x_wconf 89' lang='lat' dir='ltr'>et</span> <span class='ocrx_word' id='word_1_379' title='bbox 1321 476 1430 567; x_wconf 87' lang='lat' dir='ltr'>plana</span> <span class='ocrx_word' id='word_1_380' title='bbox 1448 477 1625 546; x_wconf 88' lang='lat' dir='ltr'>solutione</span> <span class='ocrx_word' id='word_1_381' title='bbox 1646 479 1807 549; x_wconf 84' lang='lat' dir='ltr'>contenti</span> <span class='ocrx_word' id='word_1_382' title='bbox 1819 481 1951 567; x_wconf 89' lang='lat' dir='ltr'>simus,</span> <span class='ocrx_word' id='word_1_383' title='bbox 1977 507 2091 577; x_wconf 84' lang='lat' dir='ltr'>quan·</span> 
     </span>
     <span class='ocr_line' id='line_1_57' title="bbox 1105 579 2091 680; baseline 0.009 -35"><span class='ocrx_word' id='word_1_384' title='bbox 1105 601 1215 670; x_wconf 90' lang='lat' dir='ltr'>quam</span> <span class='ocrx_word' id='word_1_385' title='bbox 1229 579 1390 648; x_wconf 88' lang='lat' dir='ltr'>etaltera</span> <span class='ocrx_word' id='word_1_386' title='bbox 1406 590 1526 672; x_wconf 90' lang='lat' dir='ltr'>potest</span> <span class='ocrx_word' id='word_1_387' title='bbox 1536 580 1641 663; x_wconf 89' lang='lat' dir='ltr'>addi,</span> <span class='ocrx_word' id='word_1_388' title='bbox 1666 605 1792 655; x_wconf 86' lang='lat' dir='ltr'>omnes</span> <span class='ocrx_word' id='word_1_389' title='bbox 1808 584 1974 670; x_wconf 87' lang='lat' dir='ltr'>affectus,</span> <span class='ocrx_word' id='word_1_390' title='bbox 1999 611 2091 680; x_wconf 89' lang='lat' dir='ltr'>quos</span> 
     </span>
     <span class='ocr_line' id='line_1_58' title="bbox 1104 673 2090 780; baseline 0.01 -32"><span class='ocrx_word' id='word_1_391' title='bbox 1104 673 1212 749; x_wconf 89' lang='lat' dir='ltr'>habet</span> <span class='ocrx_word' id='word_1_392' title='bbox 1234 680 1398 753; x_wconf 83' lang='lat' dir='ltr'>carnalis</span> <span class='ocrx_word' id='word_1_393' title='bbox 1431 694 1586 767; x_wconf 84' lang='lat' dir='ltr'>natura,</span> <span class='ocrx_word' id='word_1_394' title='bbox 1612 682 1690 752; x_wconf 89' lang='lat' dir='ltr'>sine</span> <span class='ocrx_word' id='word_1_395' title='bbox 1724 687 1814 772; x_wconf 86' lang='lat' dir='ltr'>fide,</span> <span class='ocrx_word' id='word_1_396' title='bbox 1847 701 1884 758; x_wconf 88' lang='lat' dir='ltr'>et</span> <span class='ocrx_word' id='word_1_397' title='bbox 1909 688 1986 758; x_wconf 88' lang='lat' dir='ltr'>sine</span> <span class='ocrx_word' id='word_1_398' title='bbox 2011 689 2090 780; x_wconf 89' lang='lat' dir='ltr'>Spi-</span> 
     </span>
     <span class='ocr_line' id='line_1_59' title="bbox 1103 782 2090 883; baseline 0.01 -33"><span class='ocrx_word' id='word_1_399' title='bbox 1103 782 1177 853; x_wconf 89' lang='lat' dir='ltr'>ritu</span> <span class='ocrx_word' id='word_1_400' title='bbox 1191 797 1314 853; x_wconf 91' lang='lat' dir='ltr'>sancto</span> <span class='ocrx_word' id='word_1_401' title='bbox 1336 806 1420 875; x_wconf 90' lang='lat' dir='ltr'>erga</span> <span class='ocrx_word' id='word_1_402' title='bbox 1436 782 1556 855; x_wconf 91' lang='lat' dir='ltr'>Deum</span> <span class='ocrx_word' id='word_1_403' title='bbox 1574 808 1649 856; x_wconf 83' lang='lat' dir='ltr'>esse</span> <span class='ocrx_word' id='word_1_404' title='bbox 1665 785 1831 874; x_wconf 88' lang='lat' dir='ltr'>vitiosos,</span> <span class='ocrx_word' id='word_1_405' title='bbox 1856 790 1941 883; x_wconf 89' lang='lat' dir='ltr'>quia</span> <span class='ocrx_word' id='word_1_406' title='bbox 1960 805 2090 861; x_wconf 88' lang='lat' dir='ltr'>natura</span> 
     </span>
     <span class='ocr_line' id='line_1_60' title="bbox 1103 885 2088 977; baseline 0.01 -24"><span class='ocrx_word' id='word_1_407' title='bbox 1103 885 1275 969; x_wconf 87' lang='lat' dir='ltr'>carnalis,</span> <span class='ocrx_word' id='word_1_408' title='bbox 1301 898 1364 957; x_wconf 89' lang='lat' dir='ltr'>aut</span> <span class='ocrx_word' id='word_1_409' title='bbox 1386 910 1510 957; x_wconf 91' lang='lat' dir='ltr'>secura</span> <span class='ocrx_word' id='word_1_410' title='bbox 1527 889 1725 958; x_wconf 87' lang='lat' dir='ltr'>contemnit</span> <span class='ocrx_word' id='word_1_411' title='bbox 1748 890 1839 961; x_wconf 92' lang='lat' dir='ltr'>iram</span> <span class='ocrx_word' id='word_1_412' title='bbox 1855 892 1942 977; x_wconf 90' lang='lat' dir='ltr'>Dei,</span> <span class='ocrx_word' id='word_1_413' title='bbox 1967 894 2088 964; x_wconf 89' lang='lat' dir='ltr'>autin</span> 
     </span>
     <span class='ocr_line' id='line_1_61' title="bbox 1102 987 2088 1089; baseline 0.013 -34"><span class='ocrx_word' id='word_1_414' title='bbox 1102 987 1197 1058; x_wconf 86' lang='lat' dir='ltr'>veris</span> <span class='ocrx_word' id='word_1_415' title='bbox 1210 988 1404 1080; x_wconf 81' lang='lat' dir='ltr'>pavoribus</span> <span class='ocrx_word' id='word_1_416' title='bbox 1417 989 1583 1061; x_wconf 88' lang='lat' dir='ltr'>irascitur</span> <span class='ocrx_word' id='word_1_417' title='bbox 1599 990 1731 1061; x_wconf 91' lang='lat' dir='ltr'>iudicio</span> <span class='ocrx_word' id='word_1_418' title='bbox 1747 993 1834 1078; x_wconf 91' lang='lat' dir='ltr'>Dei,</span> <span class='ocrx_word' id='word_1_419' title='bbox 1860 1008 1896 1064; x_wconf 91' lang='lat' dir='ltr'>et</span> <span class='ocrx_word' id='word_1_420' title='bbox 1912 998 2088 1089; x_wconf 80' lang='lat' dir='ltr'>desperat.</span> 
     </span>
     <span class='ocr_line' id='line_1_62' title="bbox 1102 1085 2089 1170; baseline 0.009 -9"><span class='ocrx_word' id='word_1_421' title='bbox 1102 1089 1171 1161; x_wconf 89' lang='lat' dir='ltr'>Sed</span> <span class='ocrx_word' id='word_1_422' title='bbox 1199 1085 1289 1161; x_wconf 90' lang='lat' dir='ltr'>haec</span> <span class='ocrx_word' id='word_1_423' title='bbox 1314 1091 1445 1162; x_wconf 90' lang='lat' dir='ltr'>solutio</span> <span class='ocrx_word' id='word_1_424' title='bbox 1475 1095 1693 1165; x_wconf 90' lang='lat' dir='ltr'>subobscura</span> <span class='ocrx_word' id='word_1_425' title='bbox 1719 1109 1782 1168; x_wconf 85' lang='lat' dir='ltr'>est.</span> <span class='ocrx_word' id='word_1_426' title='bbox 1833 1094 1918 1168; x_wconf 90' lang='lat' dir='ltr'>Ideo</span> <span class='ocrx_word' id='word_1_427' title='bbox 1941 1112 2089 1170; x_wconf 87' lang='lat' dir='ltr'>utamur</span> 
     </span>
     <span class='ocr_line' id='line_1_63' title="bbox 1101 1193 2089 1287; baseline 0.014 -27"><span class='ocrx_word' id='word_1_428' title='bbox 1101 1193 1235 1283; x_wconf 90' lang='lat' dir='ltr'>priore.</span> <span class='ocrx_word' id='word_1_429' title='bbox 1285 1193 1344 1264; x_wconf 91' lang='lat' dir='ltr'>Sic</span> <span class='ocrx_word' id='word_1_430' title='bbox 1367 1197 1658 1287; x_wconf 88' lang='lat' dir='ltr'>respondendum</span> <span class='ocrx_word' id='word_1_431' title='bbox 1674 1211 1727 1268; x_wconf 90' lang='lat' dir='ltr'>est</span> <span class='ocrx_word' id='word_1_432' title='bbox 1745 1200 1841 1270; x_wconf 91' lang='lat' dir='ltr'>etad</span> <span class='ocrx_word' id='word_1_433' title='bbox 1856 1196 1924 1271; x_wconf 91' lang='lat' dir='ltr'>hoe</span> <span class='ocrx_word' id='word_1_434' title='bbox 1942 1201 2089 1273; x_wconf 90' lang='lat' dir='ltr'>dictum.</span> 
     </span>
    </p>
   </div>
   <div class='ocr_carea' id='block_1_11' title="bbox 1100 1294 2205 1395">
    <p class='ocr_par' dir='ltr' id='par_1_14' title="bbox 1100 1294 2205 1395">
     <span class='ocr_line' id='line_1_64' title="bbox 1100 1294 2205 1395; baseline 0.009 -30"><span class='ocrx_word' id='word_1_435' title='bbox 1100 1295 1229 1366; x_wconf 87' lang='lat' dir='ltr'>Omnis</span> <span class='ocrx_word' id='word_1_436' title='bbox 1250 1297 1418 1388; x_wconf 84' lang='lat' dir='ltr'>cogitatio</span> <span class='ocrx_word' id='word_1_437' title='bbox 1442 1294 1592 1368; x_wconf 89' lang='lat' dir='ltr'>humaui</span> <span class='ocrx_word' id='word_1_438' title='bbox 1613 1300 1730 1371; x_wconf 90' lang='lat' dir='ltr'>cordis</span> <span class='ocrx_word' id='word_1_439' title='bbox 1747 1327 1861 1395; x_wconf 90' lang='lat' dir='ltr'>prona</span> <span class='ocrx_word' id='word_1_440' title='bbox 1884 1317 1937 1374; x_wconf 89' lang='lat' dir='ltr'>est</span> <span class='ocrx_word' id='word_1_441' title='bbox 1951 1307 1999 1374; x_wconf 88' lang='lat' dir='ltr'>ad</span> <span class='ocrx_word' id='word_1_442' title='bbox 2011 1330 2087 1374; x_wconf 91' lang='lat' dir='ltr'>ma·</span> <span class='ocrx_word' id='word_1_443' title='bbox 2194 1320 2205 1345; x_wconf 82' lang='lat'><strong>·</strong></span> 
     </span>
    </p>
   </div>
   <div class='ocr_carea' id='block_1_12' title="bbox 1092 1399 2088 5075">
    <p class='ocr_par' dir='ltr' id='par_1_15' title="bbox 1098 1399 2088 2219">
     <span class='ocr_line' id='line_1_65' title="bbox 1099 1399 2088 1494; baseline 0.008 -27"><span class='ocrx_word' id='word_1_444' title='bbox 1099 1399 1175 1468; x_wconf 91' lang='lat' dir='ltr'>lum</span> <span class='ocrx_word' id='word_1_445' title='bbox 1203 1400 1501 1491; x_wconf 90' lang='lat' dir='ltr'>omnitempore.</span> <span class='ocrx_word' id='word_1_446' title='bbox 1557 1402 1655 1494; x_wconf 87' lang='lat' dir='ltr'>Ergo</span> <span class='ocrx_word' id='word_1_447' title='bbox 1677 1428 1803 1477; x_wconf 88' lang='lat' dir='ltr'>omnes</span> <span class='ocrx_word' id='word_1_448' title='bbox 1830 1406 1977 1478; x_wconf 86' lang='lat' dir='ltr'>affectus</span> <span class='ocrx_word' id='word_1_449' title='bbox 2000 1408 2088 1476; x_wconf 91' lang='lat' dir='ltr'>mali</span> 
     </span>
     <span class='ocr_line' id='line_1_66' title="bbox 1099 1501 2087 1603; baseline 0.009 -33"><span class='ocrx_word' id='word_1_450' title='bbox 1099 1514 1194 1573; x_wconf 86' lang='lat' dir='ltr'>sunt.</span> <span class='ocrx_word' id='word_1_451' title='bbox 1226 1501 1439 1595; x_wconf 87' lang='lat' dir='ltr'>Responsio.</span> <span class='ocrx_word' id='word_1_452' title='bbox 1476 1504 1642 1575; x_wconf 92' lang='lat' dir='ltr'>Concedo</span> <span class='ocrx_word' id='word_1_453' title='bbox 1657 1528 1889 1603; x_wconf 90' lang='lat' dir='ltr'>consequens.</span> <span class='ocrx_word' id='word_1_454' title='bbox 1932 1508 2005 1578; x_wconf 86' lang='lat' dir='ltr'>Alii</span> <span class='ocrx_word' id='word_1_455' title='bbox 2021 1534 2087 1603; x_wconf 89' lang='lat' dir='ltr'>per</span> 
     </span>
     <span class='ocr_line' id='line_1_67' title="bbox 1099 1604 2086 1703; baseline 0.006 -28"><span class='ocrx_word' id='word_1_456' title='bbox 1099 1627 1156 1688; x_wconf 91' lang='lat' dir='ltr'>se,</span> <span class='ocrx_word' id='word_1_457' title='bbox 1188 1604 1250 1673; x_wconf 90' lang='lat' dir='ltr'>alii</span> <span class='ocrx_word' id='word_1_458' title='bbox 1271 1629 1337 1697; x_wconf 87' lang='lat' dir='ltr'>per</span> <span class='ocrx_word' id='word_1_459' title='bbox 1365 1605 1540 1676; x_wconf 86' lang='lat' dir='ltr'>accidens.</span> <span class='ocrx_word' id='word_1_460' title='bbox 1591 1607 1717 1703; x_wconf 86' lang='lat' dir='ltr'>Neque</span> <span class='ocrx_word' id='word_1_461' title='bbox 1743 1623 1863 1681; x_wconf 89' lang='lat' dir='ltr'>tamen</span> <span class='ocrx_word' id='word_1_462' title='bbox 1887 1607 1975 1682; x_wconf 89' lang='lat' dir='ltr'>haec</span> <span class='ocrx_word' id='word_1_463' title='bbox 2000 1637 2086 1683; x_wconf 89' lang='lat' dir='ltr'>con-</span> 
     </span>
     <span class='ocr_line' id='line_1_68' title="bbox 1099 1706 2086 1804; baseline 0.007 -30"><span class='ocrx_word' id='word_1_464' title='bbox 1099 1706 1247 1776; x_wconf 90' lang='lat' dir='ltr'>veniunt</span> <span class='ocrx_word' id='word_1_465' title='bbox 1278 1732 1359 1777; x_wconf 91' lang='lat' dir='ltr'>cum</span> <span class='ocrx_word' id='word_1_466' title='bbox 1390 1707 1536 1793; x_wconf 91' lang='lat' dir='ltr'>Stoicis,</span> <span class='ocrx_word' id='word_1_467' title='bbox 1573 1711 1657 1804; x_wconf 89' lang='lat' dir='ltr'>quia</span> <span class='ocrx_word' id='word_1_468' title='bbox 1687 1712 1798 1782; x_wconf 89' lang='lat' dir='ltr'>Stoici</span> <span class='ocrx_word' id='word_1_469' title='bbox 1827 1715 1954 1783; x_wconf 88' lang='lat' dir='ltr'>volunt</span> <span class='ocrx_word' id='word_1_470' title='bbox 1983 1715 2086 1785; x_wconf 86' lang='lat' dir='ltr'>evelli</span> 
     </span>
     <span class='ocr_line' id='line_1_69' title="bbox 1100 1810 2084 1893; baseline 0.008 -16"><span class='ocrx_word' id='word_1_471' title='bbox 1100 1833 1224 1880; x_wconf 90' lang='lat' dir='ltr'>omnes</span> <span class='ocrx_word' id='word_1_472' title='bbox 1248 1810 1412 1893; x_wconf 88' lang='lat' dir='ltr'>affectus,</span> <span class='ocrx_word' id='word_1_473' title='bbox 1436 1813 1551 1881; x_wconf 91' lang='lat' dir='ltr'>bonos</span> <span class='ocrx_word' id='word_1_474' title='bbox 1569 1825 1604 1881; x_wconf 87' lang='lat' dir='ltr'>et</span> <span class='ocrx_word' id='word_1_475' title='bbox 1625 1814 1751 1886; x_wconf 89' lang='lat' dir='ltr'>malos.</span> <span class='ocrx_word' id='word_1_476' title='bbox 1802 1814 1877 1887; x_wconf 84' lang='lat' dir='ltr'>Lex</span> <span class='ocrx_word' id='word_1_477' title='bbox 1890 1816 1960 1885; x_wconf 90' lang='lat' dir='ltr'>Dei</span> <span class='ocrx_word' id='word_1_478' title='bbox 1978 1841 2084 1887; x_wconf 86' lang='lat' dir='ltr'>econ-</span> 
     </span>
     <span class='ocr_line' id='line_1_70' title="bbox 1098 1911 2084 2003; baseline 0.009 -23"><span class='ocrx_word' id='word_1_479' title='bbox 1098 1923 1154 1981; x_wconf 90' lang='lat' dir='ltr'>tra</span> <span class='ocrx_word' id='word_1_480' title='bbox 1182 1911 1320 2003; x_wconf 87' lang='lat' dir='ltr'>flagitat</span> <span class='ocrx_word' id='word_1_481' title='bbox 1344 1914 1460 1986; x_wconf 89' lang='lat' dir='ltr'>bonos</span> <span class='ocrx_word' id='word_1_482' title='bbox 1485 1915 1654 2000; x_wconf 85' lang='lat' dir='ltr'>affectus,</span> <span class='ocrx_word' id='word_1_483' title='bbox 1689 1917 1856 1988; x_wconf 89' lang='lat' dir='ltr'>timorem</span> <span class='ocrx_word' id='word_1_484' title='bbox 1881 1919 1969 2003; x_wconf 88' lang='lat' dir='ltr'>Dei,</span> <span class='ocrx_word' id='word_1_485' title='bbox 1995 1920 2084 1989; x_wconf 86' lang='lat' dir='ltr'>fidu-</span> 
     </span>
     <span class='ocr_line' id='line_1_71' title="bbox 1098 2015 2086 2112; baseline 0.008 -29"><span class='ocrx_word' id='word_1_486' title='bbox 1098 2015 1211 2099; x_wconf 89' lang='lat' dir='ltr'>ciam,</span> <span class='ocrx_word' id='word_1_487' title='bbox 1227 2015 1473 2102; x_wconf 88' lang='lat' dir='ltr'>dilectionem,</span> <span class='ocrx_word' id='word_1_488' title='bbox 1495 2040 1656 2088; x_wconf 88' lang='lat' dir='ltr'>amorem</span> <span class='ocrx_word' id='word_1_489' title='bbox 1673 2021 1852 2112; x_wconf 91' lang='lat' dir='ltr'>coniugis,</span> <span class='ocrx_word' id='word_1_490' title='bbox 1875 2022 2086 2106; x_wconf 89' lang='lat' dir='ltr'>liberorum,</span> 
     </span>
     <span class='ocr_line' id='line_1_72' title="bbox 1099 2117 1957 2219; baseline 0.009 -34"><span class='ocrx_word' id='word_1_491' title='bbox 1099 2130 1135 2219; x_wconf 66' lang='lat' dir='ltr'>et</span> <span class='ocrx_word' id='word_1_492' title='bbox 1151 2119 1240 2187; x_wconf 89' lang='lat' dir='ltr'>alios</span> <span class='ocrx_word' id='word_1_493' title='bbox 1257 2119 1337 2211; x_wconf 91' lang='lat' dir='ltr'>pios</span> <span class='ocrx_word' id='word_1_494' title='bbox 1359 2133 1490 2191; x_wconf 90' lang='lat' dir='ltr'>motus.</span> <span class='ocrx_word' id='word_1_495' title='bbox 1952 2117 1957 2125; x_wconf 46' lang='lat'><strong>⁴</strong></span> 
     </span>
    </p>

    <p class='ocr_par' dir='ltr' id='par_1_16' title="bbox 1092 2219 2084 5075">
     <span class='ocr_line' id='line_1_73' title="bbox 1198 2219 2084 2314; baseline 0.01 -27"><span class='ocrx_word' id='word_1_496' title='bbox 1198 2219 1291 2288; x_wconf 91' lang='lat' dir='ltr'>Hinc</span> <span class='ocrx_word' id='word_1_497' title='bbox 1309 2222 1413 2291; x_wconf 88' lang='lat' dir='ltr'>facile</span> <span class='ocrx_word' id='word_1_498' title='bbox 1433 2234 1550 2313; x_wconf 86' lang='lat' dir='ltr'>potest</span> <span class='ocrx_word' id='word_1_499' title='bbox 1574 2221 1744 2314; x_wconf 87' lang='lat' dir='ltr'>intelligi,</span> <span class='ocrx_word' id='word_1_500' title='bbox 1770 2224 1926 2296; x_wconf 88' lang='lat' dir='ltr'>Stoicam</span> <span class='ocrx_word' id='word_1_501' title='bbox 1951 2228 2084 2296; x_wconf 91' lang='lat' dir='ltr'>doctri-</span> 
     </span>
     <span class='ocr_line' id='line_1_74' title="bbox 1096 2323 2084 2414; baseline 0.01 -24"><span class='ocrx_word' id='word_1_502' title='bbox 1096 2346 1182 2391; x_wconf 90' lang='lat' dir='ltr'>nam</span> <span class='ocrx_word' id='word_1_503' title='bbox 1202 2323 1407 2414; x_wconf 89' lang='lat' dir='ltr'>longissime</span> <span class='ocrx_word' id='word_1_504' title='bbox 1427 2325 1559 2396; x_wconf 89' lang='lat' dir='ltr'>distare</span> <span class='ocrx_word' id='word_1_505' title='bbox 1582 2325 1689 2394; x_wconf 89' lang='lat' dir='ltr'>etiam</span> <span class='ocrx_word' id='word_1_506' title='bbox 1711 2323 1780 2396; x_wconf 83' lang='lat' dir='ltr'>lioc</span> <span class='ocrx_word' id='word_1_507' title='bbox 1805 2329 1843 2396; x_wconf 94' lang='lat' dir='ltr'>in</span> <span class='ocrx_word' id='word_1_508' title='bbox 1863 2329 1944 2399; x_wconf 92' lang='lat' dir='ltr'>loco</span> <span class='ocrx_word' id='word_1_509' title='bbox 1966 2332 2010 2400; x_wconf 91' lang='lat' dir='ltr'>de</span> <span class='ocrx_word' id='word_1_510' title='bbox 2033 2333 2084 2400; x_wconf 88' lang='lat' dir='ltr'>af-</span> 
     </span>
     <span class='ocr_line' id='line_1_75' title="bbox 1095 2424 2083 2523; baseline 0.009 -29"><span class='ocrx_word' id='word_1_511' title='bbox 1095 2426 1244 2497; x_wconf 84' lang='lat' dir='ltr'>fectibus</span> <span class='ocrx_word' id='word_1_512' title='bbox 1275 2451 1295 2496; x_wconf 91' lang='lat' dir='ltr'>a</span> <span class='ocrx_word' id='word_1_513' title='bbox 1320 2427 1484 2497; x_wconf 91' lang='lat' dir='ltr'>doctrina</span> <span class='ocrx_word' id='word_1_514' title='bbox 1509 2424 1722 2500; x_wconf 87' lang='lat' dir='ltr'>Christiana.</span> <span class='ocrx_word' id='word_1_515' title='bbox 1774 2430 1844 2500; x_wconf 90' lang='lat' dir='ltr'>Sed</span> <span class='ocrx_word' id='word_1_516' title='bbox 1875 2427 1932 2503; x_wconf 91' lang='lat' dir='ltr'>hic</span> <span class='ocrx_word' id='word_1_517' title='bbox 1959 2433 2083 2523; x_wconf 86' lang='lat' dir='ltr'>ingens</span> 
     </span>
     <span class='ocr_line' id='line_1_76' title="bbox 1096 2526 2083 2625; baseline 0.009 -29"><span class='ocrx_word' id='word_1_518' title='bbox 1096 2527 1288 2597; x_wconf 89' lang='lat' dir='ltr'>admiratio</span> <span class='ocrx_word' id='word_1_519' title='bbox 1309 2541 1406 2598; x_wconf 88' lang='lat' dir='ltr'>tenet</span> <span class='ocrx_word' id='word_1_520' title='bbox 1428 2526 1662 2621; x_wconf 86' lang='lat' dir='ltr'>philosophos</span> <span class='ocrx_word' id='word_1_521' title='bbox 1677 2530 1745 2625; x_wconf 67' lang='grc' dir='ltr'>ω),</span> <span class='ocrx_word' id='word_1_522' title='bbox 1771 2536 1866 2603; x_wconf 90' lang='lat' dir='ltr'>unde</span> <span class='ocrx_word' id='word_1_523' title='bbox 1882 2535 1920 2604; x_wconf 93' lang='lat' dir='ltr'>in</span> <span class='ocrx_word' id='word_1_524' title='bbox 1937 2531 2083 2604; x_wconf 88' lang='lat' dir='ltr'>homine</span> 
     </span>
     <span class='ocr_line' id='line_1_77' title="bbox 1096 2631 2082 2708; baseline 0.008 -9"><span class='ocrx_word' id='word_1_525' title='bbox 1096 2642 1196 2699; x_wconf 89' lang='lat' dir='ltr'>tanta</span> <span class='ocrx_word' id='word_1_526' title='bbox 1218 2631 1264 2701; x_wconf 91' lang='lat' dir='ltr'>sit</span> <span class='ocrx_word' id='word_1_527' title='bbox 1284 2631 1475 2702; x_wconf 83' lang='lat' dir='ltr'>affectuum</span> <span class='ocrx_word' id='word_1_528' title='bbox 1499 2633 1688 2704; x_wconf 90' lang='lat' dir='ltr'>discordia.</span> <span class='ocrx_word' id='word_1_529' title='bbox 1741 2634 1911 2706; x_wconf 87' lang='lat' dir='ltr'>Caeterae</span> <span class='ocrx_word' id='word_1_530' title='bbox 1933 2651 2082 2708; x_wconf 90' lang='lat' dir='ltr'>naturae</span> 
     </span>
     <span class='ocr_line' id='line_1_78' title="bbox 1095 2735 2083 2830; baseline 0.009 -29"><span class='ocrx_word' id='word_1_531' title='bbox 1095 2757 1170 2802; x_wconf 93' lang='lat' dir='ltr'>non</span> <span class='ocrx_word' id='word_1_532' title='bbox 1195 2746 1356 2825; x_wconf 90' lang='lat' dir='ltr'>puguant</span> <span class='ocrx_word' id='word_1_533' title='bbox 1377 2735 1475 2825; x_wconf 88' lang='lat' dir='ltr'>ipsae</span> <span class='ocrx_word' id='word_1_534' title='bbox 1504 2758 1646 2817; x_wconf 88' lang='lat' dir='ltr'>secum,</span> <span class='ocrx_word' id='word_1_535' title='bbox 1679 2736 1741 2805; x_wconf 90' lang='lat' dir='ltr'>sed</span> <span class='ocrx_word' id='word_1_536' title='bbox 1764 2737 2015 2830; x_wconf 90' lang='lat' dir='ltr'>obtemperant</span> <span class='ocrx_word' id='word_1_537' title='bbox 2038 2740 2083 2810; x_wconf 90' lang='lat' dir='ltr'>iis</span> 
     </span>
     <span class='ocr_line' id='line_1_79' title="bbox 1095 2835 2082 2930; baseline 0.006 -25"><span class='ocrx_word' id='word_1_538' title='bbox 1095 2835 1251 2925; x_wconf 88' lang='lat' dir='ltr'>legibus,</span> <span class='ocrx_word' id='word_1_539' title='bbox 1276 2861 1369 2930; x_wconf 90' lang='lat' dir='ltr'>quae</span> <span class='ocrx_word' id='word_1_540' title='bbox 1390 2837 1475 2928; x_wconf 88' lang='lat' dir='ltr'>ipsis</span> <span class='ocrx_word' id='word_1_541' title='bbox 1495 2836 1665 2907; x_wconf 87' lang='lat' dir='ltr'>divinitus</span> <span class='ocrx_word' id='word_1_542' title='bbox 1680 2837 1869 2929; x_wconf 88' lang='lat' dir='ltr'>impositae</span> <span class='ocrx_word' id='word_1_543' title='bbox 1885 2855 1979 2913; x_wconf 79' lang='lat' dir='ltr'>sunt.</span> <span class='ocrx_word' id='word_1_544' title='bbox 2018 2841 2082 2911; x_wconf 88' lang='lat' dir='ltr'>Sol</span> 
     </span>
     <span class='ocr_line' id='line_1_80' title="bbox 1095 2938 2079 3013; baseline 0.007 -7"><span class='ocrx_word' id='word_1_545' title='bbox 1095 2939 1235 3007; x_wconf 86' lang='lat' dir='ltr'>coniicit</span> <span class='ocrx_word' id='word_1_546' title='bbox 1260 2939 1387 3008; x_wconf 89' lang='lat' dir='ltr'>ordine</span> <span class='ocrx_word' id='word_1_547' title='bbox 1408 2964 1491 3009; x_wconf 89' lang='lat' dir='ltr'>suos</span> <span class='ocrx_word' id='word_1_548' title='bbox 1514 2963 1646 3010; x_wconf 80' lang='lat' dir='ltr'>cttrsus.</span> <span class='ocrx_word' id='word_1_549' title='bbox 1698 2939 1838 3012; x_wconf 89' lang='lat' dir='ltr'>Bestiae</span> <span class='ocrx_word' id='word_1_550' title='bbox 1855 2938 2079 3013; x_wconf 89' lang='lat' dir='ltr'>habentmo-</span> 
     </span>
     <span class='ocr_line' id='line_1_81' title="bbox 1096 3042 2081 3132; baseline 0.009 -25"><span class='ocrx_word' id='word_1_551' title='bbox 1096 3053 1152 3111; x_wconf 90' lang='lat' dir='ltr'>tus</span> <span class='ocrx_word' id='word_1_552' title='bbox 1168 3056 1402 3132; x_wconf 90' lang='lat' dir='ltr'>congruentes</span> <span class='ocrx_word' id='word_1_553' title='bbox 1418 3042 1576 3129; x_wconf 89' lang='lat' dir='ltr'>naturali</span> <span class='ocrx_word' id='word_1_554' title='bbox 1591 3042 1816 3113; x_wconf 88' lang='lat' dir='ltr'>inclinationi</span> <span class='ocrx_word' id='word_1_555' title='bbox 1833 3070 1930 3117; x_wconf 92' lang='lat' dir='ltr'>suae.</span> <span class='ocrx_word' id='word_1_556' title='bbox 1983 3047 2081 3116; x_wconf 88' lang='lat' dir='ltr'>Tan·</span> 
     </span>
     <span class='ocr_line' id='line_1_82' title="bbox 1095 3138 2081 3243; baseline 0.008 -32"><span class='ocrx_word' id='word_1_557' title='bbox 1095 3156 1172 3212; x_wconf 89' lang='lat' dir='ltr'>turn</span> <span class='ocrx_word' id='word_1_558' title='bbox 1194 3138 1358 3214; x_wconf 89' lang='lat' dir='ltr'>homines</span> <span class='ocrx_word' id='word_1_559' title='bbox 1380 3169 1455 3213; x_wconf 93' lang='lat' dir='ltr'>non</span> <span class='ocrx_word' id='word_1_560' title='bbox 1477 3146 1725 3236; x_wconf 89' lang='lat' dir='ltr'>obtemperant</span> <span class='ocrx_word' id='word_1_561' title='bbox 1747 3146 1790 3216; x_wconf 91' lang='lat' dir='ltr'>iis</span> <span class='ocrx_word' id='word_1_562' title='bbox 1811 3148 1965 3238; x_wconf 92' lang='lat' dir='ltr'>legibus,</span> <span class='ocrx_word' id='word_1_563' title='bbox 1991 3174 2081 3243; x_wconf 87' lang='lat' dir='ltr'>quas</span> 
     </span>
     <span class='ocr_line' id='line_1_83' title="bbox 1095 3244 2079 3339; baseline 0.007 -26"><span class='ocrx_word' id='word_1_564' title='bbox 1095 3244 1191 3316; x_wconf 91' lang='lat' dir='ltr'>Deus</span> <span class='ocrx_word' id='word_1_565' title='bbox 1207 3245 1293 3339; x_wconf 89' lang='lat' dir='ltr'>ipsis</span> <span class='ocrx_word' id='word_1_566' title='bbox 1308 3246 1447 3318; x_wconf 91' lang='lat' dir='ltr'>indidit.</span> <span class='ocrx_word' id='word_1_567' title='bbox 1499 3246 1613 3318; x_wconf 90' lang='lat' dir='ltr'>Huius</span> <span class='ocrx_word' id='word_1_568' title='bbox 1630 3248 1827 3319; x_wconf 86' lang='lat' dir='ltr'>discordiae</span> <span class='ocrx_word' id='word_1_569' title='bbox 1844 3275 1987 3322; x_wconf 87' lang='lat' dir='ltr'>causam</span> <span class='ocrx_word' id='word_1_570' title='bbox 2003 3254 2079 3322; x_wconf 90' lang='lat' dir='ltr'>sola</span> 
     </span>
     <span class='ocr_line' id='line_1_84' title="bbox 1096 3346 2081 3445; baseline 0.006 -27"><span class='ocrx_word' id='word_1_571' title='bbox 1096 3348 1257 3418; x_wconf 90' lang='lat' dir='ltr'>doctrina</span> <span class='ocrx_word' id='word_1_572' title='bbox 1275 3346 1476 3420; x_wconf 88' lang='lat' dir='ltr'>Christiana</span> <span class='ocrx_word' id='word_1_573' title='bbox 1500 3351 1668 3441; x_wconf 84' lang='lat' dir='ltr'>explicat,</span> <span class='ocrx_word' id='word_1_574' title='bbox 1696 3375 1788 3445; x_wconf 91' lang='lat' dir='ltr'>quae</span> <span class='ocrx_word' id='word_1_575' title='bbox 1811 3353 1966 3424; x_wconf 90' lang='lat' dir='ltr'>ostendit</span> <span class='ocrx_word' id='word_1_576' title='bbox 1983 3378 2081 3424; x_wconf 90' lang='lat' dir='ltr'>mor-</span> 
     </span>
     <span class='ocr_line' id='line_1_85' title="bbox 1094 3448 2079 3544; baseline 0.008 -25"><span class='ocrx_word' id='word_1_577' title='bbox 1094 3452 1180 3521; x_wconf 92' lang='lat' dir='ltr'>bum</span> <span class='ocrx_word' id='word_1_578' title='bbox 1195 3450 1361 3541; x_wconf 89' lang='lat' dir='ltr'>originis,</span> <span class='ocrx_word' id='word_1_579' title='bbox 1386 3448 1455 3521; x_wconf 89' lang='lat' dir='ltr'>hoc</span> <span class='ocrx_word' id='word_1_580' title='bbox 1473 3464 1545 3535; x_wconf 87' lang='lat' dir='ltr'>est,</span> <span class='ocrx_word' id='word_1_581' title='bbox 1565 3455 1833 3544; x_wconf 75' lang='lat' dir='ltr'>coemptionem</span> <span class='ocrx_word' id='word_1_582' title='bbox 1848 3469 1999 3526; x_wconf 88' lang='lat' dir='ltr'>naturae</span> <span class='ocrx_word' id='word_1_583' title='bbox 2013 3453 2079 3528; x_wconf 92' lang='lat' dir='ltr'>hu-</span> 
     </span>
     <span class='ocr_line' id='line_1_86' title="bbox 1094 3550 2079 3637; baseline 0.007 -16"><span class='ocrx_word' id='word_1_584' title='bbox 1094 3576 1223 3622; x_wconf 89' lang='lat' dir='ltr'>manae</span> <span class='ocrx_word' id='word_1_585' title='bbox 1253 3578 1396 3624; x_wconf 89' lang='lat' dir='ltr'>eausam</span> <span class='ocrx_word' id='word_1_586' title='bbox 1418 3579 1491 3624; x_wconf 92' lang='lat' dir='ltr'>esse</span> <span class='ocrx_word' id='word_1_587' title='bbox 1513 3550 1619 3625; x_wconf 91' lang='lat' dir='ltr'>huius</span> <span class='ocrx_word' id='word_1_588' title='bbox 1642 3556 1853 3637; x_wconf 83' lang='lat' dir='ltr'>discordiae.</span> <span class='ocrx_word' id='word_1_589' title='bbox 1921 3559 1959 3627; x_wconf 89' lang='lat' dir='ltr'>Si</span> <span class='ocrx_word' id='word_1_590' title='bbox 1983 3559 2079 3628; x_wconf 88' lang='lat' dir='ltr'>enim</span> 
     </span>
     <span class='ocr_line' id='line_1_87' title="bbox 1094 3651 2080 3752; baseline 0.01 -29"><span class='ocrx_word' id='word_1_591' title='bbox 1094 3667 1224 3726; x_wconf 90' lang='lat' dir='ltr'>natura</span> <span class='ocrx_word' id='word_1_592' title='bbox 1246 3651 1403 3728; x_wconf 91' lang='lat' dir='ltr'>hominis</span> <span class='ocrx_word' id='word_1_593' title='bbox 1424 3680 1500 3725; x_wconf 93' lang='lat' dir='ltr'>non</span> <span class='ocrx_word' id='word_1_594' title='bbox 1523 3670 1612 3726; x_wconf 89' lang='lat' dir='ltr'>esset</span> <span class='ocrx_word' id='word_1_595' title='bbox 1631 3671 1800 3751; x_wconf 90' lang='lat' dir='ltr'>corrupta</span> <span class='ocrx_word' id='word_1_596' title='bbox 1815 3659 1903 3729; x_wconf 82' lang='lat' dir='ltr'>vitio</span> <span class='ocrx_word' id='word_1_597' title='bbox 1919 3661 2080 3752; x_wconf 85' lang='lat' dir='ltr'>originis,</span> 
     </span>
     <span class='ocr_line' id='line_1_88' title="bbox 1095 3758 2078 3852; baseline 0.007 -25"><span class='ocrx_word' id='word_1_598' title='bbox 1095 3782 1221 3828; x_wconf 91' lang='lat' dir='ltr'>omnes</span> <span class='ocrx_word' id='word_1_599' title='bbox 1242 3759 1387 3830; x_wconf 84' lang='lat' dir='ltr'>affectus</span> <span class='ocrx_word' id='word_1_600' title='bbox 1410 3758 1598 3829; x_wconf 90' lang='lat' dir='ltr'>obedirent</span> <span class='ocrx_word' id='word_1_601' title='bbox 1615 3761 1685 3852; x_wconf 90' lang='lat' dir='ltr'>legi</span> <span class='ocrx_word' id='word_1_602' title='bbox 1701 3760 1789 3845; x_wconf 90' lang='lat' dir='ltr'>Dei,</span> <span class='ocrx_word' id='word_1_603' title='bbox 1816 3776 1851 3833; x_wconf 90' lang='lat' dir='ltr'>ct</span> <span class='ocrx_word' id='word_1_604' title='bbox 1874 3764 2007 3834; x_wconf 92' lang='lat' dir='ltr'>iudicio</span> <span class='ocrx_word' id='word_1_605' title='bbox 2024 3788 2078 3834; x_wconf 91' lang='lat' dir='ltr'>re-</span> 
     </span>
     <span class='ocr_line' id='line_1_89' title="bbox 1095 3858 2078 3936; baseline 0.004 -7"><span class='ocrx_word' id='word_1_606' title='bbox 1095 3873 1171 3931; x_wconf 90' lang='lat' dir='ltr'>ctae</span> <span class='ocrx_word' id='word_1_607' title='bbox 1194 3861 1356 3934; x_wconf 90' lang='lat' dir='ltr'>rationis.</span> <span class='ocrx_word' id='word_1_608' title='bbox 1406 3862 1500 3932; x_wconf 88' lang='lat' dir='ltr'>Nam</span> <span class='ocrx_word' id='word_1_609' title='bbox 1521 3866 1568 3931; x_wconf 91' lang='lat' dir='ltr'>ad</span> <span class='ocrx_word' id='word_1_610' title='bbox 1584 3858 1677 3932; x_wconf 92' lang='lat' dir='ltr'>hanc</span> <span class='ocrx_word' id='word_1_611' title='bbox 1700 3863 1940 3935; x_wconf 87' lang='lat' dir='ltr'>obedientiam</span> <span class='ocrx_word' id='word_1_612' title='bbox 1962 3862 2078 3936; x_wconf 91' lang='lat' dir='ltr'>homi·</span> 
     </span>
     <span class='ocr_line' id='line_1_90' title="bbox 1094 3964 2078 4050; baseline 0.005 -18"><span class='ocrx_word' id='word_1_613' title='bbox 1094 3987 1157 4034; x_wconf 89' lang='lat' dir='ltr'>nes</span> <span class='ocrx_word' id='word_1_614' title='bbox 1177 3964 1311 4033; x_wconf 88' lang='lat' dir='ltr'>conditi</span> <span class='ocrx_word' id='word_1_615' title='bbox 1333 3977 1435 4047; x_wconf 91' lang='lat' dir='ltr'>sunt,</span> <span class='ocrx_word' id='word_1_616' title='bbox 1461 3965 1552 4034; x_wconf 85' lang='lat' dir='ltr'>sicut</span> <span class='ocrx_word' id='word_1_617' title='bbox 1575 3967 1621 4034; x_wconf 89' lang='lat' dir='ltr'>ad</span> <span class='ocrx_word' id='word_1_618' title='bbox 1642 3967 1802 4037; x_wconf 85' lang='lat' dir='ltr'>volatum</span> <span class='ocrx_word' id='word_1_619' title='bbox 1828 3993 1929 4050; x_wconf 90' lang='lat' dir='ltr'>aves,</span> <span class='ocrx_word' id='word_1_620' title='bbox 1956 3970 2001 4037; x_wconf 91' lang='lat' dir='ltr'>ad</span> <span class='ocrx_word' id='word_1_621' title='bbox 2015 3993 2078 4037; x_wconf 87' lang='lat' dir='ltr'>na·</span> 
     </span>
     <span class='ocr_line' id='line_1_91' title="bbox 1094 4067 2077 4162; baseline 0.005 -28"><span class='ocrx_word' id='word_1_622' title='bbox 1094 4067 1244 4136; x_wconf 84' lang='lat' dir='ltr'>tandum</span> <span class='ocrx_word' id='word_1_623' title='bbox 1260 4067 1383 4157; x_wconf 87' lang='lat' dir='ltr'>pisces,</span> <span class='ocrx_word' id='word_1_624' title='bbox 1405 4092 1530 4138; x_wconf 90' lang='lat' dir='ltr'>verum</span> <span class='ocrx_word' id='word_1_625' title='bbox 1548 4068 1632 4162; x_wconf 90' lang='lat' dir='ltr'>quia</span> <span class='ocrx_word' id='word_1_626' title='bbox 1648 4081 1816 4160; x_wconf 81' lang='lat' dir='ltr'>cornrpta</span> <span class='ocrx_word' id='word_1_627' title='bbox 1833 4082 1886 4138; x_wconf 90' lang='lat' dir='ltr'>est</span> <span class='ocrx_word' id='word_1_628' title='bbox 1900 4069 1989 4139; x_wconf 86' lang='lat' dir='ltr'>vitio</span> <span class='ocrx_word' id='word_1_629' title='bbox 2008 4072 2077 4139; x_wconf 91' lang='lat' dir='ltr'>ori·</span> 
     </span>
     <span class='ocr_line' id='line_1_92' title="bbox 1095 4164 2076 4259; baseline 0.008 -24"><span class='ocrx_word' id='word_1_630' title='bbox 1095 4167 1187 4259; x_wconf 85' lang='lat' dir='ltr'>ginis</span> <span class='ocrx_word' id='word_1_631' title='bbox 1210 4164 1366 4238; x_wconf 89' lang='lat' dir='ltr'>humana</span> <span class='ocrx_word' id='word_1_632' title='bbox 1387 4182 1535 4254; x_wconf 86' lang='lat' dir='ltr'>natura,</span> <span class='ocrx_word' id='word_1_633' title='bbox 1563 4171 1680 4240; x_wconf 90' lang='lat' dir='ltr'>amisit</span> <span class='ocrx_word' id='word_1_634' title='bbox 1697 4173 1836 4239; x_wconf 87' lang='lat' dir='ltr'>firmam</span> <span class='ocrx_word' id='word_1_635' title='bbox 1853 4183 1888 4240; x_wconf 92' lang='lat' dir='ltr'>et</span> <span class='ocrx_word' id='word_1_636' title='bbox 1904 4170 2076 4243; x_wconf 88' lang='lat' dir='ltr'>illustrem</span> 
     </span>
     <span class='ocr_line' id='line_1_93' title="bbox 1094 4267 2077 4357; baseline 0.007 -18"><span class='ocrx_word' id='word_1_637' title='bbox 1094 4270 1162 4341; x_wconf 89' lang='lat' dir='ltr'>Dei</span> <span class='ocrx_word' id='word_1_638' title='bbox 1182 4272 1368 4357; x_wconf 89' lang='lat' dir='ltr'>notitiam,</span> <span class='ocrx_word' id='word_1_639' title='bbox 1402 4284 1438 4341; x_wconf 88' lang='lat' dir='ltr'>et</span> <span class='ocrx_word' id='word_1_640' title='bbox 1457 4273 1588 4343; x_wconf 90' lang='lat' dir='ltr'>virium</span> <span class='ocrx_word' id='word_1_641' title='bbox 1616 4273 1711 4341; x_wconf 91' lang='lat' dir='ltr'>inter</span> <span class='ocrx_word' id='word_1_642' title='bbox 1732 4297 1770 4342; x_wconf 94' lang='lat' dir='ltr'>se</span> <span class='ocrx_word' id='word_1_643' title='bbox 1791 4267 2019 4344; x_wconf 89' lang='lat' dir='ltr'>harmoniam</span> <span class='ocrx_word' id='word_1_644' title='bbox 2042 4290 2077 4346; x_wconf 88' lang='lat' dir='ltr'>et</span> 
     </span>
     <span class='ocr_line' id='line_1_94' title="bbox 1095 4370 2078 4469; baseline 0.008 -27"><span class='ocrx_word' id='word_1_645' title='bbox 1095 4374 1347 4446; x_wconf 89' lang='lat' dir='ltr'>obedientiam.</span> <span class='ocrx_word' id='word_1_646' title='bbox 1397 4375 1501 4445; x_wconf 87' lang='lat' dir='ltr'>Nunc</span> <span class='ocrx_word' id='word_1_647' title='bbox 1515 4376 1623 4467; x_wconf 89' lang='lat' dir='ltr'>igitur</span> <span class='ocrx_word' id='word_1_648' title='bbox 1635 4399 1736 4444; x_wconf 90' lang='lat' dir='ltr'>mens</span> <span class='ocrx_word' id='word_1_649' title='bbox 1750 4370 1907 4445; x_wconf 89' lang='lat' dir='ltr'>humana</span> <span class='ocrx_word' id='word_1_650' title='bbox 1922 4402 1989 4469; x_wconf 90' lang='lat' dir='ltr'>per</span> <span class='ocrx_word' id='word_1_651' title='bbox 2004 4405 2078 4450; x_wconf 86' lang='lat' dir='ltr'>sese</span> 
     </span>
     <span class='ocr_line' id='line_1_95' title="bbox 1094 4476 2077 4562; baseline 0.006 -16"><span class='ocrx_word' id='word_1_652' title='bbox 1094 4477 1235 4547; x_wconf 90' lang='lat' dir='ltr'>dubitat</span> <span class='ocrx_word' id='word_1_653' title='bbox 1250 4479 1294 4546; x_wconf 91' lang='lat' dir='ltr'>de</span> <span class='ocrx_word' id='word_1_654' title='bbox 1311 4476 1409 4560; x_wconf 90' lang='lat' dir='ltr'>Deo,</span> <span class='ocrx_word' id='word_1_655' title='bbox 1430 4481 1540 4546; x_wconf 87' lang='lat' dir='ltr'>vacat&#39;</span> <span class='ocrx_word' id='word_1_656' title='bbox 1549 4477 1678 4548; x_wconf 88' lang='lat' dir='ltr'>timore</span> <span class='ocrx_word' id='word_1_657' title='bbox 1694 4476 1783 4562; x_wconf 88' lang='lat' dir='ltr'>Dei,</span> <span class='ocrx_word' id='word_1_658' title='bbox 1809 4490 1912 4548; x_wconf 88' lang='lat' dir='ltr'>vacat</span> <span class='ocrx_word' id='word_1_659' title='bbox 1926 4483 1994 4550; x_wconf 89' lang='lat' dir='ltr'>lide</span> <span class='ocrx_word' id='word_1_660' title='bbox 2012 4497 2077 4552; x_wconf 88' lang='lat' dir='ltr'>etc.</span> 
     </span>
     <span class='ocr_line' id='line_1_96' title="bbox 1092 4578 2077 4678; baseline 0.003 -28"><span class='ocrx_word' id='word_1_661' title='bbox 1092 4578 1148 4657; x_wconf 83' lang='lat' dir='ltr'>Et</span> <span class='ocrx_word' id='word_1_662' title='bbox 1161 4580 1199 4648; x_wconf 91' lang='lat' dir='ltr'>in</span> <span class='ocrx_word' id='word_1_663' title='bbox 1222 4580 1450 4651; x_wconf 85' lang='lat' dir='ltr'>inferioribus</span> <span class='ocrx_word' id='word_1_664' title='bbox 1465 4578 1600 4652; x_wconf 81' lang='lat' dir='ltr'>viribus</span> <span class='ocrx_word' id='word_1_665' title='bbox 1617 4593 1669 4651; x_wconf 90' lang='lat' dir='ltr'>est</span> <span class='ocrx_word' id='word_1_666' title='bbox 1693 4580 1959 4668; x_wconf 89' lang='lat' dir='ltr'>inobedientia,</span> <span class='ocrx_word' id='word_1_667' title='bbox 1986 4610 2077 4678; x_wconf 83' lang='lat' dir='ltr'>quae</span> 
     </span>
     <span class='ocr_line' id='line_1_97' title="bbox 1093 4681 2077 4775; baseline 0.004 -24"><span class='ocrx_word' id='word_1_668' title='bbox 1093 4682 1189 4775; x_wconf 90' lang='lat' dir='ltr'>parit</span> <span class='ocrx_word' id='word_1_669' title='bbox 1203 4681 1359 4754; x_wconf 86' lang='lat' dir='ltr'>infinitas</span> <span class='ocrx_word' id='word_1_670' title='bbox 1373 4681 1595 4753; x_wconf 89' lang='lat' dir='ltr'>inordinatas</span> <span class='ocrx_word' id='word_1_671' title='bbox 1615 4682 1845 4775; x_wconf 88' lang='lat' dir='ltr'>cupiditates,</span> <span class='ocrx_word' id='word_1_672' title='bbox 1872 4697 1907 4754; x_wconf 90' lang='lat' dir='ltr'>et</span> <span class='ocrx_word' id='word_1_673' title='bbox 1920 4711 1995 4754; x_wconf 93' lang='lat' dir='ltr'>non</span> <span class='ocrx_word' id='word_1_674' title='bbox 2016 4690 2077 4755; x_wconf 93' lang='lat' dir='ltr'>ob-</span> 
     </span>
     <span class='ocr_line' id='line_1_98' title="bbox 1093 4783 2075 4878; baseline 0.005 -23"><span class='ocrx_word' id='word_1_675' title='bbox 1093 4798 1332 4878; x_wconf 78' lang='lat' dir='ltr'>temperantes</span> <span class='ocrx_word' id='word_1_676' title='bbox 1359 4784 1427 4874; x_wconf 88' lang='lat' dir='ltr'>legi</span> <span class='ocrx_word' id='word_1_677' title='bbox 1450 4783 1536 4871; x_wconf 89' lang='lat' dir='ltr'>Dei,</span> <span class='ocrx_word' id='word_1_678' title='bbox 1569 4797 1605 4856; x_wconf 87' lang='lat' dir='ltr'>et</span> <span class='ocrx_word' id='word_1_679' title='bbox 1630 4797 1750 4856; x_wconf 89' lang='lat' dir='ltr'>tamen</span> <span class='ocrx_word' id='word_1_680' title='bbox 1771 4786 1914 4856; x_wconf 89' lang='lat' dir='ltr'>interim</span> <span class='ocrx_word' id='word_1_681' title='bbox 1937 4813 2075 4860; x_wconf 88' lang='lat' dir='ltr'>manse-</span> 
     </span>
     <span class='ocr_line' id='line_1_99' title="bbox 1092 4887 2076 4984; baseline 0.005 -26"><span class='ocrx_word' id='word_1_682' title='bbox 1092 4901 1179 4958; x_wconf 92' lang='lat' dir='ltr'>runt</span> <span class='ocrx_word' id='word_1_683' title='bbox 1198 4887 1310 4983; x_wconf 91' lang='lat' dir='ltr'>aliqui</span> <span class='ocrx_word' id='word_1_684' title='bbox 1328 4887 1417 4957; x_wconf 92' lang='lat' dir='ltr'>boni</span> <span class='ocrx_word' id='word_1_685' title='bbox 1439 4889 1604 4971; x_wconf 84' lang='lat' dir='ltr'>affectus,</span> <span class='ocrx_word' id='word_1_686' title='bbox 1631 4889 1694 4984; x_wconf 91' lang='lat' dir='ltr'>qui</span> <span class='ocrx_word' id='word_1_687' title='bbox 1710 4902 1898 4960; x_wconf 89' lang='lat' dir='ltr'>versantur</span> <span class='ocrx_word' id='word_1_688' title='bbox 1912 4890 2005 4961; x_wconf 90' lang='lat' dir='ltr'>circa</span> <span class='ocrx_word' id='word_1_689' title='bbox 2021 4920 2076 4964; x_wconf 91' lang='lat' dir='ltr'>res</span> 
     </span>
     <span class='ocr_line' id='line_1_100' title="bbox 1092 4990 2075 5075; baseline 0.002 -11"><span class='ocrx_word' id='word_1_690' title='bbox 1092 4991 1266 5064; x_wconf 82' lang='lat' dir='ltr'>subiectas</span> <span class='ocrx_word' id='word_1_691' title='bbox 1295 4990 1475 5075; x_wconf 91' lang='lat' dir='ltr'>sensibus,</span> <span class='ocrx_word' id='word_1_692' title='bbox 1508 4990 1672 5060; x_wconf 87' lang='lat' dir='ltr'>videlicet</span> <span class='ocrx_word' id='word_1_693' title='bbox 1699 4990 1791 5061; x_wconf 90' lang='lat' dir='ltr'>circa</span> <span class='ocrx_word' id='word_1_694' title='bbox 1824 4992 1964 5063; x_wconf 88' lang='lat' dir='ltr'>civilem</span> <span class='ocrx_word' id='word_1_695' title='bbox 1992 5021 2075 5066; x_wconf 91' lang='lat' dir='ltr'>con-</span> 
     </span>
    </p>
   </div>
   <div class='ocr_carea' id='block_1_13' title="bbox 1095 5149 1302 5165">
    <p class='ocr_par' dir='ltr' id='par_1_17' title="bbox 1095 5149 1302 5165">
     <span class='ocr_line' id='line_1_101' title="bbox 1095 5149 1302 5165; baseline 0 -2"><span class='ocrx_word' id='word_1_696' title='bbox 1095 5149 1302 5165; x_wconf 51' lang='lat' dir='ltr'><em>m</em></span> 
     </span>
    </p>
   </div>
   <div class='ocr_carea' id='block_1_14' title="bbox 1125 5221 2075 5496">
    <p class='ocr_par' dir='ltr' id='par_1_18' title="bbox 1125 5221 2075 5496">
     <span class='ocr_line' id='line_1_102' title="bbox 1125 5221 2075 5301; baseline -0.002 -22"><span class='ocrx_word' id='word_1_697' title='bbox 1125 5226 1176 5287; x_wconf 70' lang='lat'>⁶0)</span> <span class='ocrx_word' id='word_1_698' title='bbox 1201 5226 1257 5278; x_wconf 79' lang='lat' dir='ltr'>Sed</span> <span class='ocrx_word' id='word_1_699' title='bbox 1279 5221 1575 5301; x_wconf 56' lang='lat' dir='ltr'>biorpbiiosopiaos]</span> <span class='ocrx_word' id='word_1_700' title='bbox 1601 5223 1652 5272; x_wconf 75' lang='lat' dir='ltr'>ild.</span> <span class='ocrx_word' id='word_1_701' title='bbox 1672 5221 1748 5273; x_wconf 73' lang='lat'>¹5³8.</span> <span class='ocrx_word' id='word_1_702' title='bbox 1780 5224 1907 5287; x_wconf 78' lang='lat' dir='ltr'>„Magna</span> <span class='ocrx_word' id='word_1_703' title='bbox 1932 5225 2075 5277; x_wconf 83' lang='lat' dir='ltr'>admiratio</span> 
     </span>
     <span class='ocr_line' id='line_1_103' title="bbox 1161 5287 2074 5358; baseline -0.001 -13"><span class='ocrx_word' id='word_1_704' title='bbox 1161 5307 1270 5358; x_wconf 84' lang='lat' dir='ltr'>semper</span> <span class='ocrx_word' id='word_1_705' title='bbox 1294 5292 1381 5344; x_wconf 85' lang='lat' dir='ltr'>tenuit</span> <span class='ocrx_word' id='word_1_706' title='bbox 1404 5293 1481 5343; x_wconf 85' lang='lat' dir='ltr'>viros</span> <span class='ocrx_word' id='word_1_707' title='bbox 1506 5287 1676 5354; x_wconf 86' lang='lat' dir='ltr'>sapientes.”</span> <span class='ocrx_word' id='word_1_708' title='bbox 1719 5293 1761 5341; x_wconf 76' lang='grc' dir='ltr'>ΔΙ)</span> <span class='ocrx_word' id='word_1_709' title='bbox 1786 5292 1829 5340; x_wconf 78' lang='lat' dir='ltr'>iiis</span> <span class='ocrx_word' id='word_1_710' title='bbox 1853 5292 1946 5341; x_wconf 83' lang='lat' dir='ltr'>verbis</span> <span class='ocrx_word' id='word_1_711' title='bbox 1971 5295 1998 5343; x_wconf 92' lang='lat' dir='ltr'>in</span> <span class='ocrx_word' id='word_1_712' title='bbox 2024 5298 2074 5345; x_wconf 76' lang='lat' dir='ltr'>isac</span> 
     </span>
     <span class='ocr_line' id='line_1_104' title="bbox 1160 5358 2075 5425; baseline -0.003 -8"><span class='ocrx_word' id='word_1_713' title='bbox 1160 5364 1279 5417; x_wconf 75' lang='lat' dir='ltr'>editione</span> <span class='ocrx_word' id='word_1_714' title='bbox 1296 5363 1390 5425; x_wconf 88' lang='lat' dir='ltr'>incipit</span> <span class='ocrx_word' id='word_1_715' title='bbox 1408 5361 1552 5423; x_wconf 82' lang='lat' dir='ltr'>responsio</span> <span class='ocrx_word' id='word_1_716' title='bbox 1567 5358 1754 5424; x_wconf 76' lang='lat' dir='ltr'>quaestionis:</span> <span class='ocrx_word' id='word_1_717' title='bbox 1774 5360 1853 5412; x_wconf 78' lang='lat' dir='ltr'>[inde</span> <span class='ocrx_word' id='word_1_718' title='bbox 1869 5364 1936 5411; x_wconf 84' lang='lat' dir='ltr'>orta</span> <span class='ocrx_word' id='word_1_719' title='bbox 1949 5364 1993 5415; x_wconf 80' lang='lat' dir='ltr'>esi</span> <span class='ocrx_word' id='word_1_720' title='bbox 2004 5365 2075 5417; x_wconf 80' lang='lat' dir='ltr'>iaec</span> 
     </span>
     <span class='ocr_line' id='line_1_105' title="bbox 1161 5427 1878 5496; baseline -0.014 -9"><span class='ocrx_word' id='word_1_721' title='bbox 1161 5432 1372 5486; x_wconf 77' lang='lat' dir='ltr'>dissimilitudo</span> <span class='ocrx_word' id='word_1_722' title='bbox 1393 5428 1551 5496; x_wconf 59' lang='lat' dir='ltr'>offertum</span> <span class='ocrx_word' id='word_1_723' title='bbox 1568 5431 1603 5479; x_wconf 76' lang='lat' dir='ltr'>in</span> <span class='ocrx_word' id='word_1_724' title='bbox 1614 5429 1728 5480; x_wconf 74' lang='lat' dir='ltr'>natare</span> <span class='ocrx_word' id='word_1_725' title='bbox 1746 5427 1878 5481; x_wconf 73' lang='lat' dir='ltr'>bominis.</span> 
     </span>
    </p>
   </div>
   <div class='ocr_carea' id='block_1_15' title="bbox 1397 5498 1455 5569">
    <p class='ocr_par' dir='ltr' id='par_1_19' title="bbox 1397 5498 1455 5569">
     <span class='ocr_line' id='line_1_106' title="bbox 1397 5498 1455 5569; baseline 0 -33"><span class='ocrx_word' id='word_1_726' title='bbox 1397 5498 1455 5569; x_wconf 71' lang='lat'>4.</span> 
     </span>
    </p>
   </div>
   <div class='ocr_carea' id='block_1_16' title="bbox 0 0 2276 5766">
    <p class='ocr_par' dir='ltr' id='par_1_20' title="bbox 0 0 2276 5766">
     <span class='ocr_line' id='line_1_107' title="bbox 0 0 2276 5766; baseline 0 2"><span class='ocrx_word' id='word_1_727' title='bbox 0 0 2276 5766; x_wconf 95' lang='lat' dir='ltr'> </span> 
     </span>
    </p>
   </div>
  </div>
 </body>
</html>
