4544 5766
202 205 271 275 1s1
476 195 677 271 scauri
700 194 777 271 ru,
800 192 915 270 uas.
938 192 1007 268 au
1030 193 1240 272 snumu
1265 194 1335 271 ur
1349 196 1613 273 trosmcuu
1637 195 1949 274 sescrauna
2142 179 2224 276 tsi

200 370 407 455 dominam,
433 373 604 442 sentimus
626 370 765 456 Deum,
800 371 864 466 qui
884 381 937 443 est
957 369 1185 456 anterioris,
1235 395 1303 441 nec
1320 370 1483 468 requirat
1503 384 1696 465 punctum,
1729 388 1793 445 seu
1814 371 1974 443 medium
1997 366 2229 445 indivisibile.

90 472 94 479 ’
199 502 274 547 esse
296 475 505 546 Dominum.
1236 475 1329 546 Nam
1361 487 1397 544 et
1427 475 1524 567 ipsae
1555 476 1649 567 leges
1671 479 1802 546 docent
1826 475 1986 545 medium
2011 474 2227 545 sumendum

301 577 380 647 lluc
394 577 550 668 pertinet
565 578 768 670 exemplum
782 570 972 659 huiusi,
991 572 1108 672 (aa),
1123 575 1186 644 uhi
1237 603 1311 648 esse
1335 576 1376 652 ἐν
1396 574 1542 664 πλάτει,
1566 578 1604 647 id
1628 591 1700 662 est,
1725 578 1764 647 in
1786 578 1906 672 aliqua
1930 575 2138 660 latitudine,
2159 599 2228 647 nee

201 682 252 750 ait
266 680 462 749 Dominus:
490 680 605 748 Terra
626 704 707 749 mea
734 693 805 764 est,
835 704 898 749 vos
921 677 1003 749 estis
1026 681 1185 748 advenae
1236 705 1339 772 posse
1369 703 1480 749 unam
1508 693 1649 751 tantum
1675 682 1830 750 sormam
1850 681 1890 749 in
1910 680 2041 751 talibus
2072 678 2227 771 negotiis

201 797 237 852 et
253 782 371 851 coloni
383 782 467 854 mei.
517 780 594 851 Etsi
610 795 728 852 autem
744 783 870 875 politia
886 780 994 850 Moisi
1016 806 1091 850 non
1105 806 1186 873 per·
1237 782 1503 852 indivisibiliter
1523 781 1704 855 constitui.
1893 866 1896 871 Ι

200 887 290 954 tinet
304 886 350 953 ad
363 909 450 968 uos,
476 898 598 955 tamen
611 881 681 954 hoc
701 887 901 978 exemplum
920 897 1045 954 monet
1057 886 1186 954 debere
1337 885 1526 955 Sciendum
1543 899 1595 957 est
1610 898 1731 955 autem
1746 897 1816 956 tres
1831 907 1907 955 esse
1926 885 2062 954 formas
2082 894 2226 957 contras

199 1013 266 1057 nos
281 987 336 1058 uti
348 989 454 1056 rebus
480 988 550 1072 ita,
573 1000 615 1057 ut
637 1013 869 1080 agnoscamus
883 986 1001 1057 Deum
1022 1012 1096 1058 esse
1112 986 1186 1056 Do·
1238 1000 1314 1057 ctus
1328 988 1597 1080 redemptionis,
1623 991 1668 1056 de
1684 987 1813 1082 quihus
1828 987 2062 1080 disputamus.
2098 985 2225 1058 Prima

199 1089 338 1160 minum
353 1115 488 1175 rerum,
503 1103 539 1159 et
553 1114 619 1160 nos
635 1093 732 1161 velut
745 1093 891 1162 colonos
899 1089 967 1159 Dei
976 1103 1041 1161 etc.
1065 1090 1186 1183 Quare
1236 1091 1352 1159 forma
1371 1104 1442 1174 est,
1469 1093 1614 1184 quando
1631 1090 1762 1160 emitur
1778 1102 1893 1160 certus
1904 1089 2036 1161 fundus
2059 1111 2144 1160 cum
2162 1112 2226 1181 pa·

198 1217 275 1262 nou
289 1195 457 1262 debemus
474 1193 528 1262 uti
541 1195 648 1264 rebus
664 1219 730 1286 pro
747 1208 869 1265 nostra
886 1193 1046 1277 libidine,
1062 1206 1185 1263 contra
1238 1205 1294 1262 cto
1311 1195 1354 1262 de
1370 1196 1611 1265 revendendo.
1649 1193 1811 1264 Secunda
1826 1194 1941 1262 forma
1961 1203 2014 1261 est
2028 1187 2113 1262 huic
2127 1190 2226 1263 simi

199 1297 421 1365 voluntatem
438 1295 606 1380 Domini,
633 1297 796 1366 videlicet
811 1299 898 1389 legis
916 1296 1037 1367 etDei.
1236 1295 1299 1379 lis,
1325 1298 1469 1390 quando
1493 1298 1623 1367 emitur
1645 1309 1762 1369 certus
1782 1295 1917 1365 reditus
1934 1294 1973 1362 in
1984 1295 2097 1365 fundo
2114 1307 2226 1369 certo.

302 1399 372 1468 Sed
387 1398 492 1467 venio
511 1401 558 1471 ad
577 1400 833 1494 quaestionem.
883 1400 1084 1470 Prudenter
1109 1421 1186 1467 mo·
1237 1397 1315 1466 Hae
1329 1400 1420 1468 duae
1434 1401 1572 1468 formae
1583 1411 1668 1470 sunt
1683 1423 1787 1468 verae
1795 1396 1843 1493 Ἢ)
1859 1396 2069 1490 emptiones.
2101 1396 2225 1491 Quare

199 1515 357 1571 nuerunt
382 1501 522 1572 Gcrson
554 1515 588 1571 et
615 1503 696 1587 alii,
728 1527 802 1573 non
832 1502 952 1572 statim
985 1514 1187 1571 contractus
1237 1497 1276 1569 hi
1293 1514 1495 1572 contractus
1507 1526 1584 1572 non
1600 1514 1683 1571 sunt
1697 1500 1863 1571 usurarii.
1920 1499 2014 1572 Nam
2035 1523 2146 1573 usura
2169 1524 2225 1571 ac·¹

88 1696 90 1703 ¹
199 1604 349 1674 usitatos
374 1604 584 1675 iudicandos
608 1630 682 1676 esse
704 1606 900 1676 usurarios.
975 1605 1065 1675 Cum
1089 1603 1184 1672 enim
1238 1603 1325 1673 cidit
1338 1617 1477 1688 mutuo,
1497 1628 1572 1673 non
1588 1603 1715 1673 accidit
1728 1601 1912 1695 emptioni.
1938 1601 2022 1673 Non
2036 1614 2225 1687 estmura,

200 1702 288 1775 haec
307 1708 380 1776 vita
393 1703 525 1777 haheat
539 1709 778 1779 contractibus
795 1733 902 1799 opus,
928 1720 964 1777 et
977 1731 1108 1797 magna
1124 1730 1186 1774 va·
1239 1732 1319 1776 cum
1343 1708 1478 1777 fructus
1494 1708 1589 1799 agri,
1616 1732 1724 1801 quem
1746 1707 1879 1776 usitato
1899 1704 1971 1773 emi
1994 1705 2135 1797 pretio,
2168 1730 2226 1777 su·

199 1809 307 1880 rictas
337 1811 491 1893 incidat,
524 1806 754 1901 reprehensio
790 1812 1005 1880 usitatorum
1044 1823 1186 1878 contra·
1237 1822 1366 1902 perant
1404 1811 1512 1901 pretii
1545 1834 1722 1881 summam
1758 1820 1909 1901 propter
1951 1807 2224 1885 diuturnitatem

200 1925 321 1981 ctuum
349 1927 385 1981 et
405 1912 637 1983 conscientias
670 1916 874 2005 perturbat,
900 1926 934 1981 et
962 1937 1110 2003 magnos
1132 1924 1187 1980 tu-
1236 1937 1332 1982 usus.
1383 1911 1457 1983 Nec
1478 1937 1586 1983 usura
1605 1925 1677 1996 est,
1704 1910 1734 1981 si
1758 1923 1918 2003 emptum
1943 1934 2069 2001 agrum
2092 1911 2224 1982 iterum

199 2014 333 2084 multus
351 2016 479 2083 excitat
503 2015 542 2082 in
564 2016 764 2108 republica,
789 2029 830 2086 ut
844 2016 1000 2085 vidimus
1015 2016 1186 2096 accidere,
1237 2017 1390 2084 vendam
1407 2015 1459 2082 illi
1474 2015 1561 2108 ipsi,
1586 2038 1695 2109 aquo
1712 2015 1794 2086 emi.
1827 2013 1897 2083 Sed
1913 2009 1972 2082 hic
1987 2013 2101 2086 multa
2117 2037 2225 2108 quae-

200 2141 282 2186 cum
296 2115 512 2210 Strucius²¹)
533 2118 712 2191 damnatis
736 2119 943 2210 simpliciter
966 2114 1021 2190 his
1045 2130 1186 2188 contra·
1237 2130 1379 2187 cuntur.

200 2219 325 2303 stibus,
350 2222 393 2288 de
409 2219 536 2314 quihus
549 2221 785 2313 disputamus,
806 2222 1017 2292 seditionem
1032 2221 1070 2289 in
1086 2215 1186 2289 'rhu-
1336 2220 1481 2303 Primo,
1508 2244 1555 2288 an
1574 2233 1718 2313 pactum
1740 2217 1959 2289 revendendi
1982 2232 2121 2310 pugnet
2141 2242 2224 2288 cum

199 2321 315 2412 ringia
333 2323 527 2393 excitasset.
576 2323 660 2393 ldeo
685 2325 874 2416 prudentia
898 2320 1098 2392 adhibenda
1122 2334 1185 2405 cst,
1236 2335 1365 2391 natura
1396 2321 1598 2414 emptionis.
1662 2319 1752 2393 Item
1775 2346 1823 2391 an
1847 2321 2005 2391 conditio
2031 2323 2076 2397 de
2099 2342 2226 2393 reven-

199 2444 245 2493 ne
260 2436 393 2494 temere
402 2425 667 2518 pronuntietur.
694 2428 763 2496 Sed
776 2440 926 2496 naturae
940 2438 1184 2496 contractuum
1237 2427 1354 2493 dendo
1370 2425 1562 2517 impediat,
1586 2449 1658 2518 quo
1676 2426 1795 2495 minus
1810 2438 1952 2517 emptor
1966 2426 2030 2493 fiat
2044 2424 2227 2507 dominus,

199 2526 448 2619 inspiciantur,
472 2541 507 2597 et
522 2529 560 2596 in
572 2529 763 2599 iudicando
778 2526 1015 2601 adhibeantur
1030 2528 1184 2598 eruditio
1238 2553 1318 2597 cum
1338 2552 1414 2596 non
1431 2529 1536 2597 liceat
1550 2528 1584 2596 ei
1595 2527 1642 2622 ῃ)
1661 2553 1737 2597 rem
1754 2530 1966 2610 transferre,
1990 2530 2052 2597 sed
2067 2527 2108 2596 in
2122 2540 2227 2619 pote·

200 2642 236 2698 et
257 2625 473 2701 humanitas.
536 2631 675 2702 Usurae
696 2626 906 2725 praesertim
928 2633 1185 2702 immoderatae
1237 2643 1325 2700 state
1348 2630 1543 2701 venditoris
1565 2644 1636 2714 est,
1661 2655 1740 2700 eam
1762 2632 1808 2700 ad
1831 2655 1868 2701 se
1891 2623 2087 2703 retrahere.
2137 2628 2225 2701 Ideo

199 2745 283 2802 sunt
304 2733 579 2826 vituperandae,
606 2736 690 2829 quia
712 2734 844 2805 iniuste
866 2731 1080 2805 exhauriunt
1101 2733 1185 2802 alie·
1238 2733 1334 2803 enim
1361 2734 1472 2828 aliqui
1499 2736 1720 2804 contendunt
1744 2729 1811 2804 hos
1844 2746 2047 2805 contractus
2080 2745 2226 2805 tantum

198 2859 264 2906 nas
281 2837 476 2906 facultates.
527 2837 667 2907 Rursus
685 2851 804 2906 autem
820 2839 1016 2908 videndum
1034 2849 1106 2918 est,
1139 2861 1185 2903 ne
1238 2861 1311 2905 esse
1334 2837 1516 2905 usurarias
1536 2836 1778 2907 mutuationes
1805 2861 1885 2905 cum
1910 2836 2226 2928 oppigneratione,

200 2949 263 3005 aut
278 2950 432 3021 temere,
458 2949 520 3007 aut
542 2938 650 3008 nimis
671 2940 796 3007 acerbe
818 2940 1015 3009 iudicemus
1034 2941 1079 3006 de
1101 2960 1186 3006 con·
1238 2952 1272 3007 et
1287 2938 1470 3009 simulatas
1486 2940 1702 3031 emptiones,
1729 2939 1812 3030 quia
1829 2939 1995 3008 venditor
2007 2952 2126 3031 potest
2144 2963 2226 3011 rem

198 3040 388 3121 tractibus,
423 3065 512 3133 quos
542 3042 745 3132 approbant
773 3043 877 3132 leges.
930 3042 1101 3111 Tenenda
1134 3051 1186 3110 est
1236 3041 1419 3109 venditam
1438 3041 1626 3113 redimere.
1683 3040 1752 3109 Sed
1775 3039 1814 3109 hi
1832 3066 1908 3110 non
1931 3054 2026 3111 recte
2050 3042 2227 3124 iudicant,

199 3142 309 3233 igitur
324 3141 420 3212 utilis
435 3143 574 3232 regula:
601 3156 803 3214 contractus
819 3145 975 3235 legibus,
1001 3156 1036 3212 et
1051 3142 1185 3213 autori·
1236 3142 1313 3212 Etsi
1336 3144 1432 3214 enim
1450 3144 1630 3214 interdum
1645 3143 1773 3238 aliquis
1790 3144 1890 3213 abuti
1904 3157 2021 3237 potest
2035 3158 2225 3237 praetextu

200 3257 272 3314 tate
288 3245 535 3335 magistratus,
558 3241 628 3315 hoc
650 3258 720 3330 est,
745 3246 835 3315 boni
857 3260 893 3315 et
908 3246 1077 3339 sapientis
1093 3245 1185 3316 iudi·
1237 3241 1342 3315 huius
1371 3259 1591 3329 contractus,
1632 3258 1754 3315 tamen
1779 3271 1856 3317 non
1881 3259 2072 3339 propterea
2101 3251 2223 3319 lorrna

199 3346 248 3417 cis
275 3371 337 3417 scu
359 3347 601 3417 iurisconsulti
633 3350 869 3440 approbatos,
897 3373 1079 3420 concessos
1111 3373 1184 3419 esse
1237 3361 1438 3419 contractus
1466 3349 1664 3441 improbari
1686 3361 1824 3441 potest,
1855 3374 1936 3420 cum
1956 3350 2003 3420 sit
2025 3375 2066 3420 re
2085 3349 2165 3445 ipsa
2185 3364 2224 3424 et

198 3445 403 3521 Christiano
420 3447 572 3521 homini.
613 3449 714 3520 Licet
726 3452 821 3522 enim
836 3448 1040 3523 Christiano
1052 3451 1106 3521 uti
1120 3476 1185 3543 po·
1235 3476 1318 3520 vere
1334 3452 1479 3545 emptio.
1529 3452 1744 3543 Respondeo
1759 3452 1867 3543 igitur
1882 3454 1926 3522 ad
1940 3454 2097 3546 primam
2112 3477 2222 3550 quae·

198 3554 303 3623 liticis
318 3553 615 3625 ordinationibus.
664 3553 711 3624 Et
724 3551 792 3625 hae
807 3557 1051 3626 ordinationes
1065 3556 1185 3623 valent
1235 3554 1406 3639 stionem,
1433 3557 1529 3648 quod
1546 3555 1704 3624 conditio
1720 3558 1763 3625 dc
1779 3557 2008 3626 revendendo
2031 3582 2107 3627 non
2126 3557 2222 3629 tollit

197 3679 274 3725 non
295 3659 410 3727 solum
431 3670 580 3750 propter
601 3656 799 3743 rationem,
821 3661 883 3730 sed
906 3659 1014 3729 etiam
1035 3671 1184 3751 propter
1235 3671 1401 3727 naturam
1426 3658 1628 3750 emptionis.
1678 3656 1719 3727 ld
1738 3670 1913 3728 testantur
1936 3659 2050 3751 leges,
2080 3671 2122 3731 ut
2144 3661 2221 3731 lex:

199 3759 428 3828 autoritatem
456 3760 705 3850 magistratus,
744 3786 851 3855 quam
871 3761 968 3832 Deus
995 3761 1183 3854 approbat.
1236 3760 1272 3829 Si
1295 3762 1459 3845 fundum,
1486 3761 1627 3831 Codicis
1640 3759 1689 3856 Ἃ)
1710 3763 1754 3829 de
1770 3762 1882 3852 pactis
1904 3761 1998 3832 inter
2019 3776 2222 3855 emptorem

197 3860 256 3931 Sic
276 3886 360 3953 ergo
384 3859 606 3932 Christianus
627 3863 879 3934 conscientiam
910 3889 1010 3934 suam
1033 3863 1183 3946 erudiat,
1235 3876 1270 3932 et
1284 3865 1508 3933 venditorem
1520 3863 1580 3958 ⁹⁶).
1625 3860 1742 3933 Verba
1756 3864 1843 3955 legis
1857 3859 1945 3933 haec
1959 3879 2058 3936 sunt:
2084 3865 2125 3938 si
2139 3868 2224 3938 iun·

197 3977 238 4033 ut
254 3964 429 4057 intelligat
441 3961 529 4034 haec
546 3989 710 4036 concessa
725 3991 811 4053 esse,
838 3967 922 4062 quia
937 3965 1034 4036 Deus
1052 3990 1183 4058 appro-
1234 3969 1320 4036 dum
1343 3979 1509 4059 parentes
1537 3967 1592 4036 tui
1622 3989 1662 4034 ea
1689 3967 1765 4058 lege
1784 3966 2040 4052 vendiderunt,
2080 3981 2123 4038 ut
2144 3970 2222 4041 sive

196 4066 257 4137 bet
276 4068 370 4160 leges
391 4082 426 4138 et
449 4067 697 4160 magistratus,
725 4082 759 4138 et
779 4070 866 4139 velit
880 4095 946 4140 nos
960 4069 1014 4140 uti
1029 4069 1182 4161 politicis
1234 4069 1320 4162 ipsi,
1345 4071 1418 4139 sive
1436 4065 1607 4139 haeredes
1622 4093 1746 4138 eorum
1763 4070 1918 4160 emptori
1931 4071 2088 4162 pretium
2104 4097 2222 4166 quan-

197 4170 503 4255 ordinationibus,
537 4185 571 4241 et
602 4171 640 4239 in
663 4173 902 4242 contractibus
926 4173 972 4244 sit
995 4185 1182 4242 contentus
1233 4175 1421 4267 docunque
1435 4174 1492 4241 vel
1507 4172 1601 4241 intra
1619 4185 1713 4240 certa
1730 4184 1893 4263 tempora
1906 4173 2137 4260 obtulissent,
2162 4201 2222 4247 re-

196 4296 238 4340 eo
254 4276 386 4358 medio,
413 4301 453 4344 ea
470 4274 702 4370 aequalitate,
729 4301 838 4369 quam
854 4275 1074 4346 constituunt
1089 4276 1181 4366 leges
1232 4275 1456 4359 stitueretur,
1497 4287 1603 4369 teque
1632 4286 1759 4366 parato
1791 4276 1992 4347 satisfacere
2015 4277 2222 4349 conditioni

196 4387 231 4443 et
247 4373 489 4466 magistratus,
514 4373 584 4447 hoc
604 4391 676 4462 est,
702 4379 818 4448 bonus
842 4391 877 4447 et
899 4378 1040 4471 sapiens
1062 4376 1180 4462 iudex,
1232 4379 1364 4463 dictae,
1388 4374 1514 4448 haeres
1530 4378 1701 4470 emptoris
1714 4401 1790 4447 uon
1806 4392 1926 4470 paret,
1952 4391 1994 4450 ut
2011 4393 2221 4454 contractus

1231 4483 1317 4551 fides
1340 4494 1517 4564 servetur,
1557 4480 1650 4549 actio
1673 4481 1900 4573 praescriptis
1922 4482 2060 4566 verbis,
2093 4485 2222 4559 velex

1229 4585 1375 4654 vendito
1397 4584 1463 4653 tihi
1483 4586 1589 4653 datur
1602 4582 1662 4677 Ἃ).
1728 4583 1775 4653 Et
1795 4585 1940 4676 planior
1963 4597 2080 4662 textus
2102 4587 2221 4658 estin

226 4679 276 4738 21)
295 4678 436 4737 structus]
470 4678 511 4728 sic
536 4679 619 4728 Editt.
652 4694 702 4742 pro
738 4682 894 4746 germanica
925 4681 1043 4732 nominis
1075 4684 1178 4735 torma:

261 4750 386 4798 suessa
428 4748 478 4797 Dr.
502 4748 597 4797 Jacob.
621 4752 752 4807 strauss,
784 4753 962 4803 concionator
993 4753 1178 4817 isenuceusis,

260 4826 288 4866 e.
311 4816 385 4867 1624.
414 4817 508 4865 theses
536 4816 581 4866 Li.
598 4817 705 4868 iseneci
728 4821 876 4881 publicavit
904 4826 1001 4871 contra
1029 4834 1129 4876 usuras
1161 4836 1178 4873 a
1263 4825 1312 4885 22)
1330 4826 1429 4884 verae]
1449 4821 1491 4872 sle
1509 4822 1559 4874 lid
1580 4823 1672 4886 titos
1696 4824 2097 4879 Edd.1588.et15w.vers.

260 4885 451 4966 sacerdotibus
468 4887 626 4947 tantopere,
645 4890 674 4936 ut
690 4887 739 4968 uit.
757 4892 888 4950 prolutas
909 4891 1065 4974 etnpetltttu.
1100 4892 1177 4940 ueti—
1261 4909 1763 4974 „3,1],10ffl1533„31540,3
1787 4909 2126 4966 {addimentum
2144 4921 2200 4968 ω,

261 4958 298 5003 cit
316 4954 343 5003 in
360 4953 403 5003 ius
422 4965 516 5004 omrtes
533 4966 652 5013 usuras,
679 4959 761 5006 ettam
778 4970 846 5021 quas
869 4958 1019 5010 Concilium
1036 4958 1177 5011 Constan-

260 5023 350 5073 ticnse
367 5022 509 5085 permisit,
527 5024 652 5086 prohihet
669 5037 769 5076 usuras
785 5027 874 5089 solvi,
893 5028 975 5077 etiam
993 5029 1176 5092 praecipiente
1261 4998 1311 5056 ²⁴)
1328 4998 1395 5047 ¹⁶¹¹
1411 5029 1441 5044 '⁰
1460 4994 1587 5056 ⁰⁰⁶¹&ss
1605 4996 1632 5044 ¹¹¹
1650 4996 1751 5048 mim
1768 4998 1800 5046 Β·
1812 5031 1820 5046 “
1879 4997 1909 5049 ⁰·

259 5091 288 5140 id
305 5091 476 5154 magistratu,
494 5093 549 5141 vim
566 5096 657 5142 tamen
668 5096 838 5144 exactionum
849 5095 1004 5156 patiendam
1017 5110 1091 5161 esse.
1109 5113 1175 5162 pee—
1260 5083 1310 5142 25)
1329 5081 1395 5132 ⁰⁰⁴¹·
1412 5081 1432 5132 ¹·
1444 5079 1493 5133 W·
1512 5080 1555 5131 ill·
1567 5082 1610 5132 Μ·
1630 5081 1656 5143 S·
1669 5082 1695 5133 ²·
1720 5079 1818 5144 (0⁰¹st
1836 5095 1888 5137 ¹⁰¹¹·
1907 5083 1960 5134 clv·
1978 5084 2110 5153 eil-‚Mt
2135 5088 2165 5141 Τ.
2178 5089 2216 5145 ll.

258 5172 323 5211 care
340 5173 407 5211 vero
425 5162 606 5226 magistratus
625 5162 652 5210 in
664 5163 797 5226 exigendo
809 5164 916 5213 statuit.
952 5166 1101 5216 lineorum
1115 5170 1175 5216 ier·
1294 5153 1325 5205 l‘·
1339 5150 1359 5202 ¹·
1384 5164 1410 5212 p.
1423 5150 1508 5209 ⁴⁰¹0·

260 5229 323 5280 vide
339 5233 468 5296 urgeret,
497 5232 526 5281 et
548 5229 576 5280 in
599 5235 674 5281 motti
690 5232 855 5283 rusticorum
873 5233 963 5282 minus
980 5233 1175 5298 circumspecte
1258 5238 1307 5298 ω)
1326 5238 1431 5294 daton]
1456 5235 1498 5284 sie
1519 5235 1603 5286 nutu.
1628 5235 1709 5286 iuius
1732 5236 1821 5298 Eptt.;
1853 5237 1881 5289 in
1900 5236 1983 5289 eod:
2008 5238 2134 5308 debitur,
2152 5247 2215 5305 (cui

258 5310 292 5349 se
311 5298 467 5362 gessisset,
487 5310 506 5349 a
522 5313 634 5351 munere
652 5303 741 5353 motus
763 5305 791 5351 et
807 5302 835 5350 ln
852 5301 1003 5352 cristodinm
1022 5303 1102 5354 datus
1119 5308 1173 5357 est.
1293 5306 1386 5358 addita
1403 5307 1468 5354 suist
1484 5305 1552 5354 iaec
1568 5305 1670 5354 verba:
1695 5305 1912 5358 trituratione
1929 5319 2040 5365 eorum.
2058 5322 2129 5373 quae
2145 5318 2215 5376 pust

257 5365 337 5417 Ceut.
357 5367 833 5423 Beckendorioomment.debuit.
854 5370 1057 5423 hiscendi.
1076 5374 1174 5436 8³⁰²·
1292 5377 1411 5427 obtamus
1428 5387 1462 5423 ex
1480 5376 1559 5434 pecto
1577 5373 1758 5434 quantitatem
1782 5389 1816 5425 ex
1840 5389 1875 5426 oo
1900 5376 1983 5429 lurido
2007 5377 2042 5429 tul
2068 5380 2211 5435 edversa-

256 5436 325 5487 Add.
342 5437 368 5488 1.
382 5454 391 5498 3
403 5440 469 5490 sect.
487 5438 530 5490 et.
548 5438 576 5500 8.
594 5436 652 5494 m.
669 5438 739 5492 Add.
757 5443 785 5490 et
802 5440 839 5491 al.
1291 5445 1362 5501 tium
1382 5442 1601 5506 pervenerunt).
