4544 5766
111 175 209 251 1201
441 168 532 266 aaa
581 162 865 271 massano
895 159 1154 239 anamotus
1186 162 1434 241 ucmoms
1465 166 1565 242 eno
1598 171 1808 252 erasmo.
2019 180 2129 262 em

108 349 181 419 Sed
203 346 396 438 Pompeius
420 357 455 414 et
476 342 540 413 alii
553 339 731 435 principes
745 350 933 411 moverant
943 335 1091 420 bellum,
1164 340 1169 347 '
1243 335 1275 430 ᾗ.
1303 342 1364 415 23.
1397 345 1467 415 Sed
1495 353 1741 441 quoquomodo
1769 350 1854 423 tttaa
1879 378 1916 424 se
1946 355 2044 428 tates
2058 354 2124 453 ἢ]

106 475 172 521 sen
196 473 337 532 errore,
362 472 425 518 seu
447 459 566 526 metm
596 445 770 537 putabant
796 443 864 514 sibi
894 465 984 535 opus
1013 462 1089 509 esse
1139 442 1292 513 Collatia
1326 456 1379 515 est
1407 446 1645 520 voluntatum.
1723 451 1868 524 Tubero
1897 457 2126 547 provinciam

107 553 330 623 defensione.
380 549 573 640 Pompeius
602 547 802 629 metuebat,
840 569 886 615 ne
917 542 1088 635 dignitate
1139 545 1283 617 Caesari
1313 546 1509 619 traditurus
1539 573 1614 621 non
1644 554 1780 638 suerat,
1821 568 1856 625 et
1883 560 2045 650 repulsus
2073 560 2120 632 ad

105 655 344 748 spoliaretur,
375 652 549 722 timebant
578 662 616 720 et
645 649 707 719 alii
733 648 865 719 iratum
888 647 1087 718 Caesarem.
1136 649 1351 740 Pompeium
1381 649 1421 719 in
1453 664 1566 722 castra
1597 678 1634 726 se
1665 659 1826 729 contulit.
1886 661 2007 753 Quare
2036 686 2117 733 eum

104 757 219 829 Multi
247 779 368 827 errore
388 754 600 846 Pompeium
626 751 865 847 sequebantur
886 748 1088 821 existiman·
1137 751 1293 843 repulsio
1309 747 1400 821 nihil
1414 755 1458 823 ad
1470 754 1657 826 Caesarem
1672 761 1895 848 pertinuerit,
1910 787 1986 833 non
2000 780 2118 856 potest

106 874 161 931 tes
184 884 264 929 eam
287 883 359 929 esse
376 871 514 950 partem
529 853 791 937 honestiorem,
818 851 903 947 quia
917 853 968 923 ibi
983 849 1086 919 initio
1137 852 1302 944 Ligarius
1338 851 1406 925 hac
1443 858 1487 925 de
1524 880 1563 927 re
1600 879 1719 929 coram
1762 862 1910 934 Caesare
1947 869 2117 942 accusari.

106 975 215 1033 crant
237 962 416 1044 consules,
441 972 624 1052 praetores
645 970 681 1028 et
698 957 896 1050 principes,
930 968 972 1026 ut
992 976 1087 1023 nunc
1136 957 1228 1027 Nam
1243 956 1373 1027 Caesar
1383 982 1458 1027 non
1470 973 1522 1030 est
1535 961 1641 1032 iudex
1654 963 1875 1053 privatarum
1889 967 2120 1053 iniuriarum,

105 1064 215 1135 multi
236 1077 432 1158 sequuntur
451 1061 634 1155 pontifices
658 1072 806 1152 propter
828 1057 982 1129 titulum.
1039 1053 1087 1125 Et
1138 1059 1266 1153 quihus
1290 1060 1501 1152 Pompeiani
1525 1088 1607 1135 suos
1639 1068 1860 1151 adiecerunt,
1894 1074 1953 1140 scd
1988 1073 2116 1166 quihus

105 1167 268 1260 speciosa
291 1164 468 1236 excusatio
492 1177 545 1236 est
564 1163 676 1232 videri
695 1162 903 1232 coniunctos
918 1183 991 1231 esse
1006 1182 1086 1227 cum
1137 1163 1211 1253 ipse
1238 1163 1393 1232 adfectus
1419 1176 1482 1234 est.

108 1268 296 1340 ordinaria
327 1278 513 1361 potestate.
569 1265 666 1358 Ergo
696 1289 775 1335 cum
807 1262 927 1357 aliqua
956 1260 1002 1333 sit
1030 1284 1086 1328 ex·
1239 1263 1326 1355 Cap.
1349 1263 1440 1336 Vlll.
1476 1263 1507 1356 ξ.
1530 1267 1592 1340 23.
1637 1273 1737 1353 Vade,
1772 1278 1854 1367 quaid
1867 1273 1913 1369 πθ)
1945 1279 2114 1369 licentiae]

107 1372 246 1443 cusatio
267 1369 508 1462 Pompeianae
542 1368 676 1461 partis,
708 1392 775 1437 nec
804 1389 942 1435 summa
974 1361 1087 1453 turpi·
1138 1365 1261 1437 Multis
1275 1368 1392 1437 verbis
1406 1369 1598 1460 amplificat
1611 1375 1832 1457 antecedens,
1847 1376 1884 1445 in
1898 1403 1970 1472 quo
1981 1380 2113 1449 dictum
2153 1410 2156 1415 ·

107 1476 222 1559 tudo,
254 1497 320 1542 nec
346 1473 457 1543 scelus
483 1471 551 1542 luit
572 1470 774 1541 coniunctio
797 1493 876 1537 cum
899 1464 1086 1556 Pompeio.
1138 1482 1190 1539 est
1213 1470 1256 1538 de
1281 1470 1484 1542 Tuberonis
1509 1472 1703 1544 voluntate.
1754 1476 1893 1549 Gradus
1927 1481 2022 1550 enim
2052 1484 2115 1551 de.

106 1576 209 1646 llaec
244 1574 359 1645 oratio
398 1575 552 1645 maxime
588 1574 734 1644 decebat
768 1570 996 1652 Ciceronum,
1040 1590 1086 1635 nc
1138 1572 1336 1642 clarentur:
1369 1572 1451 1642 Non
1482 1575 1682 1645 tradidisset
1709 1580 1928 1669 provinciam
1959 1583 2115 1666 Caesari,

107 1701 302 1771 agnoscere
330 1676 511 1747 videretur
541 1676 681 1768 culpam
705 1698 789 1743 vera
812 1668 1087 1765 reprehensione
1139 1672 1278 1744 etiamsi
1300 1671 1463 1765 Ligarius
1486 1689 1548 1745 aut
1564 1676 1679 1748 Varus
1700 1681 1867 1753 cessisset.
1925 1684 2115 1756 Praeterea

108 1782 270 1873 dignans
368 1784 421 1853 Aa
441 1782 526 1852 mibi
557 1783 706 1874 quidem,
737 1782 770 1848 si
794 1775 985 1866 preprium]
1007 1771 1087 1842 Usi·
1139 1777 1297 1847 exclusus
1320 1801 1395 1846 non
1419 1780 1529 1848 iratus
1551 1793 1602 1849 est
1622 1780 1870 1873 Pompeianis,
1901 1789 1963 1856 scd
1985 1789 2117 1859 mansit

109 1897 228 1955 tatum
251 1879 363 1954 estin
392 1882 575 1952 eventibus
598 1879 739 1970 tragicis
760 1880 946 1949 decurrere
971 1876 1017 1944 ad
1036 1876 1088 1943 ia·
1139 1879 1177 1947 in
1192 1879 1372 1971 partibus,
1398 1904 1614 1975 quamquam
1637 1881 1769 1952 iniuria
1790 1889 1957 1960 adfectus.
2007 1888 2117 1959 Deni-

106 1987 200 2057 tales
223 2008 355 2085 causas.
405 1983 503 2055 Idem
525 1979 582 2052 hic
606 1982 730 2052 Cicero
752 1981 851 2050 farcit:
891 1992 926 2047 et
951 1975 1089 2047 omissis
1140 2007 1209 2076 que
1232 1984 1410 2072 proiectus
1432 1995 1483 2077 est
1503 1985 1541 2052 in
1568 1996 1681 2054 castra
1704 1985 1880 2080 Pompeii.

110 2089 231 2161 causis
251 2086 400 2173 odiosis,
428 2085 658 2157 translatione
682 2084 805 2154 utitur.
857 2080 952 2151 Dicit
976 2082 1088 2149 fatum
1242 2084 1327 2176 Cap.
1343 2083 1402 2156 lX.
1430 2083 1461 2176 ξ.
1474 2086 1536 2160 26.
1561 2091 1730 2172 Sedvide,
1756 2116 1894 2185 quaem,
1922 2095 2113 2188 cumam),

110 2193 219 2263 inisse
242 2213 383 2261 causam
406 2190 489 2258 belli
511 2188 634 2259 civilis.
1139 2189 1377 2279 scrutantium]
1408 2187 1608 2281 Exaggerat
1635 2191 1868 2282 pertinaciam
1901 2194 2115 2277 Tuberonis,

215 2289 247 2383 ὃ.
274 2292 334 2363 18.
361 2294 500 2377 Quaado
525 2294 585 2362 bae
614 2294 789 2386 quinariam
818 2312 865 2356 aa
896 2287 943 2378 te]
975 2285 1090 2373 Argit-
1142 2291 1238 2382 quod
1265 2314 1484 2383 quamquam
1513 2289 1645 2360 iniuria
1674 2296 1851 2379 adfectus,
1895 2308 2017 2371 tamen
2040 2324 2114 2370 non

110 2407 294 2466 mentatur
315 2418 335 2461 a
358 2394 562 2464 testimonio
584 2391 759 2463 Caesaris:
793 2389 847 2461 Ne
879 2400 917 2457 tu
947 2386 1089 2481 quidem
1141 2391 1337 2462 discesserit
1362 2418 1382 2461 a
1408 2391 1649 2483 Pompeianis.

109 2498 278 2569 nominas
298 2496 430 2580 scelus,
463 2499 524 2568 sed
545 2520 651 2565 vocas
675 2492 915 2562 defensionem
940 2489 1091 2579 dignita·
1244 2491 1275 2584 ἓ.
1295 2493 1358 2566 27.
1388 2498 1431 2565 in
1461 2498 1713 2587 Macedoniam]
1746 2497 1874 2568 Postea
1907 2500 2005 2570 addit
2033 2524 2117 2593 pro-

110 2603 157 2671 tis
182 2614 286 2682 tuae,
319 2622 399 2668 cum
430 2599 491 2667 alii
519 2597 585 2668 tibi
607 2596 663 2666 vel
686 2607 784 2665 metu
805 2594 861 2662 vel
886 2616 1006 2661 errore
1031 2591 1091 2659 ad·
1142 2600 1270 2666 lectum
1295 2621 1368 2666 esse
1390 2597 1428 2665 in
1458 2610 1571 2667 castra
1612 2599 1659 2667 ad
1680 2598 1912 2692 Pompeium,
1942 2614 1978 2673 et
2008 2601 2117 2674 inter-

109 2713 351 2774 versarentur.
455 2695 569 2787 Quid?
594 2711 652 2783 ta,
683 2723 784 2795 qaam
803 2720 920 2786 pacem
939 2719 1015 2764 essa
1033 2718 1091 2763 cu-
1141 2700 1247 2770 luisse
1269 2698 1407 2791 proelio
1430 2695 1637 2769 Pharsalico
1651 2700 1710 2798 ¹⁸).

109 2806 243 2897 pietas]
274 2802 411 2873 Rursus
443 2828 462 2873 a
492 2799 696 2875 testimonio
728 2798 905 2869 Caesaris:
938 2795 1091 2865 Volebas
1242 2801 1329 2892 Cap.
1348 2802 1390 2872 X.
1418 2799 1450 2892 §.
1471 2801 1534 2876 29.
1561 2808 1661 2874 Nm
1683 2809 1822 2898 quaes-0]
1847 2803 2019 2897 Epilogus
2033 2830 2116 2876 con.

113 2934 190 2980 esse
212 2930 336 2999 pacem
360 2930 441 2975 cum
455 2903 702 2998 Pompeianis:
739 2926 824 2991 ergo
846 2925 919 2968 non
940 2900 1092 2968 ducebas
1143 2905 1233 2974 tinet
1266 2905 1555 2987 translationem,
1595 2918 1635 2973 ut
1670 2901 1831 2977 rhetores
1871 2922 2018 2992 vocant,
2055 2934 2120 2979 seu

110 3013 304 3082 sceleratos
327 3033 423 3091 esse,
449 3008 533 3103 quia
554 3032 629 3077 non
652 3005 796 3074 volebas
816 3028 896 3073 cum
915 3000 1092 3073 sceleratis
1143 3007 1384 3098 exceptionem
1393 3006 1460 3100 Ἠ),
1487 3020 1526 3076 ut
1539 3007 1781 3077 iurisconsulti
1793 3008 2000 3102 loquuntur.
2033 3010 2119 3081 Cae·

111 3111 371 3205 rempublicam
393 3112 602 3200 gubernare.
1143 3135 1201 3181 sar
1221 3134 1294 3179 non
1318 3123 1370 3179 est
1394 3109 1500 3180 iudex
1522 3112 1565 3178 de
1594 3111 1742 3200 privatis
1771 3110 1910 3182 iniuriis
1931 3113 2119 3205 Pompeia-

214 3211 247 3305 ᾗ.
273 3213 332 3284 19.
358 3216 453 3287 Mitt
473 3237 568 3297 vere,
596 3212 735 3303 werae]
771 3209 827 3278 Ab
859 3209 1019 3300 ipsorum
1040 3204 1093 3273 di·
1143 3238 1273 3284 norum
1299 3212 1504 3290 interesset
1531 3225 1570 3282 tu
1592 3226 1731 3283 tantmn
1754 3215 1800 3283 de
1824 3214 1962 3306 privata
1987 3215 2118 3285 iniuria

111 3319 271 3411 gnitate,
295 3314 359 3410 qui
381 3315 512 3386 servati
530 3327 623 3386 sunt.
682 3312 823 3384 Nollem
845 3335 903 3379 me
926 3320 967 3380 ut
987 3308 1093 3378 scele—
1143 3315 1322 3409 quereris,
1359 3317 1455 3408 quod
1481 3315 1639 3386 exclusus
1669 3316 1716 3386 sis
1745 3340 1764 3385 a
1793 3316 1996 3407 provincia:
2034 3343 2118 3409 ergo

109 3435 233 3492 ratum
269 3430 449 3490 servatum
486 3442 572 3490 esse.
672 3418 901 3487 Secessioaem
931 3422 968 3482 ta
998 3413 1093 3481 illam
1143 3415 1234 3486 nihil
1260 3414 1346 3485 haec
1366 3443 1422 3487 res
1445 3420 1491 3486 ad
1515 3417 1702 3488 Caesarem
1726 3418 1891 3508 pertinet.
1949 3419 2018 3489 Hic
2037 3422 2118 3490 linis

106 3522 337 3612 eaessllmsstlt]
370 3519 484 3590 V⁰⁰itt
505 3520 757 3602 secessslffileffl,
790 3527 928 3585 ¹¹¹⁰l11¹1¹
961 3511 1091 3582 Civium
1144 3534 1194 3590 cst
1223 3520 1448 3590 defensionis.
1519 3518 1609 3589 Nam
1641 3515 1729 3588 haec
1755 3518 1941 3590 translatio
1970 3545 2034 3594 seu
2062 3547 2119 3591 ex-

111 3624 252 3719 aliquld
270 3623 455 3716 probabili,
471 3646 575 3694 causa
597 3620 814 3713 petentium,
845 3641 912 3685 nec
941 3615 1092 3683 inferen·
1145 3625 1260 3714 ceptio
1287 3622 1441 3690 maxime
1469 3634 1682 3712 praegravat
1703 3620 1944 3694 Tuberonem,
2045 3629 2119 3696 [ια.

111 3733 206 3801 tium
225 3727 377 3809 bellum,
408 3727 499 3797 sicut
522 3724 607 3796 olim
631 3722 758 3792 accidit
777 3722 816 3789 in
837 3717 1032 3789 secessione
1055 3717 1090 3784 in
1142 3751 1205 3820 qm
1230 3750 1309 3795 ‚mm
1328 3726 1389 3795 titt
1408 3730 1537 3809 estlear,
1572 3728 1715 3807 caesare,
1750 3728 1788 3795 ὅ»
1810 3751 1913 3796 mm
1934 3722 2122 3819 bipartit]

111 3855 255 3903 sacram
276 3840 448 3899 montem.
498 3827 637 3898 Deinde
658 3826 833 3906 declarat,
859 3845 922 3891 cur
944 3843 1092 3890 vocave·
1143 3829 1368 3919 Deprecatio.
1419 3827 1580 3898 Primum
1602 3824 1765 3896 transitio
1782 3840 1851 3911 est,
1878 3841 1913 3897 et
1930 3828 2120 3896 correctio:

111 3936 163 4005 rit
184 3956 363 4002 errorem:
398 3930 493 4024 Quia
525 3929 629 3999 initio
661 3926 796 4021 aliquid
815 3937 966 4017 ultaque
989 3946 1091 3991 causa
1144 3933 1236 4001 Nolo
1258 3933 1302 3998 de
1326 3930 1401 3998 iure
1427 3930 1628 4021 disputare,
1650 3930 1713 4000 sed
1727 3929 1838 4000 fretus
1853 3942 1913 3999 tua
1938 3928 2121 4000 excellenti

111 4035 302 4131 probabile
322 4029 486 4103 habebat.
548 4054 553 4064 ·
587 4032 820 4103 Nenenene
834 4027 939 4118 certe]
966 4024 1094 4093 Melius
1144 4033 1315 4114 bonitate,
1331 4032 1472 4101 veniam
1487 4046 1604 4125 petere
1620 4032 1728 4100 malo.
1765 4030 1812 4099 Et
1824 4026 1915 4099 hanc
1932 4031 2121 4100 correctio·

113 4154 189 4222 est,
221 4151 255 4207 le
286 4159 360 4208 ⁰⁸⁸0
391 4137 582 4217 victorem,
617 4132 701 4227 qula
723 4145 784 4200 1¹1³
804 4128 953 4199 Vicl⁰tia
976 4126 1094 4196 “¹5⁰1ss
1145 4161 1227 4204 nem
1262 4135 1453 4226 amplificat
1484 4134 1672 4205 collatione
1703 4132 1828 4203 iudicis
1856 4145 1892 4202 et
1916 4131 2049 4225 patris,
2083 4133 2122 4202 in

113 4256 170 4314 est
188 4262 315 4324 saeva,
342 4263 449 4332 quam
471 4239 586 4307 luerat
607 4233 773 4326 Pompeii
795 4231 943 4300 victoria
963 4231 1094 4301 lutura.

223 4342 308 4434 Cap.
322 4337 397 4413 Vll.
425 4337 456 4432 §.
473 4342 534 4414 20.
559 4342 640 4422 Sed,
666 4347 704 4407 at
725 4338 874 4407 omittam
894 4357 1096 4404 communem
1179 4354 1230 4413 aa)
1248 4352 1325 4404 stt-a
1341 4367 1372 4405 u
1388 4352 1488 4414 sasas
1509 4353 1553 4404 aa
1573 4354 1657 4404 rarat.
1685 4352 1774 4418 issa,
1801 4352 1876 4403 asse.
1901 4348 1944 4415 (tn
1972 4351 2023 4406 aa.
2048 4352 2123 4404 asse.

114 4447 269 4538 causam]
296 4445 403 4514 Redit
418 4445 463 4512 ad
480 4440 719 4512 defensionem
734 4435 881 4528 Ligarii,
898 4447 931 4503 ct
945 4433 1093 4526 repetita
1213 4421 1630 4554 ffi‘e'flfffffn‘pd'ffi’ffl'ffgjz
1647 4425 1837 4544 mm?
1853 4423 1936 4475 ”⁸⁰⁶⁰
1957 4421 2019 4473 '¹⁰¹⁰
2040 4426 2125 4474 ³⁰l⁸⁶

115 4549 346 4630 narratione,
379 4559 415 4617 ct
441 4544 581 4638 agitatis
611 4537 900 4620 circumstantiis,
942 4536 1097 4606 ostendit
1180 4595 1230 4654 ῃ)
1246 4526 1388 4658 wisse
1405 4524 1489 4644 ffl'm·
1509 4526 1583 4644 ὦ.
1626 4594 1701 4644 Μ
1727 4595 1755 4644 et
1780 4528 1830 4642 Ed:
1848 4590 1951 4643 oren..
1978 4591 2029 4642 m
2047 4591 2122 4643 ma

114 4650 303 4744 Ligarium
324 4674 389 4720 nec
413 4650 612 4739 profectum
635 4668 729 4728 esse,
755 4665 819 4710 nec
838 4638 1008 4710 mansisse
1031 4634 1096 4709 ho·
1215 4663 1300 4728 quoa.
1592 4627 1601 4658 ’
1942 4627 1952 4657 '

114 4755 192 4830 stili
215 4753 348 4823 animo.
397 4752 511 4822 Simul
532 4762 651 4821 autem
672 4744 772 4817 addit
795 4741 1034 4826 collationem,
1058 4740 1097 4809 in
1182 4761 1538 4823 sacramentaneus.
1560 4762 1653 4826 asan,
1678 4762 1753 4814 asse.
1778 4758 1821 4827 (tn
1838 4762 1888 4813 ra,
1907 4760 1983 4813 rste
2005 4760 2057 4811 aas
2072 4770 2124 4811 no-

117 4881 192 4954 qua
205 4855 360 4928 ostendit
375 4854 604 4925 Tuberonem
618 4864 655 4922 et
666 4846 854 4942 appetiisse
874 4844 1097 4937 provinciam
1216 4844 1278 4883 “⁸¹¹
1296 4844 1355 4881 “¹¹¹²
1372 4842 1439 4881 Μ’
1457 4844 1515 4895 ⁸⁸²¹·
1535 4831 1646 4897 ΜΨ
1662 4830 1712 4881 ¹³⁶·
1730 4831 1816 4882 ⁰¹⁶⁰·
1835 4830 1865 4882 ⁰·
1884 4831 2003 4882 ⁶⁰⁰⁸0'·

118 4959 245 5034 hostili
274 4958 395 5028 animo
431 4970 553 5027 contra
583 4954 791 5034 Caesarem,
833 4961 868 5018 et
903 4960 1024 5040 postea
1060 4946 1099 5013 in
1181 4934 1390 5068 ttp’tgppptstpap
1403 4933 1590 5053 {hazzptetepp
1600 4945 1679 5053 tielti'
1690 4933 1886 5063 cramus&
1898 4931 2000 5053 evopt-
2017 4932 2125 4984 tesen-

123 5087 230 5134 fflusa
255 5059 476 5152 Pompeiana
506 5053 806 5127 vehemennorem
837 5052 954 5168 fms'ie'
1004 5048 1099 5121 Nam
1182 5111 1232 5167 26)
1250 5106 1291 5155 ne
1308 5104 1467 5168 exceptione
1483 5104 1741 5156 turtsconsnttorum
1758 5103 1829 5154 cont.
1846 5100 2118 5155 stelanttaoutssstear

120 5168 269 5238 Tubero
291 5165 469 5257 profectus
488 5173 552 5243 est,
579 5184 658 5229 cum
680 5181 754 5225 non
778 5166 956 5247 oportu1t;
977 5164 1013 5221 et
1026 5173 1101 5220 non
1219 5176 1331 5225 nactos.
1350 5175 1367 5224 t.
1386 5175 1424 5227 ι..
1444 5174 1525 5235 carp.
1543 5174 1666 5227 serora.
1688 5175 1747 5224 vot.
1766 5172 1840 5222 xm.
1859 5185 1885 5234 p.
1903 5172 1979 5220 ses..
1999 5170 2061 5221 car.
2078 5173 2125 5224 rr.

120 5281 285 5360 ¹⁸⁰⁰le
308 5270 347 5335 i¹¹
369 5265 547 5346 Affifflm‘
579 5261 677 5329 Μὴ
699 5261 736 5328 ῑ“
764 5269 896 5339 ‘³⁸³³’
929 5256 967 5324 ⁵¹¹
987 5249 1101 5324 ΨΜ·
1219 5243 1733 5362 iiss‘ibiiill'illllbl,libili
1749 5239 2128 5359 attollituttt

122 5372 261 5444 Saliam.
1224 5397 1249 5446 Ι),
1266 5380 1328 5431 333ο

170 5488 351 5553 ttrnsmn.
374 5482 481 5548 orna.
504 5482 589 5546 Vos..
611 5476 702 5545 XVI.
1498 5451 1546 5519 'to
