4544 5766
193 196 267 278 127
457 189 660 268 SCRIPTA
684 189 761 263 PH.
784 184 900 260 onst.
925 183 993 256 AD
1017 180 1228 258 E'l'lilCEN
1253 180 1320 255 Er
1344 176 1602 257 romulum
1630 176 1942 253 seueranrut.
2136 175 2223 251 :tot

192 378 305 456 tium,
337 395 413 441 non
438 370 520 439 ideo
542 365 699 447 tollitur,
733 362 817 458 quia
842 360 1007 453 superior
1026 371 1183 451 potestas
1335 354 1427 426 Illud
1450 357 1558 425 etiam
1581 356 1620 425 in
1641 360 1711 429 fine
1741 356 1982 427 adiiciendum
2010 360 2082 432 est,
2123 350 2225 443 quod

196 491 348 549 creatur.
406 475 464 544 Sic
480 484 600 541 autem
615 468 746 537 dicitur
762 465 884 535 omnia
902 488 975 534 esse
989 463 1183 554 imperato-
1234 457 1445 530 Ambrosius
1459 471 1554 528 recte
1576 461 1678 547 lecit,
1705 462 1802 557 quod
1829 481 1904 528 uon
1926 453 2029 526 cessit
2048 452 2226 544 templum

194 585 265 665 ris,
292 592 332 648 ut
345 578 495 647 dicimus
511 575 628 664 legum
645 594 719 640 esse
736 570 871 651 omnia,
893 566 930 636 id
945 577 1009 648 est,
1029 566 1184 657 impera·
1234 562 1432 653 postulanti
1450 562 1680 654 imperatori,
1707 577 1741 634 et
1762 564 1939 633 tradituro
1961 555 2150 627 haereticis
2164 552 2225 648 Ι1),

197 699 257 754 tor
280 694 333 751 est
366 701 552 770 supremus
584 676 689 743 iudex
704 685 739 741 et
768 683 952 763 protector
981 664 1183 750 hominum,
1235 664 1319 759 quia
1350 666 1502 757 prolana
1529 678 1686 756 potestas
1714 691 1790 736 non
1817 662 1927 734 habet
1948 663 2003 733 ius
2027 655 2225 728 mandandi

199 786 297 857 cuius
306 781 437 851 iudicio
447 805 503 849 res
512 777 794 848 velutcedendae
809 786 904 858 sunt,
914 796 994 841 cum
1004 774 1048 840 de
1060 795 1184 840 earum
1236 780 1360 836 contra
1375 768 1572 859 legitimam
1589 769 1814 839 vocationem
1829 766 2016 838 Ecclesiae.
2061 760 2147 830 ldeo
2162 761 2225 842 ait,

198 887 417 982 proprietate
444 882 648 973 ambigitur.
701 878 749 947 Et
764 878 802 946 in
817 898 975 958 summa,
1010 874 1061 944 sic
1078 870 1186 943 habet
1236 894 1273 939 se
1288 865 1379 939 nihil
1394 866 1462 940 hac
1475 895 1562 939 voce
1580 873 1720 957 terreri,
1733 897 1803 967 qua
1820 872 2003 940 dicebatur
2017 865 2223 934 omniaesse

198 993 253 1061 ius
276 986 490 1078 disponendi
512 987 555 1053 de
577 985 702 1066 rebus,
724 993 764 1052 ut
786 981 860 1072 ipsa
885 980 954 1048 lex.
1007 979 1057 1047 Ut
1077 977 1185 1068 igitur
1237 971 1477 1064 imperatoris.
1527 973 1612 1044 Non
1635 976 1731 1045 enim
1754 976 1798 1044 de
1822 973 1957 1064 templo
1973 969 2132 1041 cedendo
2147 978 2225 1035 erat

199 1097 255 1163 lex
281 1115 357 1159 non
376 1090 489 1171 tollit,
527 1088 587 1157 sed
616 1088 805 1155 confirmat
831 1081 990 1152 dominia
1017 1105 1080 1151 seu
1101 1102 1185 1171 pro·
1238 1077 1432 1159 contentio,
1457 1078 1517 1146 sed
1533 1078 1577 1145 de
1593 1081 1749 1148 cedenda
1766 1077 1966 1146 vocatione.
2018 1072 2101 1143 Non
2116 1066 2224 1140 habet

198 1197 386 1289 prietates,
400 1193 450 1264 sic
463 1191 558 1281 regia
573 1202 814 1280 potestasnon
830 1184 923 1254 tollit
937 1183 1185 1276 proprietates.
1238 1190 1357 1247 autem
1390 1179 1588 1270 imperator
1615 1181 1671 1251 ius
1703 1179 1874 1251 turbandi
1899 1176 2094 1269 legitimam
2121 1194 2224 1242 roca·
2251 1172 2254 1177 ’

199 1300 296 1368 Haec
312 1322 355 1365 ex
369 1297 430 1364 illo
446 1296 544 1363 fonte
565 1291 685 1360 omnia
710 1290 930 1370 iudicantur,
957 1287 1040 1381 quia
1061 1286 1186 1354 distin·
1239 1281 1386 1350 tionem.

201 1402 271 1470 ctio
304 1398 548 1469 dominiorum
583 1397 678 1464 valet
703 1395 780 1465 iure
806 1405 956 1460 naturae
983 1403 1019 1458 et
1051 1388 1186 1457 divino.

200 1505 352 1575 Manent
375 1502 483 1593 igitur
504 1498 626 1568 liberis
649 1522 732 1568 suae
753 1495 1007 1587 proprietates,
1048 1489 1188 1561 etiamsi
1483 1455 1549 1526 De
1577 1451 1914 1527 ⁶⁰'ttt'00ttttut
1931 1446 1982 1544 *)·

202 1606 385 1676 constituti
408 1604 479 1673 sint
502 1626 613 1693 reges.
665 1600 758 1672 Nam
782 1594 838 1667 his
860 1595 1039 1666 nonlicet
1062 1594 1186 1663 tollere
1238 1567 1917 1671 Anfoenmeserceremnetwm
1942 1575 2224 1645 resonaturus.

203 1712 280 1781 iura
296 1721 444 1777 naturae
461 1717 496 1774 et
509 1704 643 1773 divina.
1029 1802 1033 1807 .
1337 1706 1456 1776 Usura
1471 1721 1523 1778 est
1534 1709 1674 1778 lucrum
1689 1731 1795 1800 supra
1811 1720 1943 1777 sortem
1959 1718 2135 1789 exactum,
2149 1715 2226 1772 tan-

304 1811 400 1879 Haec
417 1807 610 1900 disputatio
627 1804 724 1875 utilis
739 1817 802 1886 est,
817 1801 900 1895 quia
917 1799 1082 1881 ostendit,
1100 1823 1187 1893 quo·
1240 1823 1316 1879 rum
1330 1822 1479 1901 propter
1496 1811 1652 1881 officium
1667 1810 1916 1881 mumafionisg
1933 1833 2018 1878 nam
2035 1832 2115 1877 mm
2131 1829 2225 1874 me.

203 1917 312 1985 modo
328 1938 385 1982 res
399 1923 539 1979 nostras
552 1923 754 1990 teneamus,
780 1917 815 1973 et
833 1906 936 1972 docet
952 1902 1032 1972 Deo
1049 1902 1187 1993 placere
1240 1914 1293 1982 dit
1307 1912 1443 2007 aliquid
1459 1914 1503 1981 ad
1519 1927 1670 1997 sortem,
1699 1939 1779 1984 cum
1796 1913 1937 1982 debito,
1953 1913 2130 1981 efficacem
2146 1932 2226 1976 cau.

204 2016 296 2086 hanc
317 2013 592 2107 proprietatem,
620 2023 654 2080 et
676 2033 798 2079 rursus
819 2005 1004 2097 displicere
1027 2004 1188 2098 tyranni·
1240 2040 1316 2085 sam
1338 2014 1461 2084 damni
1483 2018 1600 2099 dedit,
1625 2016 1686 2085 ssla
1711 2017 1862 2086 accessio
1885 2041 1960 2084 non
1985 2027 2036 2084 est
2049 2011 2226 2092 usuraria,

204 2124 285 2189 dem
310 2131 345 2186 et
366 2117 620 2184 immoderatas
644 2111 886 2203 expilationes·
959 2107 1075 2202 Atque
1106 2107 1187 2175 ideo
1241 2130 1303 2188 aut
1323 2117 1463 2188 illicita:
1497 2121 1558 2189 scd
1579 2116 1668 2188 haec
1690 2119 1842 2190 accessio
1862 2132 1915 2188 est
1932 2116 2093 2188 usuraria
2112 2126 2147 2183 et
2161 2112 2226 2181 illi-

203 2224 282 2292 iura
297 2219 505 2312 praedicant
517 2218 737 2297 libertatem,
765 2212 846 2306 quia
864 2212 1007 2280 libertas
1024 2210 1104 2279 talis
1120 2223 1189 2278 sta-
1241 2221 1329 2304 cita,
1356 2223 1400 2289 de
1416 2245 1486 2315 qua
1503 2221 1716 2314 paciscimur
1736 2234 1884 2314 propter
1908 2220 2063 2289 officium
2085 2224 2227 2288 mmm:

204 2339 261 2393 tus
277 2337 347 2406 est,
374 2322 412 2390 in
428 2345 500 2414 quo
518 2344 622 2390 suurn
638 2318 764 2410 cuique
781 2328 900 2383 tenere
914 2314 1015 2396 licet,
1042 2325 1077 2382 et
1098 2308 1189 2380 nihil
1241 2324 1368 2405 timis,
1394 2324 1500 2392 etiam
1519 2350 1599 2393 cum
1613 2325 1753 2394 debimr
1766 2349 1840 2394 non
1856 2324 1953 2393 dedit
1968 2324 2145 2392 efficacem
2169 2321 2229 2388 da.

205 2441 329 2496 contra
345 2426 439 2515 leges
464 2436 499 2491 et
521 2420 745 2491 honestatem
765 2420 880 2486 facere
897 2417 989 2485 cives
1004 2428 1189 2506 coguntur.
1241 2427 1317 2495 mni
1333 2425 1480 2495 alicuius
1496 2452 1649 2497 causam,

206 2532 327 2623 Quare
351 2528 475 2618 etipsa
499 2525 578 2595 iura
601 2522 769 2618 inquiunt
792 2515 1058 2612 philosophiam
1071 2520 1190 2586 fovere
1342 2527 1484 2598 Eruditi
1501 2530 1671 2622 colligunt
1685 2529 1856 2614 rationes,
1882 2542 1923 2599 ut
1939 2529 2129 2598 ostendant
2146 2550 2230 2594 con-

204 2631 371 2703 libetlall.
423 2628 522 2698 Talis
538 2627 632 2697 essim
648 2638 759 2697 Staius
773 2623 927 2692 maxime
948 2622 1191 2690 convessllna-
1243 2643 1297 2700 [ra
1314 2644 1481 2702 naturam
1497 2657 1589 2717 esse,
1615 2635 1741 2703 foenus
1758 2656 1930 2702 exercere,

205 2751 307 2807 turae
330 2729 531 2803 hominum.
581 2728 666 2799 ldeo
688 2730 726 2795 in
745 2727 874 2796 Codice
900 2726 993 2793 libro
1016 2738 1115 2794 sexto
1147 2726 1190 2792 de
1344 2734 1478 2805 Prima,
1528 2733 1702 2807 Iniustum
1721 2736 1923 2826 estexigere
1939 2733 2143 2825 pecuniam,
2170 2730 2233 2801 uhi

206 2835 512 2909 senatusconsulto
522 2825 746 2925 Silaniano*)
762 2829 933 2919 scriptum
952 2839 1016 2909 est,
1036 2829 1190 2895 maxime
1243 2836 1374 2906 nullius
1398 2837 1450 2905 rei
1473 2840 1705 2908 commutatio
1730 2850 1798 2922 est,
1830 2835 1899 2907 hoc
1920 2849 1990 2919 est,
2016 2834 2078 2905 uhi
2101 2833 2232 2928 aliquis

206 2944 244 3009 in
266 2938 510 3017 libertatibus,
537 2958 625 3028 qooo
647 2954 786 3022 semper
807 2924 1035 3021 Philosophia
1058 2930 1192 3020 emple-
1243 2961 1309 3028 pro
1333 2934 1446 3007 nihilo
1470 2941 1577 3032 exigit
1605 2941 1805 3033 pecuniam.
1883 2939 2105 3009 Foenerator
2133 2937 2233 3007 salva

207 3045 313 3112 ctitur
324 3039 383 3134 ¹⁸).
518 3136 556 3154 Η
639 3135 647 3151 ·
677 3134 684 3150 .
773 3133 781 3149 ·
813 3134 821 3150 ·
972 3133 980 3149 ι
1104 3131 1113 3147 .
1167 3131 1175 3146 ο
1244 3054 1339 3109 sorte
1365 3042 1472 3133 exigit
1493 3068 1620 3114 usuras
1642 3069 1716 3112 non
1738 3066 1806 3134 pro
1825 3043 2017 3137 aliquare,
2045 3039 2130 3135 quia
2156 3063 2234 3110 sors

307 3141 447 3211 Deinde
465 3151 530 3207 etsl
547 3161 601 3205 rus
618 3135 719 3204 tlvlle
744 3129 837 3203 nlhll
857 3157 1045 3226 properum
1068 3133 1194 3200 trrbrlrt
1245 3155 1296 3212 est
1327 3144 1442 3228 salva,
1481 3149 1542 3215 sed
1570 3160 1708 3216 tantum
1739 3170 1805 3237 pro
1837 3147 1953 3214 officio
1984 3141 2233 3215 mutuationis.

207 3247 335 3328 servis,
360 3256 482 3312 tamen
495 3241 549 3310 ius
565 3252 734 3321 1111111111
761 3232 829 3306 hoe
847 3249 916 3321 eet,
940 3236 1034 3305 retto
1048 3247 1193 3304 notore-
1243 3244 1339 3337 Ergo
1355 3245 1526 3317 iniustum
1544 3262 1595 3319 est
1611 3274 1736 3319 usuras
1752 3248 1900 3338 exigere.

207 3351 250 3421 lis
267 3362 302 3418 et
316 3349 370 3417 ius
385 3345 548 3414 divinum
562 3341 787 3434 praecipiunt
801 3338 956 3433 relinqui
973 3340 1104 3407 victum
1121 3361 1194 3406 ser·
1346 3348 1519 3420 secunda,
1570 3351 1641 3423 Res
1654 3378 1727 3421 110„
1743 3352 1958 3421 fructificans
1974 3363 2122 3432 natura,
2158 3372 2233 3417 non

206 3455 272 3535 ris,
289 3451 379 3522 sicut
396 3449 446 3517 ait
460 3445 725 3515 Ecclesiasticus
744 3443 824 3538 (33,
839 3440 935 3537 25.);
962 3441 1074 3511 Asino
1091 3463 1193 3523 onus,
1244 3463 1297 3520 est
1312 3454 1553 3523 transferenda
1569 3469 1741 3550 tanquam
1756 3453 1983 3536 fructificans,
2008 3466 2130 3545 11th
2146 3475 2232 3542 agro

205 3555 378 3648 pabulum
401 3565 437 3620 et
460 3551 620 3641 1111811111,
656 3548 704 3617 tto
731 3569 833 3616 11110
855 3547 1035 3627 laborem,
1060 3543 1193 3612 vietum
1245 3555 1401 3638 clocato,
1428 3581 1509 3625 cum
1524 3571 1652 3627 natura
1668 3557 1872 3640 fmctilicet,
1898 3558 1979 3626 licet
1995 3554 2132 3650 aliquid
2146 3554 2233 3624 reci·

208 3673 243 3727 et
264 3656 500 3746 disciplinam.
574 3753 582 3769 .
765 3751 773 3766 ·
963 3750 970 3765 .
1113 3747 1120 3762 .
1245 3681 1348 3749 perc,
1371 3658 1510 3730 etiarnsi
1535 3661 1609 3752 ipse
1634 3685 1718 3752 ager
1738 3685 1813 3730 non
1837 3660 2024 3730 amittitur.
2074 3657 2233 3729 Pecunia

307 3757 402 3825 Haec
431 3767 606 3826 sententla
633 3764 775 3820 tamem
805 3752 849 3818 de
879 3774 990 3820 servre
1022 3750 1195 3841 loquitur,
1247 3772 1366 3829 autem
1384 3785 1459 3828 non
1475 3776 1526 3832 est
1542 3788 1598 3834 rcs
1622 3777 1751 3833 natura
1769 3762 1997 3833 fructificans.
2045 3760 2143 3853 Ergo
2166 3784 2233 3853 pro

207 3879 330 3932 tamen
344 3861 373 3930 si
391 3859 470 3952 quis
487 3871 567 3949 apte
583 3856 858 3945 interpretetur,
891 3875 1021 3942 magno
1037 3875 1079 3919 er
1093 3861 1194 3940 Porte
1247 3863 1363 3953 pretio
1380 3888 1454 3931 non
1473 3878 1524 3936 est
1544 3867 1680 3960 aliquid
1701 3867 1931 3958 exigendum,
1958 3891 2038 3936 curn
2059 3889 2137 3935 sors
2159 3886 2234 3932 ma-

208 3966 322 4060 pingit
338 3963 512 4056 optimum
527 3957 743 4049 reipublicae
759 3968 901 4025 statum.
1246 3979 1331 4033 neat
1344 3966 1452 4036 salva,

221 4090 227 4106 ·
307 4066 430 4137 Prima
441 4058 839 4132 enimetnocentissirna
851 4053 1196 4149 pestisestreipubli·
1350 4067 1485 4138 Tertia,
1536 4070 1694 4139 pretium
1718 4093 1793 4137 non
1814 4072 1918 4141 debet
1941 4092 2149 4140 esserum:
2175 4091 2236 4159 p„

208 4199 268 4240 cae
283 4171 395 4240 otium
413 4168 526 4258 vulgi:
555 4165 636 4234 ideo
651 4160 827 4254 principio
852 4158 1003 4252 requirit
1027 4153 1196 4226 honestos
1249 4168 1352 4239 cunia
1376 4184 1428 4241 est
1450 4171 1623 4262 pretium
1652 4197 1736 4263 0130
1761 4174 1911 4264 pecunia
1939 4198 2014 4241 „011
2039 4171 2146 4240 dehet
2163 4194 2237 4240 0350

207 4277 358 4342 labores.
648 4367 655 4382 ·
767 4364 776 4382 .
817 4365 826 4380 .
869 4364 877 4380 ι
1000 4362 1009 4378 .
1072 4362 1080 4379 ·
1247 4278 1359 4342 me'rx.
1423 4274 1599 4345 Maiorem
1628 4277 1763 4366 probo,
1805 4278 1908 4370 quia,
1948 4276 2237 4370 quandocunque

310 4374 474 4443 Secundo
495 4396 585 4462 opus
609 4381 717 4437 ettam
741 4366 947 4457 (115111111111,
974 4363 1139 4431 thelleet
1156 4373 1197 4431 Ut
1247 4375 1404 4468 pretium
1418 4378 1456 4446 fit
1471 4403 1589 4463 merx,
1616 4401 1755 4469 semper
1769 4379 1904 4449 accedit
1922 4377 2057 4472 aliquid
2073 4378 2238 4446 foenera-

209 4477 334 4594 delicta
350 4498 471 4545 severe
492 4472 708 4565 puniantur,
733 4469 782 4539 ita
807 4478 1063 4538 conservantur
1083 4465 1122 4531 in
1142 4489 1197 4533 re·
1248 4477 1377 4572 torio)
1400 4504 1508 4571 supra
1530 4482 1697 4572 pretium,
1748 4478 1798 4551 lta
1834 4483 1977 4551 additur
2005 4478 2143 4575 aliquid
2168 4503 2237 4571 pro

208 4582 349 4675 publrca
374 4574 544 4694 honestas
565 4586 601 4642 et
618 4598 738 4691 pax..
839 4675 847 4690 ·
985 4671 993 4687 ·
1055 4671 1064 4685 .
1248 4577 1383 4666 nihilo,
1411 4596 1446 4650 et
1459 4585 1498 4651 fit
1511 4583 1757 4678 inaequalitas.
1809 4582 1859 4653 Ita
1876 4584 1982 4677 pauci
1994 4586 2239 4652 foeneratores

310 4681 435 4749 Tertto
453 4701 607 4771 aequum
625 4671 1197 4792 951011110111181111151113111110·
1250 4681 1465 4755 exhauriunt
1487 4685 1670 4756 civitatum
1683 4688 1878 4757 facultates.
1930 4687 2014 4757 Non
2037 4685 2132 4755 enirn
2155 4709 2240 4777 pos-

209 4787 328 4867 ribus,
363 4796 398 4852 et
424 4805 513 4872 ⁰PUS
541 4791 594 4848 est
624 4792 894 4848 ⁰⁰⁰⁵eevet¹⁰oe
918 4775 1127 4845 sacrdtatum
1153 4775 1198 4842 ed
1250 4801 1332 4859 sunt
1354 4813 1427 4857 esse
1447 4801 1640 4880 perpetuae
1665 4789 1979 4873 commutationes,
2005 4789 2068 4860 ubi
2090 4802 2242 4858 nonest

210 4887 460 5005 educationem
487 4883 703 5001 liberorum,
749 4892 851 4997 etout
881 4879 951 4948 sint
974 4876 1197 4996 'reipublicae
1251 4891 1455 4985 aequalitas,
1511 4890 1558 4961 Εῑ
1583 4889 1641 4962 hic
1663 4905 1827 4988 quaestus
1847 4917 1888 4962 eo
1912 4894 2029 4962 maior
2051 4903 2121 4973 esp,
2152 4891 2239 4986 qnia

209 4993 407 5085 praesrdro,
435 4990 515 5057 rdeo
532 4985 630 5055 rubet
647 4996 754 5052 etlam
770 4993 903 5050 victum
919 4981 1086 5075 relrnqur.

211 5115 417 5130 ..ῤ-

1251 5064 1456 5078 ἠ

242 5156 450 5279 11)ιεί1111111110]
470 5152 511 5204 sic
528 5151 556 5201 in
574 5149 639 5202 cod.
658 5147 793 5211 scriptum
813 5148 876 5211 est,
897 5144 925 5196 in
939 5147 1008 5197 Edd.
1021 5145 1110 5210 Eptt.:
1130 5145 1200 5208 Syl·
1286 5172 1333 5240 ¹4)
1352 5175 1370 5224 i·
1384 5189 1407 5225 θ.
1419 5175 1548 5240 mmm
1566 5176 1639 5227 conf·
1657 5190 1683 5238 p·
1699 5175 1756 5227 m.
1775 5179 1803 5226 et
1814 5177 1950 5228 Ambrosii
1967 5178 2103 5239 ”mom
2122 5178 2239 5231 w—n.

245 5237 679 5363 13)1111111ξὲιοο.ηη“ι,Μιίωπιπ
697 5286 724 5335 ln
745 5284 812 5336 cod.
830 5283 849 5336 1.
870 5282 918 5332 vl.
936 5283 977 5335 ttt.
996 5283 1039 5334 11.
1062 5283 1125 5347 lege
1143 5284 1199 5333 11.;
1286 5258 1319 5326 *l
1338 5260 1872 5313 911111111111111111111111111110111·
1892 5263 2020 5327 Prolessb
2040 5276 2065 5324 1·
2082 5263 2178 5327 111111·

279 5400 298 5430 ,.
307 5367 394 5426 01111111
417 5359 588 5412 Silanianum
612 5347 928 5417 1111111110111111111111”,
965 5352 1020 5405 vid.
1039 5351 1123 5416 corp.
1148 5351 1200 5401 tur.
1286 5342 1332 5409 to)
1351 5346 1535 5407 foeneratori]
1556 5345 1597 5393 stc
1615 5345 1680 5397 troo
1706 5346 1937 5409 1511111111
1963 5348 2013 5398 Ed.
2035 5348 2109 5401 11111.
2128 5353 2241 5419 typogr.

277 5436 329 5485 civ.
349 5432 391 5483 ed.
410 5429 493 5481 Beck.
512 5428 542 5476 1.
559 5426 592 5479 11.
612 5424 643 5476 11.
662 5425 683 5476 1.
701 5438 725 5488 p.
744 5423 805 5474 194.
1321 5426 1435 5467 errore:
1453 5413 1601 5466 toemtort.
