4544 5766
190 197 263 274 291
459 192 671 270 SCRIPTA
686 190 768 269 Pli.¹
787 188 902 267 MEL.
928 186 995 266 AB
1020 186 1230 267 tumultu
1254 191 1321 264 ΕΤ
1345 184 1941 282 murmuratorum.
2139 194 2215 271 m

190 384 315 466 postea
339 370 489 462 intelligi
508 368 651 462 poterit.
708 367 890 438 Admonet
913 366 995 440 sine*
1014 366 1177 437 doctrina
1229 366 1460 462 praecipuam
1491 367 1704 439 doctrinam·
1723 392 1799 441 esse
1817 362 2062 462 gubernutbri
2100 368 2222 437 ideam

190 499 266 545 non
282 474 473 566 perfectam
490 494 563 542 esse
579 471 760 542 virtutem.
795 471 859 542 Est
875 470 984 562 igitur
998 470 1077 540 idea
1090 468 1179 539 boni
1229 469 1336 553 boni,
1378 496 1444 541 nec
1472 472 1547 541 sine
1579 482 1761 564 capesse
1785 474 1861 565 regi
1883 472 2071 555 civitates,
2119 470 2219 540 addit

192 591 228 648 et
243 574 401 646 hocloco
417 575 563 644 illustris
584 575 760 665 cognitio,
785 575 911 668 inqua
928 574 1086 643 cernitur
1100 571 1179 664 pul·
1230 585 1373 664 postea,
1402 598 1476 642 non
1490 598 1594 668 posse
1610 594 1688 644 eam
1707 575 1792 645 satis
1806 574 1971 668 perspici.
2011 572 2074 642 Ac
2094 596 2221 644 rursum

193 676 356 749 chritudo
386 679 579 760 virtutum,
620 690 663 746 et*
686 679 788 746 firma
815 688 867 748 est
886 676 1041 746 assensio
1067 673 1179 744 animi
1229 674 1489 767 sapientissime
1518 677 1621 746 dicit:
1664 677 2082 769 omnisanimaappetit
2106 678 2222 770 quod-

193 781 437 873 amplectentis
466 782 673 862 veritatem,
715 790 750 848 et
779 782 895 848 fontes
923 777 1179 870 perspicientis,
1230 779 1313 844 dam
1340 778 1507 848 ultimum
1530 780 1687 865 bonum,
1722 781 1824 874 qstasi
1848 781 2047 850 vaticinans
2072 779 2222 873 aliquod

193 885 288 954 ciens
306 908 404 954 acres
427 907 568 952 amores
593 882 753 964 virtutis,
781 906 822 951 ac
839 893 978 964 tantos,
1004 894 1046 950 ut
1066 881 1179 949 virtus
1231 903 1315 949 esse.
1367 880 1436 950 Sed
1451 894 1575 951 tamen
1595 883 1778 952 nonsatis
1801 879 2222 975 apprehenderepotest,

194 987 413 1056 anteferatur
441 985 683 1077 voluptatibus
709 985 888 1076 corporis,
931 985 1004 1052 imo
1034 996 1076 1053 ut
1102 982 1177 1074 ipsa
1231 1007 1296 1050 nec
1312 983 1453 1052 firmam
1471 986 1515 1053 de
1530 1009 1572 1054 eo
1595 981 1726 1054 habere
1749 986 2008 1069 assensionem,
2033 998 2068 1054 et
2091 985 2222 1053 deinde

193 1089 343 1173 virtute,
375 1083 603 1157 nihilonimo
620 1087 755 1158 dulcius
774 1087 829 1157 sit.
888 1084 985 1156 Haec
1003 1085 1051 1155 ita
1072 1108 1180 1177 capu*
1232 1085 1350 1177 inquit
1364 1087 1411 1154 ita
1427 1087 1544 1171 cerni,
1573 1098 1615 1155 ut
1637 1087 1694 1156 vel
1716 1088 2036 1182 magnitudines¹³)
2061 1089 2119 1156 vel
2142 1110 2223 1157 um-

191 1193 286 1275 lata,
312 1203 419 1261 vocat
439 1191 543 1260 Plato
566 1190 702 1259 bonum
723 1189 942 1271 universale,
975 1201 1033 1272 ut,
1060 1187 1178 1278 Scipio
1230 1188 1316 1255 brac
1336 1190 1530 1278 figurarum
1548 1190 1586 1258 in
1604 1213 1696 1283 aqua
1715 1203 1921 1261 cernuntur.
2007 1210 2010 1221 ·

193 1295 291 1364 videt
314 1307 487 1389 quantum
511 1296 634 1375 decus,
663 1306 795 1387 quanta
811 1287 1039 1384 pulchritudo
1057 1291 1102 1361 sit
1122 1292 1180 1358 de·
1334 1290 1430 1359 llaec
1458 1292 1571 1383 caligo
1601 1287 1756 1361 humana
1781 1305 1816 1362 et
1839 1293 2077 1363 inconstantia
2102 1314 2223 1363 assen-

194 1397 308 1466 fensio
329 1395 485 1489 patriae,
518 1397 635 1486 legum
663 1408 697 1464 et
721 1393 945 1486 discipliuae,
977 1388 1180 1462 contraho·
1231 1392 1341 1463 sionis
1371 1417 1475 1484 saepe
1507 1394 1703 1465 aPlatone
1732 1397 1862 1464 merito
1887 1397 2114 1488 deploratur,
2155 1395 2223 1464 etsi

195 1512 288 1571 stem*
301 1500 515 1582 barbarum,
541 1498 738 1581 crudelem,
766 1497 1005 1588 impudicum,
1030 1510 1064 1565 et
1078 1496 1179 1564 firma
1233 1519 1375 1564 causam
1399 1492 1528 1565 harum
1552 1499 1778 1568 tenebrarum
1803 1498 2003 1589 ignorabat.
2054 1499 2124 1568 Sed
2140 1497 2223 1566 Ari-

197 1603 398 1672 assensione
420 1602 605 1683 incitatus,
639 1602 842 1670 accenditur
864 1599 1038 1668 acerrimo
1062 1597 1180 1667 studio
1233 1598 1374 1666 stoteles
1405 1594 1470 1669 has
1498 1599 1659 1693 querelas
1692 1625 1766 1670 non
1794 1603 2020 1693 magnifacit,
2053 1625 2120 1670 nec
2144 1601 2223 1670 vrrlt

195 1704 249 1774 rei
263 1716 382 1774 tantae
397 1703 650 1796 suscipiendae.
699 1703 831 1798 Estque
847 1703 879 1770 ei
893 1701 1086 1771 iucundum
1108 1726 1182 1770 sus·
1231 1696 1396 1769 homiues
1420 1702 1463 1770 de
1485 1703 1556 1771 fine
1580 1703 1778 1794 ambigere,
1820 1717 1854 1772 et
1876 1705 2004 1774 fortius
2029 1717 2221 1785 asseverat,

197 1809 314 1900 cipere
338 1822 373 1877 et
395 1808 552 1900 perferre
574 1802 640 1876 bos
663 1805 823 1888 labores,
850 1805 940 1873 sicut
952 1801 1106 1873 Achilles
1127 1803 1182 1870 in·
1232 1803 1339 1871 sentit
1354 1827 1429 1871 non
1447 1804 1607 1895 ignotum
1631 1829 1704 1876 esse
1719 1809 1824 1874 finem
1843 1801 2019 1891 bominis,
2044 1830 2111 1875 nec
2125 1807 2221 1875 noti·

196 1916 397 2001 terrogatus
418 1911 462 1976 ab
476 1909 601 1991 Aiace,
629 1931 719 2002 quos
741 1909 882 1977 labores
906 1905 1068 1976 omnium
1091 1905 1181 1973 diffi-
1233 1905 1318 1973 tiam
1335 1929 1408 1975 esse
1425 1907 1553 1991 finem,
1578 1909 1833 1977 seductionem
1852 1910 2005 1980 virtutis.
2051 1908 2221 2002 Denique

196 2013 346 2081 cillimos
385 2012 605 2103 pertulisset,
649 2012 899 2102 responderatt
947 2034 1013 2102 pro
1047 2006 1181 2076 amicis.
1234 2021 1383 2098 apparet
1408 2010 1598 2101 praecipue
1633 2012 1666 2079 ei
1698 2012 1916 2105 displicuisse
1943 2013 2040 2080 illam
2075 2034 2221 2109 vocem:

196 2115 248 2183 Ac
268 2137 390 2184 rursus
415 2113 670 2204 interrogatus,
701 2113 763 2206 qui
788 2112 928 2181 labores
947 2112 980 2180 ei
1002 2112 1182 2180 iucundis·
1233 2134 1308 2178 non
1322 2134 1426 2201 posse
1445 2113 1568 2181 ornari
1586 2113 1745 2183 civitates
1761 2114 1838 2185 sine
1853 2115 1913 2183 illa
1931 2116 2023 2197 idea,
2045 2138 2126 2183 cum
2143 2115 2223 2208 qui·

196 2216 278 2287 simi
298 2217 464 2297 fuissent,
495 2217 651 2296 dixerat,
678 2216 820 2284 eosdem
844 2213 948 2283 fuisse
971 2212 1181 2284 iucundissi-
1233 2214 1312 2281 dem
1339 2213 1413 2304 ipse
1433 2213 1607 2283 iudicaret
1623 2212 1756 2309 'illos*)
1782 2218 1824 2285 de
1844 2218 1923 2287 idea
1947 2241 2131 2288 sermones
2155 2216 2223 2285 im-

197 2343 287 2389 mos.
339 2316 379 2387 ln
403 2317 465 2386 tali
488 2318 608 2386 animo
631 2317 725 2386 lucet
744 2317 871 2387 notitia
896 2317 1036 2387 virtutis
1057 2315 1181 2406 magis,
1232 2315 1399 2407 Proprius
1415 2328 1451 2384 et
1469 2319 1802 2389 confusaneos'esse.

197 2445 306 2515 quam
330 2420 555 2503 incaeteris,
590 2432 624 2489 et
638 2421 777 2490 acribus
794 2418 944 2489 stimulis
957 2431 1079 2511 pectus
1099 2442 1181 2487 extr·
1333 2415 1492 2509 Exposui
1520 2444 1695 2489 summam
1733 2421 1983 2513 disputationis
2011 2421 2223 2491 Platonicae

196 2523 309 2593 scitat.
382 2521 483 2591 Hanc
521 2524 702 2591 ardentem
745 2523 911 2591 notitiam
939 2522 1043 2591 Plato
1077 2533 1182 2588 vocat
1232 2521 1276 2587 de
1299 2518 1379 2588 idea
1402 2521 1500 2592 boni.
1567 2523 1671 2593 Nunc
1695 2525 1820 2593 ordine
1841 2525 1997 2594 recitabo
2019 2525 2223 2595 Aristotelis

197 2625 313 2693 ideam
336 2625 441 2708 boni,
467 2637 507 2693 ut
530 2624 614 2695 satis
636 2626 821 2717 perspicue
843 2648 944 2694 suam
969 2625 1180 2695 sententiam
1233 2635 1463 2712 argumenta,
1496 2625 1624 2719 qrribus
1646 2628 1776 2695 refutat
1797 2627 1997 2700 Platonem.
2056 2627 2134 2698 Etsi
2159 2650 2221 2697 au·

196 2727 236 2795 in
262 2741 359 2797 sexto
391 2729 433 2796 de
463 2728 644 2818 republica
673 2740 707 2795 et
737 2726 775 2795 in
805 2723 980 2796 Philoebo
1014 2726 1180 2794 declarat.
1233 2738 1304 2792 tem
1323 2749 1398 2792 non
1414 2728 1610 2796 attendenti
1634 2755 1706 2822 quo
1731 2731 1915 2798 referenda
1939 2731 2027 2815 sint,
2060 2722 2098 2800 e't
2118 2731 2219 2821 igno-

143 2860 156 2883 ·
195 2828 269 2901 Nec
286 2829 433 2899 dubium
455 2841 507 2898 est
526 2830 752 2898 Aristotelem
778 2829 975 2899 intuentem
996 2830 1118 2896 animo
1144 2828 1181 2895 in
1231 2828 1328 2895 ranti
1345 2829 1530 2898 consilium
1545 2829 1764 2916 Aristotelis,
1790 2832 1957 2902 videntur
1971 2834 2141 2917 obscura,
2168 2845 2218 2902 ta-

198 2956 258 3001 eos
285 2934 400 3015 locos,
441 2957 522 3000 cum
546 2928 632 2999 baec
657 2931 843 3014 scriberet,
882 2931 1033 3002 voluisse
1057 2930 1182 2999 lectori
1231 2951 1315 2997 men
1337 2930 1439 2999 facile
1464 2932 1725 3023 intelligentur,
1759 2935 1789 3004 si
1817 2935 1896 3029 quis
1920 2936 2049 3005 viderit
2072 2931 2144 3005 hoc
2163 2935 2218 3027 agi

197 3035 367 3104 iudicium
389 3059 492 3104 suum
515 3034 722 3125 significare.
787 3034 948 3124 Quaerat
975 3045 1094 3103 autem
1118 3033 1181 3100 ali·
1233 3032 1277 3100 ab
1296 3031 1505 3118 Aristotele,
1538 3049 1579 3104 ut
1599 3035 1796 3127 improprie
1819 3051 1854 3106 et
1877 3042 2021 3109 confuse
2046 3036 2141 3108 dicta
2164 3060 2217 3109 re·

198 3137 295 3231 quis:
330 3136 427 3228 Quid
447 3137 493 3205 sit
516 3135 661 3206 absurdi
684 3135 723 3204 in
736 3135 898 3205 Platonis
925 3136 1119 3217 sententia,
1152 3135 1181 3204 si
1232 3130 1442 3225 prehendat.
1493 3137 1598 3206 Plato
1615 3139 1718 3208 toties
1734 3140 1838 3223 dicit,
1872 3164 1937 3209 nec
1960 3141 2129 3211 virtutem
2155 3164 2218 3210 nec

198 3240 306 3308 verba
330 3242 451 3309 dextre
476 3238 706 3330 accipiantur.
766 3237 998 3330 Respondeo:
1026 3236 1080 3307 lle
1104 3235 1180 3328 ipsa
1232 3237 1452 3328 voluptatem
1476 3241 1583 3309 finem
1611 3264 1702 3325 esse,
1734 3243 1796 3311 scd
1819 3242 1934 3312 ideam
1958 3243 2065 3327 boni,
2108 3266 2217 3340 quam

197 3339 289 3411 nilril
312 3367 384 3412 esse
407 3342 572 3427 absurdi,
604 3366 669 3411 nec
694 3340 847 3410 multum
868 3366 888 3410 a
912 3341 1086 3411 sententia
1101 3340 1182 3408 Ari·
1232 3339 1451 3430 imaginatur
1486 3343 1672 3434 complecti
1709 3344 1876 3414 virtutem
1915 3359 1950 3414 et
1985 3347 2217 3438 uoluptatem.

197 3444 332 3517 stotelis
355 3445 566 3537 discrepare.
625 3443 740 3515 Sentit
761 3445 865 3513 Plato
889 3444 1036 3515 virtutes
1058 3467 1181 3534 regen·
1232 3441 1370 3512 Deinde
1410 3468 1473 3514 sua
1508 3449 1660 3539 quadam
1692 3448 2001 3541 grandiloquentia
2034 3450 2220 3541 praedicat

198 3550 261 3618 das
287 3572 360 3618 esse
380 3573 462 3616 vera
489 3561 523 3618 et
543 3547 655 3618 solida
680 3547 896 3632 eruditione,
940 3559 974 3616 et
1003 3546 1182 3638 vituperat
1232 3546 1349 3629 ideas,
1396 3546 1483 3615 dicit
1513 3574 1586 3618 esse
1613 3562 1821 3640 perpetuas,
1862 3576 1928 3619 nec
1957 3576 2031 3622 esse
2061 3552 2217 3643 singula·

199 3674 279 3732 eos,
302 3650 364 3743 qui
384 3650 560 3740 putabant
582 3652 743 3742 vulgares
767 3662 803 3719 et
823 3648 1019 3720 ineruditas
1042 3647 1181 3741 opinio·
1232 3648 1345 3732 rium,
1370 3650 1432 3718 sed
1448 3663 1588 3721 tantum
1605 3653 1798 3722 abstractas
1817 3651 2007 3744 imagines,
2031 3666 2093 3740 ut,
2116 3651 2219 3725 forti-

196 3775 261 3822 nes
283 3750 452 3821 sufficere.
518 3752 569 3819 Ac
591 3753 742 3849 requirit
763 3752 903 3821 firmam
931 3751 1181 3836 assensionem,
1232 3751 1366 3821 tudinis
1383 3751 1521 3837 ideam,
1556 3754 1641 3822 dicit
1666 3777 1738 3824 esse
1760 3758 1971 3847 perfectam,
2005 3778 2081 3828 non
2102 3755 2219 3853 qualis

200 3860 290 3950 quae
308 3853 477 3923 exuscitat
492 3854 537 3921 ad
553 3867 645 3923 recte
662 3855 850 3945 agendum,
874 3867 907 3922 et
921 3854 1180 3947 paritinrecte
1233 3854 1339 3923 estin
1356 3853 1562 3924 Catonevel
1577 3856 1738 3926 Caesare.
1796 3858 1944 3951 Semper
1965 3860 2003 3928 in
2029 3860 2220 3953 singulari-

196 3958 299 4028 factis
314 3957 545 4048 voluptatem,
570 3950 657 4026 haec
675 3955 861 4026 coniuncta
876 3956 985 4028 sensit
1002 3982 1181 4027 summum
1231 3957 1297 4026 bus
1321 3957 1456 4050 aliquid
1482 3970 1534 4028 est
1552 3959 1840 4051 imperfectionis.
1898 3960 1940 4031 ln
1961 3963 2096 4033 Catone
2116 3963 2219 4034 forti·
2261 4030 2263 4035 .

198 4061 333 4130 bonum
348 4055 506 4128 hominis
524 4084 608 4129 esse.
661 4057 823 4161 Cumque
845 4084 919 4127 non
944 4061 1113 4154 loquatur
1138 4062 1180 4129 de
1233 4060 1319 4127 tudo
1337 4060 1485 4150 propius
1504 4063 1548 4129 ad
1566 4062 1726 4130 inutilem
1743 4064 2138 4153 pertinaciamaccedit.
2158 4062 2219 4136 <ln
2261 4116 2263 4151 :

200 4165 314 4234 otiosa
338 4162 465 4231 notitia
490 4160 613 4245 Plato,
651 4186 716 4231 nec
738 4161 945 4232 Aristoteles
969 4166 1012 4231 de
1038 4162 1181 4246 virtute,
1233 4160 1382 4230 Caesare
1398 4163 1545 4253 propius
1562 4165 1607 4232 ad
1622 4165 1878 4250 temeritatem,
1910 4192 1972 4237 seu
1995 4169 2218 4240 violentiam.
2259 4221 2263 4259 2

200 4290 291 4359 quae
315 4259 436 4358 nou*)
460 4266 594 4355 regitur
616 4291 698 4335 vera
724 4266 905 4347 doctrina,
935 4265 1019 4335 satis
1033 4280 1182 4356 apparet
1232 4263 1317 4332 Vult
1331 4263 1438 4354 igitur
1451 4265 1555 4335 Plato
1571 4290 1652 4336 suas
1669 4266 1765 4337 ideas
1788 4293 1860 4338 csse
1884 4269 2057 4360 imagines
2081 4272 2219 4343 abstru-

199 4371 462 4461 propemodum
478 4369 669 4440 sententias
686 4392 890 4460 congruere.
1233 4380 1326 4449 ctas,
1354 4390 1446 4460 qrrae
1465 4368 1513 4437 sic
1529 4383 1613 4438 sunl
1630 4380 1843 4462 perpetuae,
1869 4372 1972 4442 sicuti
1990 4374 2219 4447 definitiones

1233 4494 1252 4537 a
1269 4469 1459 4539 dialecticis
1475 4471 1640 4542 dicuntur
1658 4496 1730 4543 esse
1746 4487 1951 4564 perpetuae.

1332 4570 1407 4641 laam
1429 4573 1611 4644 videamus
1632 4572 1831 4645 Aristotelis
1852 4591 2073 4668 argumenta.
2138 4576 2219 4650 Prt-

1232 4698 1330 4742 mum
1359 4686 1428 4743 est:
1469 4675 1701 4746 Diversarum
1730 4678 1926 4770 specierum
1955 4704 2031 4750 non
2061 4693 2114 4752 est
2142 4698 2216 4752 urta

1231 4776 1431 4846 communis
1447 4777 1546 4862 idea,
1571 4792 1612 4848 ut
1625 4779 1739 4850 leonis
1754 4793 1788 4849 et
1805 4781 1907 4853 asini.

352 4522 426 4591 dur
451 4524 567 4617 igitur
590 4520 877 4615 reprehenditur
895 4514 1031 4591 Plato?

299 4639 483 4731 Quaedam
514 4641 707 4734 improprie
730 4655 764 4710 et
787 4641 929 4710 confuse
954 4638 1120 4709 dicuntur
1142 4638 1180 4707 in

197 4740 258 4810 illa
274 4740 352 4811 idea
371 4743 469 4812 boni.
521 4743 585 4813 Est
598 4757 716 4812 autem
733 4743 941 4813 Aristoteles
959 4766 1082 4811 amans
1097 4765 1180 4834 pro-

198 4843 269 4936 prii
284 4845 477 4928 sermonis,
505 4871 576 4941 quo
593 4845 808 4915 inducendo
826 4846 879 4914 uti
903 4844 1092 4937 praecipue
1117 4869 1179 4913 ne·
1331 4878 1601 4951 Diversfsspmae
1621 4892 1704 4952 sung
1727 4882 1860 4973 species
1876 4886 2077 4970 bonorum,
2103 4882 2218 4958 hom.

198 4969 292 5018 cesse
325 4960 388 5019 est.
448 4947 586 5016 Deinde
618 4948 775 5018 fortassis
803 4947 862 5015 illa
897 4947 1000 5018 toties
1028 4947 1177 5040 repetita
1229 4992 1343 5066 stum,
1370 4981 1475 5067 utile,
1500 5008 1620 5054 sum·

198 5050 343 5147 querela
357 5048 518 5121 Platonis
532 5051 693 5143 displicet
706 5048 908 5133 Aristoteli,
934 5050 973 5118 in
988 5074 1057 5145 qua
1073 5046 1177 5119 Plato
1329 5082 1413 5153 Non
1429 5099 1481 5155 est
1495 5087 1603 5178 igitur
1616 5111 1687 5156 una
1703 5086 1903 5171 fdegb0n1‚
1934 5090 2123 5162 confinem
2141 5093 2217 5165 fif,

196 5153 388 5271 ‘ignificfllj
426 5154 534 5274 finfm
560 5149 717 5224 h⁰¹¹¹i¹¹l⁵
740 5176 814 5221 ”⁰¹¹
836 5152 919 5270 {³5³
943 5165 1069 5271 ¹¹⁰le
1093 5178 1177 5223 ⁰⁵⁵⁸·
1228 5198 1339 5254 tutem
1355 5200 1390 5256 et
1406 5189 1646 5281 voluptatem,
1670 5202 1712 5258 ut
1725 5190 1942 5281 imaginatur
1957 5191 2115 5264 Platoin
2128 5191 2217 5268 Phi·

198 5256 288 5329 cum
304 5256 449 5327 dixisset
468 5282 508 5326 rn
529 5270 627 5328 sexto
649 5258 693 5329 de
716 5255 899 5347 republica
920 5278 1116 5326 mammam
1136 5279 1177 5324 ac

216 5423 248 5462 Ι*
1263 5354 1311 5412 16)
1328 5354 1544 5420 magnitudtntr]
1563 5355 1606 5406 sto
1620 5355 1671 5408 Ed.
1691 5356 1783 5421 16163
1808 5356 1857 5411 lld
1878 5358 1954 5409 1646.
1971 5361 2180 5428 summinio.

238 5422 355 5486 non)
369 5426 413 5476 sto
427 5424 478 5480 Ed.
498 5424 589 5488 16465
613 5423 642 5474 lu
657 5422 707 5474 td
730 5420 806 5476 1646.
824 5421 912 5475 deest.
1261 5420 1295 5490 *J
1313 5423 1394 5489 tuos]
1412 5424 1453 5476 stc
1468 5424 1519 5478 ru
1537 5424 1630 5493 16465
1652 5426 1682 5478 tr
1698 5426 1749 5479 66.
1769 5426 1845 5481 1616.
1863 5427 1950 5480 deut.
