4544 5766
196 219 269 292 147

193 408 263 463 tur.
314 388 439 483 ltaque
456 388 493 456 in
507 386 708 458 civitatibus
730 386 807 456 iure
821 386 1021 458 constitutis
1043 413 1183 481 semper

191 498 339 565 fuerunt
353 493 446 583 leges
462 494 505 560 de
520 504 656 581 stupr0.
740 525 742 528 >

294 595 477 663 Differunt
497 605 616 662 autem
640 604 804 683 stuprum
828 592 865 658 vi
881 593 1027 674 factum,
1054 594 1089 660 et
1110 605 1182 662 stu-

192 722 298 792 prum
321 699 397 768 sine
419 696 589 765 violentia
612 696 756 763 iactum.
808 693 1014 764 Romanum
1037 693 1093 764 ius
1117 718 1183 763 no-

192 800 357 870 minatim
374 798 518 890 capitali
532 821 648 890 poena
665 808 828 889 stuprum
845 797 881 864 vi
896 798 1049 879 iactum,
1076 809 1111 866 et
1125 821 1183 865 ra-

191 916 293 996 ptum
311 902 426 995 punit.
476 899 537 981 Et,
548 912 698 992 uterque
716 923 816 969 casus
837 900 913 990 lege
929 897 1018 969 iulia
1031 898 1078 995 ¹¹¹)
1098 924 1182 992 pro-

191 1006 379 1076 nuntiatur
405 1028 479 1074 esse
504 1003 559 1072 vis
580 1001 740 1094 publica,
779 1027 851 1094 qno
874 1003 1022 1071 crimine
1043 1005 1181 1072 nullum

192 1121 245 1180 est
268 1107 435 1176 atrocius.
506 1103 580 1174 Lex
602 1104 819 1199 mosaicae)
848 1104 955 1174 etiam
985 1117 1020 1174 et
1045 1104 1182 1174 Atticae

190 1213 285 1302 leges
317 1206 482 1300 stuprum
512 1208 548 1275 vi
578 1209 710 1277 iactum
738 1207 947 1299 capitalibus
972 1207 1098 1299 poenis
1117 1233 1183 1300 pu-

192 1314 350 1382 niebant.
601 1320 605 1327 '

268 1462 272 1471 -
295 1414 363 1484 Sed
391 1413 488 1481 aliud
514 1424 567 1482 est
590 1420 754 1504 stuprum
786 1412 862 1481 sine
890 1411 1080 1496 violentia,
1113 1408 1183 1481 hoc

193 1513 301 1587 habet
326 1517 404 1586 iure
428 1515 587 1584 Mosaico
610 1539 783 1607 poenam:
818 1513 937 1583 Ducat
960 1529 995 1583 et
1016 1514 1182 1610 dotet'⁸).

192 1620 311 1689 Attico
336 1620 412 1688 inre
435 1618 616 1687 mitiorem
637 1640 791 1708 poenam
818 1613 943 1687 hahet:
975 1618 1093 1687 Ducat
1122 1631 1184 1687 aut

193 1726 303 1792 dotet.
354 1719 429 1790 Lex
445 1719 603 1791 Mosaiea
621 1720 799 1790 consuluit
815 1715 946 1788 honori
968 1720 1183 1812 puellarum,

192 1839 228 1895 et
243 1823 340 1894 auxit
355 1847 531 1916 poenam,
558 1822 653 1912 cogit
672 1823 766 1890 enim
784 1824 829 1890 ad
844 1824 1060 1891 ducendam:
1095 1823 1181 1891 item

193 1930 240 1997 ad
257 1929 414 1996 dandam
431 1927 573 2008 dotem,
600 1936 635 1992 et
649 1937 747 1993 vetat
763 1948 842 1993 cum
866 1925 925 1992 illa
948 1948 1107 2018 unquam
1131 1928 1183 1994 fa-

192 2054 272 2099 eere
291 2028 499 2098 divortium.

292 2127 351 2200 lus
364 2130 570 2199 Romanum
586 2129 769 2200 coustituit
791 2128 992 2220 graviorem
1015 2152 1182 2220 poenam,

193 2232 325 2303 scilicet
345 2256 517 2324 personas
538 2228 748 2303 humiliores
777 2233 875 2302 iubet
897 2227 1079 2300 coherceri
1104 2255 1182 2299 cor-

194 2360 280 2427 pore
305 2349 340 2403 et
362 2336 525 2426 relegari.
586 2335 656 2404 Sed
679 2359 850 2426 personas
873 2356 948 2402 non
969 2335 1056 2404 viles
1078 2333 1183 2426 punit

192 2438 434 2528 publicatione
452 2437 621 2508 dimidiae
638 2438 751 2529 partis
767 2437 1019 2531 b0110r11m⁷⁸).
1058 2434 1182 2530 Itaque

191 2541 248 2610 ius
272 2541 500 2625 Romanurn,
533 2541 617 2635 quia
641 2541 796 2611 severius
823 2540 926 2631 punit
949 2551 1092 2632 stupra,
1117 2535 1182 2608 ho-

192 2644 431 2714 nestissimum
448 2656 512 2715 est.

293 2747 398 2817 Nune
421 2748 619 2839 respondeo
639 2745 684 2814 ad
700 2744 958 2836 quaestionem.
1011 2740 1049 2810 Si
1064 2740 1182 2809 Halir-

191 2844 357 2919 rhothius
371 2847 418 2942 ⁷⁶)
433 2848 468 2916 vi
484 2846 693 2940 compressit
708 2846 901 2939 Alcippen,
936 2856 970 2913 et
985 2844 1084 2913 Mars
1100 2868 1181 2912 eum

194 2947 431 3041 deprehendit
446 2945 562 3020 adhue
579 2950 614 3016 vi
629 2959 808 3016 tenentem
825 2948 1002 3040 puellam,
1028 2946 1105 3015 inre
1128 2945 1182 3012 in-

192 3053 330 3121 teriecit
344 3052 531 3135 iuvenem,
556 3076 617 3121 seu
635 3050 718 3144 quia
736 3049 794 3117 ille
810 3051 883 3118 vim
900 3050 1002 3133 fecit,
1028 3073 1091 3119 seu
1104 3060 1182 3115 tan-

474 213 677 287 sculpta
699 212 776 286 PH.
789 206 913 285 'liliis
928 211 1004 283 'AD
1022 204 1233 289 E'ifflOEN
1257 210 1325 286 Er
1343 208 1609 295 Ponticuli,
1624 208 1934 284 spectaturis.

2136 198 2217 277 'tte

1336 386 1433 455 Haec
1447 386 1603 456 defensio
1617 383 1749 454 Martis
1759 396 1811 454 est
1824 379 1995 476 propria,
2020 389 2055 445 et
2076 391 2222 469 sumpta

1234 513 1275 557 ex
1299 513 1440 559 summo
1461 489 1540 558 iure
1562 492 1605 557 de
1626 510 1741 580 poena
1766 486 1881 578 stupri
1906 483 1942 552 vi
1963 479 2066 563 iacti,
2092 492 2156 549 aut
2175 480 2221 548 de

1233 616 1349 683 poena
1367 605 1503 684 raptus.
1529 588 1577 660 Et
1591 586 1659 661 hae
1671 589 1875 660 defensione
1891 581 2110 655 utiturMars
2125 582 2223 673 apud

1233 693 1425 765 Libanium
1437 693 1497 790 ⁷⁶).
1539 693 1672 764 Narrat
1688 693 1781 763 enim
1798 693 1834 760 vi
1847 689 2002 784 paredam
2016 684 2064 782 ⁷⁷)
2079 697 2221 776 stupra-

1234 811 1308 866 tam
1326 820 1419 881 esse,
1451 820 1557 890 seque
1573 810 1744 889 tanquam
1758 809 1899 887 patrem
1915 788 2169 861 contumeliam
2185 786 2222 854 vi

1233 900 1369 969 illatam
1385 901 1462 969 iure
1476 898 1598 968 ulcisci
1613 898 1781 991 potuisse.

1334 1002 1445 1071 Addit
1468 1003 1688 1093 exemplum,
1723 1025 1794 1094 quo
1820 998 1951 1090 probat
1979 992 2222 1064 defensionem

1233 1101 1327 1174 hanc
1352 1130 1414 1176 seu
1436 1105 1630 1173 vindictam
1655 1127 1728 1173 esse
1751 1101 1972 1180 naturalem,
2007 1094 2222 1190 quinetiam

1234 1209 1367 1277 bestiae
1390 1208 1626 1277 incendantur
1650 1207 1774 1275 dolore
1800 1217 1907 1298 atque
1930 1200 2005 1282 ira,
2030 1211 2066 1266 et
2087 1220 2222 1290 propu-

1235 1324 1344 1401 gnent
1359 1323 1420 1380 aut
1435 1309 1650 1380 ulciscantur
1667 1309 1739 1377 vim
1758 1308 1892 1376 illatam
1906 1303 1952 1399 ⁷⁸)
1965 1300 2092 1372 soboli.
2123 1324 2126 1329 ·
2152 1301 2222 1370 Sed

1235 1415 1398 1484 existimo
1413 1413 1569 1483 Graecos
1582 1409 1678 1481 hunc
1694 1436 1812 1482 casnm
1829 1408 1994 1499 Alcippes
2013 1402 2156 1474 linxisse
2178 1404 2221 1472 de

1235 1529 1359 1608 stupro
1374 1517 1451 1586 sine
1470 1515 1505 1582 ri
1520 1518 1634 1598 iacto,
1660 1539 1744 1583 nam
1767 1512 1939 1583 iudicium
1962 1511 2006 1577 de
2028 1508 2065 1575 vi
2080 1530 2157 1575 non
2171 1519 2224 1577 est

1235 1620 1388 1688 diiiicile.
1452 1619 1522 1687 Sed
1538 1642 1637 1688 casus
1652 1616 1817 1709 Alcippes
1834 1616 1976 1683 ricletnr
1994 1609 2223 1700 excogitatus,

1234 1734 1275 1790 ut
1291 1722 1329 1789 in
1345 1721 1585 1791 controversia
1605 1720 1711 1790 dubia
1738 1719 1898 1810 exemplo
1925 1726 2034 1797 esset,
2059 1711 2224 1781 videlicet

1235 1825 1278 1892 de
1302 1836 1425 1914 stupro
1451 1824 1527 1894 sine
1553 1823 1589 1890 vi
1610 1826 1722 1906 faido,
1759 1847 1805 1890 an
1822 1822 1860 1889 id
1886 1840 2029 1912 qnoque
2054 1816 2223 1884 atrociter

1235 1926 1456 2018 puniendum
1471 1927 1527 2009 sit,
1548 1950 1593 1993 an
1609 1938 1712 2018 pater
1727 1925 1820 1994 iusto
1838 1924 1961 1992 dolore
1976 1915 2223 1988 vehementius

1235 2042 1446 2112 commotus,
1469 2025 1598 2097 habeat
1615 2030 1890 2098 excusationem.
1942 2023 2009 2091 iiic
2024 2046 2125 2091 cassis
2139 2044 2224 2089 cou-

1234 2133 1324 2200 tinet
1349 2132 1505 2202 eruditas
1527 2130 1796 2223 disputationes.
1848 2128 1972 2220 Itaque
1992 2124 2022 2195 si
2044 2125 2221 2215 tingamus

1234 2235 1271 2303 in
1304 2260 1387 2304 casu
1418 2235 1583 2326 Alcippes
1608 2247 1772 2325 stuprum
1805 2256 1880 2301 non
1906 2254 1978 2299 esse
2011 2227 2046 2295 vi
2076 2228 2224 2309 sactum,

1235 2361 1370 2432 quaero
1390 2362 1436 2406 an
1461 2337 1601 2406 licuerit
1616 2336 1726 2405 Marti
1750 2348 1989 2426 stupratorem
2014 2330 2224 2399 interficere.

1233 2441 1466 2531 Respondeo:
1492 2439 1547 2508 De
1564 2452 1676 2531 nupta
1703 2440 1904 2508 concedunt
1916 2434 2104 2503 Romanae
2129 2433 2225 2523 leges

1233 2544 1329 2635 patri
1343 2542 1540 2612 interficere
1556 2543 1661 2611 simul
1676 2537 1866 2610 moechum
1891 2551 1925 2608 et
1938 2538 2048 2606 filiam
2069 2549 2224 2627 nuptam

1234 2646 1348 2716 alteri.
1397 2646 1536 2716 Deinde
1562 2644 1694 2715 marito
1719 2645 1917 2714 concedunt
1939 2639 2076 2709 Atticae
2100 2652 2136 2708 et
2150 2637 2224 2706 ito-

1233 2773 1362 2817 manae
1395 2751 1489 2840 leges
1523 2748 1720 2817 interlicere
1753 2742 1964 2826 moechum,
2004 2765 2080 2810 non
2114 2740 2224 2811 etiam

1233 2876 1394 2920 uxorem.

1335 2951 1531 3022 Pausanias
1548 2951 1859 3042 allegatDraconis
1873 2953 1986 3043 legem
1995 2947 2062 3041 ²⁰),
2077 2957 2113 3015 et
2129 2954 2227 3013 extat
2264 2978 2266 3007 :

1233 3054 1361 3149 Lysiae
1385 3056 1523 3138 oratio,
1559 3056 1596 3123 in
1620 3078 1690 3148 qna
1715 3054 1917 3125 defenditur
1938 3044 2226 3146 quispiam,·qui
2263 3096 2266 3109 .

193 3180 302 3249 quam
318 3167 513 3247 raptorem.
574 3153 645 3247 Qui
663 3165 759 3220 arcet
775 3152 848 3220 vim
865 3151 1044 3243 publicam
1061 3178 1080 3219 a
1098 3150 1182 3234 suis,

193 3256 340 3349 impune
356 3269 474 3349 potest
492 3258 689 3325 interlicere
708 3255 745 3322 in
770 3255 968 3323 continenti
992 3279 1092 3338 eum,
1120 3253 1182 3347 qui

193 3359 301 3429 infert
320 3359 405 3432 vim.
457 3358 1054 3431 81111111111111111111111111
1076 3357 1182 3426 filiae.

192 3461 289 3553 Ergo
306 3461 384 3532 iure
401 3461 577 3533 interfecit
590 3456 891 3531 Halirrhothinm.

293 3565 374 3634 Alia
400 3566 505 3637 ratio.
568 3565 738 3655 Stuprum
767 3564 803 3630 vi
833 3565 964 3633 factum
996 3575 1031 3631 et
1059 3575 1183 3653 raptus

193 3680 275 3736 sunt
289 3668 403 3759 paria,
421 3668 503 3761 quia
521 3681 714 3759 utrumque
731 3678 783 3734 est
798 3666 851 3736 vis
865 3664 1020 3758 publica.
1046 3665 1183 3757 Rapto-

192 3795 269 3838 rem
295 3769 378 3837 lieet
399 3770 569 3852 interfici,
607 3763 868 3860 deprehensum
901 3768 939 3835 in
977 3767 1038 3835 illu
1064 3780 1182 3859 raptu.

191 3870 288 3964 Ergo
305 3872 410 3940 etiam
426 3883 666 3964 stupratorem
682 3872 789 3939 talem
808 3866 1082 3962 deprehensum,
1106 3883 1184 3939 tan-

194 4001 300 4068 quam
319 3988 525 4066 raptorem,
549 3973 631 4043 licet
649 3972 812 4044 interfici.

1234 3154 1423 3228 moechum
1444 3158 1669 3226 interfecerat
1680 3154 1747 3253 ⁸⁰),
1771 3172 1806 3227 et
1820 3159 1950 3226 citatur
1964 3155 2021 3223 lex
2035 3151 2167 3233 Attica,
2184 3148 2225 3217 iu
2262 3176 2266 3217 i

1235 3285 1303 3355 qua
1320 3285 1481 3353 expresse
1502 3261 1672 3352 seriptum
1680 3265 1758 3347 lest:
1786 3261 1987 3330 adulterum
2004 3256 2154 3348 impune
2171 3252 2225 3320 in·
2262 3254 2266 3325 ἑ

1234 3363 1347 3432 terfici
1369 3386 1472 3456 posse
1495 3388 1515 3431 a
1540 3363 1683 3434 marito.
1734 3362 1783 3432 Et
1803 3363 1947 3457 quidem
1968 3359 2087 3441 addit,
2113 3354 2225 3426 etiam
2259 3384 2266 3425 ι

1234 3467 1335 3536 illum
1354 3466 1500 3559 impune
1517 3465 1666 3535 interfici
1681 3490 1806 3560 posse,
1833 3465 1897 3559 qui
1917 3461 2154 3533 concubinam
2172 3458 2227 3527 al·
2259 3494 2266 3535 .;

1235 3570 1344 3640 terius
1359 3569 1575 3662 comprimit.
1603 3570 1672 3639 Sed
1686 3565 1754 3638 hae
1770 3570 1863 3660 leges
1879 3569 1923 3636 de
1940 3578 2052 3658 nupta
2067 3564 2227 3658 ineptam·
2259 3592 2266 3637 i

1234 3686 1313 3756 tur,
1334 3674 1426 3742 etde
1444 3672 1636 3742 adulterio:
1664 3697 1739 3741 non
1763 3684 1881 3740 autem
1908 3670 2109 3739 concedunt
2125 3666 2227 3755 leget

1235 3776 1385 3845 interfici
1401 3801 1503 3858 eum,
1530 3775 1594 3869 qni
1607 3776 1747 3867 puellae
1764 3775 1936 3866 innuptae
1961 3766 2227 3864 stupu-*une
2258 3830 2262 3843 .

1235 3879 1271 3945 vi
1286 3879 1425 3949 obtulit.
1473 3878 1556 3949 Non
1573 3879 1681 3969 igitur
1694 3876 1794 3948 licuit
1809 3875 1925 3945 Marti·
1940 3874 2140 3945 interficere
2151 3868 2228 3940 Ha·-
2243 3870 2266 3956 'p

1233 3975 1485 4064 lirrhothium,
1508 3981 1537 4050 si
1552 3994 1716 4072 stuprum
1735 3963 1814 4050 sine
1837 3978 1873 4045 vi
1888 3978 1981 4049 iecit.
2031 3974 2080 4046 Et
2099 3974 2231 4045 temet
2258 4012 2266 4056 ,1

1236 4083 1319 4177 quia
1344 4079 1431 4152 haee
1455 4086 1578 4153 caedes
1600 4084 1713 4153 multa
1737 4077 1846 4151 habet
1867 4079 2051 4151 dissimilia
2067 4070 2229 4147 bomiei·
2258 4118 2266 4161 ι

1236 4186 1323 4268 diis,
1351 4211 1441 4281 qnae
1452 4188 1531 4278 lege
1547 4186 1764 4279 puniuntur,
1790 4185 1871 4253 ideo
1893 4184 2040 4275 lingitur
2059 4175 2150 4249 baec
2170 4178 2229 4249 fa·
2258 4222 2266 4263 ἡ

1235 4289 1337 4373 bula,
1361 4303 1402 4360 nt
1416 4302 1562 4358 moneat
1576 4285 1769 4361 ἐπιείκειαν
1792 4289 1829 4357 in
1846 4287 2037 4357 indicando
2052 4278 2228 4352 adhiben-

1235 4394 1320 4460 dam
1332 4417 1423 4476 esse,
1448 4395 1478 4463 si
1492 4393 1650 4461 rationes
1665 4391 1867 4482 probabiles
1882 4403 2031 4481 propter
2042 4382 2228 4457 dissimili-

1236 4494 1396 4563 tudinem
1429 4494 1778 4565 circumstantiarum
1807 4496 1980 4565 suadeant
2002 4488 2139 4560 remitti
2162 4500 2229 4557 aut
2258 4474 2266 4521 ¹

1240 4597 1402 4688 mitigari
1417 4622 1583 4689 poenam.

227 4269 360 4337 11)·111.
383 4274 446 4336 iege
469 4269 540 4322 lutis
564 4270 598 4322 de
622 4271 650 4320 vi
673 4270 798 4334 publiea,
831 4271 903 4321 cont.
927 4269 1036 4334 Digest.
1060 4269 1184 4320 xbviil.

261 4341 348 4460 itii
360 4341 489 4471 Ρ11ξὸθδ)
499 4340 526 4401 S.
544 4340 638 4393 s-t.
662 4340 760 4402 (carp.
787 4338 839 4392 iur.
866 4339 917 4393 civ.
943 4339 985 4390 eti.
1007 4340 1089 4391 111111.
1114 4341 1145 4390 Τ.
1162 4340 1184 4392 l.

228 4508 276 4577 72)
295 4511 410 4561 Denter.
427 4509 478 4575 22,
497 4510 540 4562 21.

227 4609 276 4677 73)
294 4612 381 4664 Exod.
399 4611 452 4674 22,
472 4611 512 4659 16.
549 4611 660 4666 Denter.
679 4613 730 4678 22,
748 4615 791 4669 28.
808 4615 851 4666 29.

226 4713 275 4781 74)
293 4713 415 4766 11111111.
439 4712 488 4763 IV.
518 4711 560 4766 tit.
585 4715 627 4766 18.
659 4714 685 4775 s.
710 4719 751 4768 ⁴.:
781 4717 876 4767 Poena
898 4717 991 4766 aretem
1021 4715 1117 4767 eadam
1138 4717 1183 4767 lex

261 4783 335 4845 (scii.
353 4784 398 4831 lex
416 4781 537 4830 iuliade
554 4782 700 4831 adulteriis
724 4785 898 4843 coercentis)
921 4784 1030 4848 irrogat
1055 4788 1183 4847 peecato-

261 4855 349 4913 rtims‚
367 4849 392 4901 si
404 4849 513 4900 bonesti
525 4853 599 4910 sant,
617 4851 826 4913 publicationem
842 4853 930 4916 partis
949 4853 1076 4904 dimidiae
1096 4856 1183 4905 tono-

261 4934 337 4984 rum,
363 4920 388 4970 si
404 4920 538 4983 inuitos,
562 4919 689 4981 eorporis
711 4921 906 4972 coercitionem
923 4935 983 4973 eum
1002 4923 1182 4986 relegatione.

260 4989 358 5051 (corp.
377 4989 429 5037 tur.
447 4988 500 5037 etv.
518 4987 562 5037 eii.
579 4988 663 5038 iterii.
686 4989 718 5038 ’1.
736 4989 757 5041 i.
774 4989 803 5040 Ρ.
823 4989 843 5041 1.
862 5004 888 5052 p.
906 4991 991 5050 121).
1027 4991 1106 5044 cont.
1125 4993 1182 5042 hex

261 5059 313 5108 Dei
331 5057 392 5107 sive
409 5055 507 5107 incerti
526 5055 673 5119 scriptoris
690 5057 875 5109 Mosaiearan
893 5061 921 5109 et
935 5060 1122 5112 Romanarum
1138 5062 1182 5110 le-

260 5140 324 5192 gum
340 5125 462 5177 eoltatio.
503 5124 578 5176 cura
595 5125 643 5177 Fr.
660 5126 773 5190 itione,
796 5126 839 5177 tit.
857 5127 893 5176 V.
919 5128 953 5177 de
976 5129 1182 5192 stupratoribus

259 5207 319 5315 ξαρ.
334 5194 370 5313 21
379 5193 501 5314 (ῦοτῶιιθι
519 5193 590 5245 iuris
607 5193 724 5245 [tomani
741 5194 958 5250 aotetosttuiani.
974 5196 1026 5250 litt
1044 5201 1181 5250 Bonosus.

285 5276 342 5316 ase.
371 5277 424 5327 .p.
494 5264 528 5323 .).

224 5366 273 5432 tt)
292 5363 510 5424 iiaitrrbotteius]
528 5363 612 5419 iiditt.
631 5365 724 5432 teta,
744 5366 819 5421 teto.
839 5369 866 5418 et
887 5366 1022 5421 11111111
1041 5373 1070 5422 et
1087 5368 1114 5422 in
1133 5384 1181 5423 se·

259 5440 383 5497 poena:
401 5434 564 5499 styrotaus.

1268 4892 1319 4960 76)
1338 4895 1442 4946 bibenti
1456 4895 1601 4958 sophistae
1619 4896 1761 4947 orationes
1777 4897 1806 4945 et
1823 4892 2041 4944 declamationes
2059 4892 2103 4946 ed.
2118 4893 2228 4949 nan·

1304 4965 1368 5019 vu.
1385 4965 1434 5016 iv.
1451 4978 1477 5028 p.
1495 4967 1653 5016 sio-ssa.

1266 5048 1362 5134 ⁷⁷)‚vi
1379 5051 1513 5114 puerum]
1533 5050 1640 5104 11111.
1665 5049 1757 5115 rsss.;
1779 5050 1847 5103 111
1868 5049 1942 5101 asae.
1962 5052 1990 5101 et
2010 5028 2229 5113 1111111111

1301 5134 1329 5169 Vi

1267 5200 1316 5269 11)
1330 5156 1453 5265 irinum]
1471 5203 1513 5254 nc
1529 5205 1580 5255 11,
1600 5205 1689 5269 isse,
1706 5203 1776 5256 111.
1795 5203 1871 5257 1111.
1889 5206 1917 5254 st
1936 5202 2010 5253 uso
2028 5202 2153 5254 11111111.

1266 5287 1314 5355 79)
1333 5289 1468 5340 Draconis
1492 5290 1582 5353 legen
1605 5289 1640 5339 te
1663 5287 1800 5339 adulterio
1823 5291 1928 5354 aliegat
1945 5288 2100 5341 Paasmlas
2126 5289 2154 5341 in
2172 5286 2227 5341 de·

1303 5359 1399 5421 script.
1419 5359 1553 5410 Graeciae
1570 5358 1615 5413 iit.
1632 5358 1681 5411 IX.
1698 5368 1758 5422 esp.
1773 5358 1818 5409 86.
1834 5358 1863 5421 8.
1879 5360 1905 5410 8.

1265 5440 1314 5509 81))
1332 5444 1439 5511 Lysiae
1457 5442 1548 5496 oratio
1563 5442 1584 5497 1.
1602 5453 1653 5507 pro
1670 5443 1754 5495 caete
1771 5440 1975 5497 Eratosthenis.
