4544 5766
213 187 288 261 588
777 181 906 256 PHIL.¹
919 183 1033 254 MEL
1064 176 1265 257 SCRIPTA
1294 173 1632 254 efluoaootca
2145 178 2226 255 584

315 359 519 451 Opponitur
549 368 666 426 autem
694 349 765 424 boc
790 369 1038 448 argumentum
1058 357 1193 449 praeci·
1343 351 1427 423 Dixi
1440 367 1557 424 autem
1573 353 1714 447 tertiam
1731 357 1885 427 formam
1902 351 2007 427 hrains
2023 369 2226 427 contractus

216 486 344 555 puum:
1245 481 1330 539 esse,
1357 483 1437 526 cum
1453 458 1586 527 reditus
1602 482 1677 524 non
1691 460 1916 528 constituitur
1931 460 1969 528 in
1985 473 2080 529 certo
2098 463 2226 543 fundo,

266 562 418 655 Emptor
431 565 470 632 fit
484 560 649 630 dominus
662 559 716 630 rei
731 575 868 653 emptae
883 576 918 632 et
935 563 1097 634 traditae.
1244 561 1305 629 sed
1334 560 1372 628 iu
1403 572 1480 628 toto
1509 562 1650 628 cumulo
1679 560 1856 631 bonorum
1880 561 2045 644 alicuius,
2085 572 2126 632 ut
2144 588 2226 632 cum

265 664 306 735 ln
321 662 389 735 boc
403 677 587 734 contractu
607 662 747 733 videtur
770 677 911 756 emptor
930 690 1004 735 non
1028 666 1106 736 fieri
1131 666 1194 733 do·
1245 676 1413 733 emuntur
1433 663 1568 732 reditus
1590 663 1768 732 constituti
1793 665 1830 731 in
1853 667 2016 735 omnibus
2033 666 2139 735 bonis
2163 666 2228 734 ali-

316 768 453 851 minus,
479 767 561 861 quia
576 767 745 835 nonlicet
759 767 791 835 ei
805 769 954 840 fundum
969 770 1068 838 illum
1083 782 1195 838 trans·
1245 765 1342 835 cuius
1366 763 1591 856 reipublicae.
1656 762 1697 832 Iu
1728 762 1794 835 bac
1824 767 1926 836 tertia
1948 770 2064 837 forma
2084 768 2227 838 videtur

316 875 407 941 ferre
424 871 462 939 in
479 870 587 939 alium
603 893 667 938 suo
685 869 852 955 arbitrio,
876 874 937 942 sed
960 872 998 940 in
1022 882 1194 964 potestate
1245 862 1312 934 boc
1335 868 1517 938 adversari
1542 867 1733 958 emptioni,
1776 874 1872 962 quod
1895 895 1969 940 non
1989 872 2131 941 videtur
2152 896 2228 941 esse

318 971 513 1043 venditoris
530 985 581 1042 est
597 996 677 1041 eum
693 972 879 1044 redimere.
1245 995 1344 1038 merx
1378 983 1491 1054 certa,
1531 996 1609 1041 cum
1634 970 1767 1040 reditus
1789 996 1862 1040 non
1889 974 2098 1044 constitutus
2121 975 2166 1043 sit
2189 975 2228 1043 in

267 1076 350 1149 Non
374 1090 430 1147 -est
456 1074 564 1166 igitur
592 1075 744 1166 emptio,
784 1078 845 1145 sed
871 1076 989 1168 potius
1018 1075 1193 1146 mutuatio
1244 1074 1355 1142 fundo
1373 1085 1488 1156 certo,
1514 1074 1573 1143 sed
1591 1071 1836 1145 universaliter
1857 1076 1896 1143 in
1918 1090 1994 1146 toto
2015 1078 2226 1147 facultatum

319 1205 399 1251 cnm
415 1177 721 1270 oppignoratione.
1247 1177 1400 1246 cumulo.
1449 1175 1497 1244 Et
1511 1175 1695 1245 sciendum
1707 1189 1766 1265 ⁸est
1788 1173 1844 1245 hic
1865 1205 2006 1273 quoque
2028 1205 2111 1249 vere
2134 1205 2228 1248 mer-

318 1282 529 1374 Respondeo
546 1280 592 1348 ad
607 1279 800 1349 minorem:
828 1280 993 1350 Conditio
1012 1283 1055 1349 de
1071 1305 1195 1350 reven-
1247 1302 1321 1347 cem
1336 1303 1409 1348 esse
1424 1276 1478 1347 ius
1492 1277 1688 1369 accipiendi
1701 1278 1854 1364 reditus,
1889 1285 2081 1376 quodcum
2097 1284 2227 1354 mnda-

218 1385 335 1456 dcndo
357 1409 432 1454 non
453 1383 545 1451 tollit
565 1396 729 1452 naturam
744 1383 914 1467 dominii,
940 1381 1195 1476 necprobibet,
1246 1394 1322 1449 tum
1343 1405 1416 1452 esse
1435 1382 1562 1450 debeat
1584 1381 1623 1448 in
1648 1380 1768 1474 aliquo
1791 1407 1958 1474 corpore,
1994 1411 2122 1478 corpus
2144 1399 2229 1456 sunt

218 1488 429 1584 quominus
448 1497 587 1577 emptor
608 1509 691 1555 vere
713 1485 759 1556 sit
780 1487 966 1571 dominus,
1003 1501 1043 1557 ut
1066 1488 1097 1556 si
1117 1487 1195 1580 quis
1247 1484 1366 1552 omnia
1380 1484 1474 1552 bona
1488 1483 1734 1553 fructificantia
1750 1485 1962 1577 reipublicae
1981 1488 2086 1561 illius.
2130 1488 2226 1561 Nam

217 1616 299 1661 vere
322 1591 486 1659 dominus
511 1587 651 1656 aedium
675 1613 839 1673 suarum,
877 1590 1027 1680 obliget,
1068 1615 1103 1660 se
1136 1614 1195 1659 eas
1246 1586 1284 1654 in
1301 1582 1357 1657 bis
1374 1588 1538 1657 omnibus
1553 1585 1657 1656 simu]
1674 1587 1841 1658 constitui
1854 1591 1923 1660 tale
1939 1591 1993 1662 ius
2007 1604 2137 1684 potest,
2161 1591 2226 1662 sic-

217 1696 320 1763 aedes
336 1695 382 1762 ad
395 1692 533 1761 nullum
549 1690 658 1760 alium
681 1694 954 1777 translaturum,
985 1693 1055 1762 nisi
1078 1696 1122 1761 ad
1149 1703 1194 1777 te,
1246 1702 1286 1758 ut
1315 1688 1353 1758 in
1384 1690 1500 1758 alieno
1532 1713 1617 1781 agro
1646 1701 1721 1759 toto
1742 1691 1891 1764 servitus
1915 1695 2033 1790 aliqua
2058 1696 2227 1766 constitui

216 1799 288 1868 sive
312 1795 505 1864 donatione
529 1793 602 1862 sive
621 1794 843 1865 venditione:
883 1795 912 1866 is
934 1808 1053 1864 tamen
1074 1806 1196 1864 manet
1245 1804 1381 1883 potest,
1408 1793 1570 1861 videlicet
1583 1804 1680 1862 actus
1695 1805 1756 1863 aut
1774 1793 1852 1865 iter.
1910 1796 2041 1892 Estque
2057 1800 2225 1870 instand-

216 1899 388 1990 tantisper
416 1920 499 1966 vere
533 1896 718 1982 dominus,
764 1922 969 1992 quanquam
1004 1900 1193 1967 transferre
1245 1895 1396 1964 monitio
1420 1893 1635 1976 innocentii,
1661 1897 1723 1988 qui
1745 1896 1848 1981 dicit,
1874 1899 2066 1974 videndum
2089 1927 2165 1973 esse
2187 1903 2223 1971 in

216 2006 321 2073 aedes
336 2003 382 2070 ad
397 2001 506 2069 alium
522 2023 596 2066 non
611 2012 738 2091 potest.
1245 1994 1312 2068 boc
1327 2011 1530 2080 contractu,
1557 2009 1597 2067 ut
1611 2000 1743 2069 reditus
1762 2001 1996 2073 constituatur
2017 2007 2056 2074 in
2078 2030 2138 2090 re,
2162 2032 2223 2078 seu

315 2102 367 2174 lta
385 2104 488 2171 docet
504 2101 770 2172 iurisconsultus
792 2103 835 2170 de
852 2103 1041 2171 verborum
1061 2102 1193 2192 obliga·
1246 2104 1291 2170 ad
1314 2126 1389 2169 rem
1413 2104 1606 2181 referatur,
1633 2124 1706 2169 nou
1727 2104 1771 2169 ad
1793 2128 1982 2195 personam
2000 2111 2225 2192 vendentem,

216 2209 391 2290 tionibus,
416 2205 491 2297 lege
504 2202 556 2272 lta
573 2205 651 2298 quis
659 2205 718 2299 Μ),
744 2201 968 2299 paragrapho
982 2202 1035 2273 Ea
1051 2205 1194 2301 lugeat),
1245 2217 1279 2272 et
1309 2204 1407 2272 addit
1429 2202 1655 2273 fruroceutius
1686 2204 1790 2272 talem
1811 2219 2032 2281 contractum
2053 2234 2127 2282 non
2149 2237 2223 2282 esse

214 2311 436 2392 ubidicitur,
463 2331 603 2378 servum
620 2308 792 2378 donatum
808 2333 881 2378 esse
898 2304 964 2376 bac
979 2308 1193 2390 conditione,
1244 2306 1465 2390 usurarium,
1492 2332 1572 2375 eum
1596 2305 1634 2373 in
1657 2331 1699 2374 eo
1721 2307 1792 2376 sint
1811 2303 1910 2380 merx
1930 2327 1964 2383 et
1982 2315 2156 2407 pretium,
2188 2329 2224 2383 et

216 2440 261 2484 ne
278 2416 323 2483 ad
339 2413 447 2481 alium
465 2410 733 2495 transferretur,
760 2423 794 2479 et
813 2423 932 2480 tamen
956 2411 994 2478 in
1015 2411 1090 2501 lege
1110 2434 1193 2479 vere
1246 2411 1328 2479 talia
1346 2410 1423 2478 iura
1438 2410 1548 2479 realia
1564 2408 1700 2478 licitum
1715 2409 1760 2478 sit
1773 2415 1936 2485 vendere.

216 2531 267 2589 est
281 2517 354 2586 eius
368 2513 459 2585 servi
475 2513 651 2584 dominus.
1345 2513 1418 2584 Nec
1447 2513 1517 2582 alia
1546 2511 1731 2582 difficultas
1759 2512 1797 2581 in
1827 2510 1894 2584 hac
1914 2519 2030 2589 forma
2053 2535 2122 2604 est,
2156 2521 2222 2591 nisi

316 2620 405 2689 Sunt
432 2629 549 2686 autem
579 2629 651 2687 tres
681 2617 820 2686 formae
847 2610 952 2685 huius
980 2627 1192 2699 contractus,
1244 2615 1342 2709 quod
1362 2616 1545 2710 aliquanto
1570 2614 1751 2685 obscurius
1776 2629 1828 2687 est
1850 2614 1936 2704 boc,
1964 2625 2062 2716 quod
2081 2625 2221 2712 dicitur,

216 2725 272 2795 cui
288 2720 443 2792 conditio
458 2721 500 2787 de
516 2721 742 2789 revendendo
758 2717 911 2788 additur.
938 2718 1062 2788 Prima
1077 2719 1191 2787 forma
1242 2719 1405 2789 universa
1429 2721 1524 2788 bona
1548 2715 1677 2787 habere
1700 2719 1875 2789 rationem
1907 2725 2086 2817 corporis,
2128 2733 2224 2824 quod

214 2831 251 2897 in
267 2825 431 2897 omuibus
446 2822 604 2914 imperiis
625 2823 692 2891 suit
716 2834 750 2890 et
770 2834 821 2893 est
838 2821 1084 2904 usitatissima,
1111 2846 1191 2890 cum
1243 2846 1350 2914 supra
1366 2821 1559 2905 dicebatur,
1586 2832 1720 2890 certum
1735 2824 1897 2909 fundum,
1922 2828 1961 2896 iu
1977 2855 2048 2923 quo
2064 2834 2152 2901 certi
2169 2860 2222 2904 re-

213 2933 341 3003 fundus
359 2951 398 2996 ea
415 2925 617 2994 conditione
633 2925 774 2994 emitur.
824 2923 983 2991 Secunda
997 2926 1110 2993 forma
1128 2936 1190 3007 est,
1242 2927 1335 2995 ditus
1351 2938 1530 3010 emuntur,
1556 2920 1687 2993 habere
1701 2924 1878 2998 rationem
1892 2933 2065 3023 corporis,
2087 2947 2129 3005 ut
2142 2961 2221 3006 cum

212 3060 292 3105 eum
309 3031 438 3101 emitur
454 3038 567 3096 certus
581 3028 715 3096 reditus
731 3026 893 3094 infundo
910 3036 1017 3095 certo.
1067 3025 1189 3095 Tertia
1241 3032 1291 3101 20
1303 3028 1475 3097 medimni
1492 3027 1531 3096 in
1543 3051 1628 3118 agro
1644 3038 1738 3095 certo
1754 3045 1931 3116 emuntur,
1952 3059 2023 3129 quo
2039 3054 2221 3129 pereunte,

211 3143 326 3208 forma
344 3146 412 3215 est,
443 3156 522 3199 cum
544 3130 677 3198 reditus
701 3127 925 3197 constituitur
939 3127 1189 3199 noninfnndo
1241 3132 1347 3201 simul
1365 3131 1459 3221 perit
1482 3128 1634 3221 emptori
1656 3129 1711 3198 ius
1732 3155 1846 3205 suum.
1903 3133 1944 3204 ln
1968 3133 2035 3207 boc
2059 3145 2219 3235 exemplo

211 3252 326 3320 certo,
352 3237 415 3305 sed
439 3235 476 3301 in
496 3244 573 3301 toto
598 3232 739 3302 cumulo
759 3232 937 3300 bonorum
959 3231 1125 3316 alicuius,
1151 3245 1191 3300 ut
1241 3231 1471 3326 perspicuitas
1491 3245 1559 3302 est:
1588 3232 1649 3301 sed
1671 3227 1790 3301 tamen
1814 3249 1847 3305 et
1871 3250 1964 3309 totus
1988 3245 2150 3315 cumulus
2171 3248 2220 3314 fa-

210 3367 289 3412 cum
307 3350 473 3409 emuntur
487 3336 621 3406 reditus
636 3333 818 3405 constituti
838 3333 875 3402 in
898 3334 1063 3405 omnibus
1086 3335 1190 3405 bonis
1241 3337 1409 3407 crdtatum
1443 3347 1559 3427 potest
1590 3359 1626 3404 se
1654 3328 1805 3420 habere,
1849 3353 1888 3410 ut
1917 3355 2051 3413 certum
2080 3371 2220 3439 corpus,

209 3445 357 3515 alicuius
373 3438 599 3532 reipublicae.
1108 3444 1113 3455 “
1240 3442 1349 3509 modo
1364 3450 1404 3508 ut
1418 3450 1586 3508 oneretur
1599 3461 1665 3531 pro
1684 3442 1935 3530 proportione,
1962 3449 2074 3542 etqui
2094 3451 2222 3543 accipit

308 3562 425 3631 Facile
441 3574 493 3629 est
508 3560 546 3628 in
560 3560 676 3650 prima
691 3557 807 3626 forma
824 3557 1008 3626 ostendere
1028 3544 1188 3629 substan-
1240 3542 1412 3626 reditum,
1438 3541 1610 3613 sustineat
1624 3540 1819 3633 Periculum
1832 3571 1899 3639 pro
1913 3550 2161 3641 proportione.

207 3666 305 3736 tialia
321 3674 537 3734 contractus:
563 3661 710 3730 Fundus
734 3672 786 3730 est
807 3683 926 3742 merx,
950 3661 1105 3760 pretium
1128 3687 1188 3754 pe·
1354 3644 1461 3764 Quod
1501 3657 1619 3764 autem
1653 3655 1688 3711 et
1721 3645 1824 3714 tertia
1856 3651 1971 3719 forma
2007 3666 2221 3740 contractus,

207 3767 311 3839 cunia
342 3776 441 3833 tanto
469 3787 620 3832 numero
654 3763 756 3844 data,
791 3774 943 3855 quantus
967 3775 1019 3832 est
1040 3764 1187 3835 usitatus
1239 3772 1347 3842 ‘tuam
1368 3761 1532 3830 remim,
1559 3760 1605 3817 ⁵¹1
1624 3751 1883 3841 veraempu'0,
1909 3752 2030 3824 sinon
2048 3759 2220 3850 deprave-

205 3897 272 3965 pro
294 3866 405 3938 fundo
426 3865 500 3936 siue
523 3864 663 3933 fraude:
699 3862 915 3945 consensus,
943 3889 1014 3956 quo
1039 3878 1187 3961 uterque
1239 3862 1297 3920 ¹¹¹1
1306 3905 1316 3935 2
1343 3852 1533 3920 ‘’Siessdffltl
1547 3845 1614 3918 hae
1627 3848 1794 3921 rati⁰110&

206 3975 281 4049 sine
306 3970 430 4041 fraude
451 3968 574 4037 volens
596 3992 632 4036 se
655 3965 779 4047 offert,
821 3977 855 4034 et
882 3965 1025 4059 quidem
1047 3983 1187 4061 emptm·
1336 3951 1364 4024 f.
1389 3954 1478 4023 Pars
1495 3951 1612 4046 aliqua
1631 3963 1724 4019 certa
1741 3967 1857 4043 potest
1872 3959 2015 4029 onerari
2036 3962 2217 4035 servitute.

206 4088 333 4148 onerat
353 4100 389 4146 se
410 4096 485 4141 nou
504 4069 575 4139 levi
596 4069 843 4151 incommodo,
883 4069 979 4161 quod
1009 4071 1051 4140 de
1074 4074 1185 4151 fundo
1236 4053 1331 4147 Ergo
1346 4067 1380 4125 et
1402 4068 1497 4126 totus
1517 4054 1696 4125 bonorum
1721 4058 1881 4130 cumulus
1901 4075 2039 4132 servata
2065 4090 2218 4157 propor-

206 4203 364 4254 cessurus
382 4188 450 4260 est,
477 4199 556 4244 cum
573 4173 661 4241 alter
675 4170 752 4240 vult
763 4171 949 4241 redimere.
1237 4157 1333 4226 tione
1356 4157 1499 4228 onerari
1521 4171 1649 4249 potest.
1714 4157 1786 4229 Nec
1811 4175 1862 4234 est
1882 4163 1974 4235 ratio
1999 4166 2219 4239 dissimilitu-

303 4296 346 4368 In
373 4298 490 4367 forma'
517 4293 670 4364 secunda
694 4316 794 4360 merx
813 4303 865 4362 est
886 4288 940 4361 ius
963 4292 1183 4385 percipiendi
1236 4262 1339 4330 dmm·

204 4414 339 4473 certum
352 4398 507 4469 reditum
528 4421 569 4466 ex
589 4396 699 4466 fundo
718 4393 880 4478 alterius,
912 4406 953 4463 ut
972 4395 1002 4466 si
1022 4397 1184 4484 servitus,
1335 4358 1376 4481 ῌ·
1408 4362 1515 4435 R³⁰⁰
1537 4378 1689 4433 summ
1712 4389 1754 4434 ‘³¹
1776 4370 1993 4461 P¹⁰P¹ietf¹i⁰
2014 4375 2218 4467 θΠΨῑὶθῐῑῖΰ·

205 4517 321 4588 actus,
355 4515 418 4572 aut
447 4501 535 4583 iter,
569 4523 633 4592 per
662 4497 807 4569 alterius
838 4521 963 4589 agrum
996 4513 1182 4574 emeretur.
1233 4462 1379 4583 E¹¹¹Pt¹⁰
1394 4479 1446 4537 εει
1466 4479 1695 4587 ῧῗῃῑῖἃεωὸζ
1718 4494 1790 4563 <1¹1⁰
1813 4495 1868 4542 ¹2⁵
1889 4497 1956 4566 Pr0
1980 4488 2076 4545 ὓθῑῑθ
2098 4478 2216 4571 Pretio

202 4608 296 4681 Nam
313 4618 347 4674 et
360 4604 544 4677 seruitutes
559 4614 708 4693 possunt
723 4600 793 4670 emi
807 4612 841 4670 et
855 4598 977 4670 vendi:
1016 4601 1183 4694 pretium,
1234 4567 1387 4687 ⁰b‚l¹¹,‘3³¹³
1406 4570 1527 4654 ΜΨ
1554 4583 1588 4640 ⁰²
1604 4571 1754 4656 ‘ram’
1778 4578 1990 4694 tf³¹¹⁵s⁰ff¹ff
2010 4582 2131 4674 q⁰⁰³d
2153 4584 2217 4652 ‘¹⁰‘

201 4704 352 4806 pecunia
365 4709 446 4774 data
463 4717 562 4774 tanto
585 4728 752 4787 numero,
779 4717 935 4798 quantus
948 4728 1015 4795 pro
1032 4730 1182 4801 propor-
1234 4696 1413 4792 mmmmfi
1434 4672 1507 4744 Nec
1517 4668 1629 4792 ,hahet
1645 4687 1785 4795 ⁸¹¹¹·ow
1800 4702 1855 4748 ¹¹¹⁵
1870 4693 1932 4751 ³¹¹²
1947 4694 2085 4776 [⁸um
2100 4684 2216 4756 uuum

202 4817 299 4886 tione
330 4809 393 4880 tali
421 4805 586 4902 pensioni
619 4807 821 4898 respondet.
889 4806 1087 4881 Consensus
1117 4823 1181 4895 est,
1232 4778 1416 4866 “pamm
1434 4788 1601 4870 prmum·
1665 4777 1702 4848 3¹
1724 4802 1820 4849 emm
1842 4795 2002 4875 repetere
2024 4789 2214 4878 Pecuniam

203 4916 286 5013 quia
300 4928 449 5008 uterque
464 4909 539 4983 sine
554 4910 678 4980 fraude
695 4909 817 4981 volens
833 4935 869 4978 so
887 4911 1002 4981 offert.
1231 4875 1371 4963 ΜΨ
1397 4881 1573 5000 mmai&
1592 4893 1700 4998 ‘5³²’
1725 4887 1963 4980 11011ΗΠΡῘῙΟ·
2013 4890 2061 4958 Αἱ
2085 4888 2124 4959 ῙΠ
2147 4917 2214 4962 1¹⁰·

1230 4992 1305 5049 stro
1331 5005 1414 5052 casu
1444 4996 1598 5074 pretrum
1629 4995 1679 5052 lta
1708 4988 1937 5074 transfertur,
1982 5004 2024 5060 ut
2051 5006 2213 5086 repetere

1230 5078 1343 5169 idem,
1368 5087 1424 5155 vel
1438 5088 1646 5158 tantundem
1662 5080 1845 5182 nunquam
1860 5090 1975 5165 liceat.
2025 5092 2090 5166 Est
2103 5097 2213 5189 igitur

233 5179 633 5316 “terrestrem
645 5178 1101 5312 ostentaretur
1109 5182 1177 5305 aa
1329 5188 1481 5279 aaa
1518 5204 1552 5261 οι
1574 5201 1614 5259 ut
1634 5187 1679 5259 ’ἢ
1696 5193 1911 5287 cauato
1944 5221 2036 5291 quae
2055 5199 2136 5271 s...

266 5325 358 5373 auton
373 5322 420 5382 ff,
429 5321 451 5369 1,
467 5319 497 5369 p,
509 5318 543 5370 n.
563 5332 589 5382 p,
600 5317 677 5379 ⁸4³0
693 5326 712 5367 α
727 5317 836 5372 mu„
854 5319 886 5372 ει
902 5317 943 5372 10
959 5319 1037 5386 qm,
1053 5320 1158 5386 nctptc
1226 5289 1381 5359 iustitiae
1404 5291 1443 5362 in
1473 5290 1737 5378 contractibus..
1763 5319 1903 5369 neeesse
1926 5313 1978 5371 est
1996 5300 2150 5373 vicissim
2172 5306 2210 5375 in

228 5425 282 5485 ra)
297 5425 340 5478 ab
355 5423 400 5475 ns
417 5420 510 5476 verto
527 5419 669 5475 exoratur
686 5418 751 5485 ta.
1228 5404 1425 5485 emptorem
1440 5395 1495 5469 ins
1509 5394 1888 5495 aliquodtrandatum
1908 5427 1992 5476 esse.
2048 5404 2128 5476 Hoc
2151 5431 2210 5478 ar·

199 5092 403 5108 μ
