4566 5760
68 199 147 281 su

61 371 150 464 ipsis
173 383 209 443 et
228 370 269 443 in
285 369 455 443 societate
469 371 699 445 confusiones
710 386 919 468 sequuntur.
934 371 1049 443 allar-

61 473 185 545 monia
202 475 322 565 logum
335 487 372 545 et
387 474 649 566 appetitionem
662 478 807 547 turbata
821 489 893 559 est,
925 487 1048 566 postea

62 590 100 653 ot
111 577 202 649 loris
216 577 304 648 mali
318 579 554 649 adversantur
565 578 708 662 virtuti,
733 592 776 650 ut
791 579 942 650 Camillo
958 577 1049 649 invi·

61 682 151 751 dent
163 681 250 773 mali
264 681 368 752 cives.
420 677 505 749 ldeo
522 694 616 751 recte
632 682 723 753 sacta
739 694 937 776 sequuntur
951 680 1047 763 odia,

61 782 222 875 pericula
240 795 276 852 et
296 783 448 855 iniustae
463 806 567 854 neces
581 781 640 880 ¹⁴).
691 783 747 854 Ex
765 781 834 855 boc
855 787 953 857 sonte
974 784 1048 876 ple-

60 908 195 979 raeque
216 884 410 957 solutiones
424 898 718 975 argumentorum
732 887 878 980 Epicuri
902 902 1048 958 sumun-

61 999 134 1058 tur.
203 985 288 1057 ldeo
317 983 411 1058 banc
442 988 723 1059 admonitionem
758 992 856 1085 prius
888 989 1048 1072 recitavi,

62 1114 173 1184 quarn
188 1103 400 1181 argumenta
414 1088 561 1182 Epicuri
576 1117 811 1165 recenserem.
920 1132 923 1137 ·

163 1192 359 1285 Praecipua
374 1205 493 1262 autem
509 1207 543 1264 et
557 1195 814 1288 speciosissima
829 1195 977 1288 Epicuri
991 1218 1047 1264 ar·

61 1307 231 1385 gumenta
246 1291 333 1367 haec
348 1307 449 1367 sunt:

448 1444 658 1521 Primum.

110 1558 210 1635 Finis
226 1548 411 1635 cuiuslibet
424 1581 574 1638 naturae
590 1581 642 1638 est
658 1564 739 1654 hoc,
764 1570 810 1639 ad
827 1571 924 1665 quod
940 1568 1048 1652 ultro,

165 1692 298 1760 magno
331 1668 467 1760 impetu
499 1682 628 1740 natura
661 1673 792 1757 fertur,
838 1680 919 1742 non'
945 1670 1048 1754 illud,

166 1771 264 1865 quod
285 1768 471 1843 difficulter
497 1771 569 1863 agit
585 1773 728 1844 aliunde
743 1775 915 1868 impulsa,
942 1786 982 1845 ut
996 1773 1048 1841 la·
1101 1801 1109 1817 ·

107 1947 110 1951 .
164 1870 257 1965 pidis
274 1886 393 1945 motus
415 1876 581 1947 deorsum
602 1878 775 1949 naturalis
800 1890 870 1962 est,
907 1902 1047 1953 sursum

164 1973 353 2046 violentus.

110 2074 244 2149 Tendit
259 2090 379 2149 autem
395 2074 553 2149 humana
567 2094 695 2153 natura
711 2083 806 2153 ultro
825 2082 870 2152 ad
885 2080 1048 2173 volupta-

163 2192 249 2249 tem.
312 2178 470 2252 Econtra
500 2208 597 2278 vero⁴
616 2186 803 2257 difficulter
827 2185 1049 2277 obtemperat

162 2281 309 2374 legibus.
605 2360 608 2367 ¹
844 2278 848 2287 ¹

103 2382 207 2478 ‘Ergo
227 2386 390 2479 voluptas
407 2399 460 2457 cst
473 2388 564 2458 finis.
623 2380 626 2391 ¹

162 2484 377 2578 Respondeo
393 2490 439 2557 ad
455 2489 648 2562 Minorem.
686 2488 810 2574 Nobis,
829 2490 889 2584 qui
904 2488 1046 2573 scimus,

58 2589 156 2661 unde
172 2592 313 2661 turbata
331 2590 377 2658 sit
391 2586 580 2660 harmonia
596 2593 726 2663 virium
748 2592 785 2660 in
806 2589 971 2673 homine,
996 2593 1046 2658 sa-

56 2687 136 2762 eilis
157 2704 209 2761 est
229 2691 371 2761 solutio.
423 2688 463 2759 ln
487 2693 628 2764 Minore
654 2694 791 2763 fallacia
813 2707 865 2765 est
887 2693 1047 2762 acciden-

54 2794 124 2878 tis,
152 2793 235 2886 quia
251 2786 315 2885 per
332 2792 493 2865 accidens
506 2794 565 2881 fit,
591 2811 739 2889 propter
755 2795 1046 2889 depravationem

55 2890 238 2967 humanae
253 2909 422 2981 naturae,
447 2910 487 2966 ut
499 2910 639 2970 tantum
654 2901 700 2970 sit
715 2899 918 2969 incendium
933 2899 1045 2967 mala-

57 3023 142 3069 rum
164 2996 442 3091 appetitionum,
476 3013 516 3071 ut
546 3001 732 3073 difficulter
759 3003 1045 3094 obtemperemus

57 3100 128 3193 legi
143 3096 224 3171 Dei.
274 3102 344 3170 Sed
358 3101 389 3170 si
403 3114 532 3172 natura
548 3117 639 3174 esset
651 3105 878 3197 incorrupta,
904 3105 934 3174 si
948 3104 1044 3174 Deus

56 3201 97 3271 in
110 3201 214 3273 nobis
226 3196 457 3295 perfunderet
472 3229 537 3276 nos
553 3207 630 3277 luce
647 3233 729 3293 sua,
757 3221 792 3276 et
804 3207 957 3277 flammis
974 3207 1045 3276 vir-

57 3304 429 3400 tutum¹⁵),1rniversa
447 3308 647 3378 obedientia
657 3311 809 3381 iucunda
822 3323 922 3380 esset.
948 3309 1045 3379 Haec

57 3406 190 3478 Solutio
205 3407 309 3479 nobis
323 3409 360 3478 in
375 3406 530 3480 Ecclesia
545 3413 691 3483 illustris
713 3427 748 3483 et
770 3413 866 3483 utilis
887 3439 1044 3482 commo-

56 3508 211 3593 nefactio
230 3522 293 3594 est,
318 3524 359 3580 ut
374 3513 580 3603 cogitemus,
607 3540 715 3609 quam
734 3514 833 3585 triste
850 3517 984 3585 malum
999 3515 1046 3584 sit

56 3606 147 3709 ltaec
169 3612 346 3683 discordia
373 3613 523 3700 virium,
551 3630 585 3686 et
605 3620 700 3688 unde
722 3618 778 3689 sit.
829 3617 898 3687 Sed
914 3617 952 3684 in
965 3612 1044 3708 phi-

55 3711 221 3807 losophia
239 3741 320 3786 vere
339 3731 373 3787 et
388 3718 574 3810 perspicue
599 3719 648 3789 sic
671 3721 882 3812 responderi
908 3733 1041 3812 potest:

56 3814 159 3908 Nego
175 3816 376 3903 Minorem,
402 3820 485 3914 quia
500 3822 638 3891 fallacia
657 3837 728 3907 est,
756 3848 775 3891 a
801 3824 896 3892 dicto
920 3847 1043 3893 secun-

56 3922 145 3991 dum
161 3921 260 4015 quid,
281 3925 326 3991 ad
342 3922 476 3993 dictum
492 3924 711 4017 simpliciter.
755 3924 839 3996 Non
857 3924 953 3994 euim
969 3937 1042 3993 tota

55 4034 186 4094 natura
203 4025 315 4093 fertur
330 4028 376 4094 ad
390 4028 621 4118 voluptatem,
636 4030 697 4099 sed
706 4053 806 4098 mens
816 4041 898 4098 ante
910 4028 1042 4097 factum

358 213 562 279 nsaw
614 196 661 274 ll.
710 186 1591 277 ll'llllcasszmcmm,m1tffim3,eg

2010 192 2085 277 til

1099 367 1151 439 dit
1156 389 1267 541 {upon
1280 363 1367 435 ferri
1380 375 1494 441 totam
1505 375 1674 433 naturam
1687 366 1734 434 ad
1750 364 1971 457 voluptatem
1984 366 2086 458 prin*

1099 471 1155 562 cip
1195 469 1272 541 'teu
1360 486 1364 493 '
1388 518 1392 527 »
1921 506 1924 511 ·

1454 634 1721 706 Secundum.

1149 773 1338 869 Quaelibet
1366 784 1502 841 natura
1531 783 1628 841 recto
1658 784 1694 840 et
1723 772 1889 844 ordinato
1923 775 2085 868 appetitu

1201 876 1390 969 praecipue
1406 873 1541 964 appetit
1563 874 1870 945 conservationem
1892 878 1959 949 sui.

1149 981 1322 1071 Voluptas
1336 989 1387 1046 est
1403 976 1625 1046 conservatio
1643 989 1792 1047 naturae
1810 975 1984 1066 bominis,
2011 978 2083 1048 vir-

1201 1097 1257 1153 tus
1277 1078 1488 1162 destructio,
1510 1091 1551 1148 ut
1567 1078 1604 1146 in
1620 1079 1765 1154 Socrzue
1781 1093 1816 1150 et
1828 1081 2002 1154 similibus
2021 1107 2083 1174 ap-

1200 1196 1321 1277 paret,
1347 1181 1410 1276 qui
1429 1193 1576 1272 propter
1592 1195 1686 1251 recte
1703 1184 1794 1252 lacta
1810 1184 2084 1259 interficimur.

1149 1287 1245 1378 Ergo
1263 1287 1426 1376 voluptas
1443 1297 1494 1353 est
1512 1283 1618 1371 finis,
1641 1309 1717 1353 non
1738 1286 1862 1359 virtus.

1200 1391 1299 1480 Nego
1308 1389 1507 1469 Minorem,
1533 1399 1568 1454 et
1580 1387 1672 1456 ratio
1690 1401 1753 1470 est,
1780 1389 1862 1483 quia
1879 1402 1932 1460 est
1944 1390 2084 1463 fallacia

1100 1491 1299 1561 accidentis.
1361 1490 1456 1560 Nam
1479 1490 1575 1582 quod
1599 1489 1711 1558 virtus
1732 1492 1881 1561 destruit
1904 1506 2085 1578 naturam,

1099 1596 1137 1664 id
1156 1596 1196 1662 fit
1218 1619 1282 1687 per
1304 1592 1477 1661 accidens.
1535 1591 1642 1682 Quod
1667 1591 1762 1660 enim
1788 1593 1950 1665 Socrates
1973 1594 2084 1665 inter·

1099 1698 1234 1781 ficitur,
1260 1720 1362 1765 causa
1388 1707 1537 1764 estnon
1563 1693 1675 1763 virtus
1702 1695 1739 1761 in
1758 1695 1921 1779 Socrate,
1948 1701 2010 1766 sed
2030 1699 2084 1767 in·
2151 1754 2156 1759 .

1099 1800 1232 1871 1ustitia
1248 1798 1487 1867 inimicorum.
1538 1796 1588 1865 Ut
1605 1800 1702 1890 quod
1717 1797 1809 1866 latro
1826 1799 1992 1869 interficit
2008 1800 2083 1868 via·

1100 1917 1214 1973 torem
1229 1913 1415 1992 erepturus
1429 1898 1630 1991 pecuniam,
1654 1925 1730 1970 non
1745 1914 1796 1971 est
1812 1927 1917 1972 causa
1935 1903 2083 1975 viatoris

1098 2004 1268 2098 pecunia,
1293 2005 1354 2074 sed
1369 2001 1519 2073 latronis
1536 2002 1629 2071 mala
1646 2005 1821 2074 voluntas.
1874 2005 1947 2075 bec
1962 2018 2083 2075 tamen

1099 2108 1255 2201 pericula
1272 2107 1528 2175 comitarentur
1541 2104 1722 2189 virtutem,
1738 2107 1770 2176 si
1781 2119 1910 2177 natura
1926 2104 2084 2181 hominis

1100 2223 1190 2282 esset
1206 2210 1425 2300 incorrupta.
1476 2205 1565 2276 ltem
1582 2207 1751 2279 virtutem
1768 2209 1994 2281 servatricem
2010 2235 2085 2281 esse

1098 2327 1267 2396 naturae,
1299 2324 1447 2383 testatur
1471 2309 1642 2379 iudicium
1666 2310 1755 2396 Dei,
1787 2312 1849 2406 qui
1875 2313 2001 2382 virtuti
2022 2316 2086 2383 dat

1099 2415 1271 2508 praemia.
1321 2414 1510 2484 Praeterea
1525 2414 1771 2484 universaliter
1786 2440 1910 2485 verum
1927 2429 1991 2500 est,
2012 2416 2084 2484 vir-

1099 2530 1173 2587 tute
1187 2515 1322 2587 servari
1335 2514 1499 2606 speciem.
1549 2514 1703 2599 Veritas,
1727 2517 1875 2600 iustitia,
1898 2519 2083 2604 fortitudo,

1097 2629 1250 2711 prosunt
1271 2616 1457 2686 universae
1482 2616 1661 2699 societati,
1698 2618 1837 2689 etiamsi
1857 2619 2084 2690 individuum

1098 2718 1350 2813 inpraesentia
1368 2717 1573 2791 destruitur.
1621 2719 1709 2791 Plus
1732 2733 1785 2791 est
1808 2734 1928 2792 autem
1948 2722 2084 2792 servari

1098 2837 1234 2907 totum,
1260 2846 1368 2916 quam
1392 2833 1542 2914 partem.
1652 2818 1658 2827 ’

1202 2925 1338 2994 Deinde
1356 2937 1392 2994 et
1405 2919 1492 2994 baec
1507 2923 1583 3015 ipsa
1599 2924 1812 3008 destructio,
1838 2937 1874 2993 ct
1888 2950 2013 2997 omnes
2027 2953 2085 2997 ca·

1096 3028 1273 3099 lumitates
1289 3028 1481 3110 bonorum,
1496 3027 2083 3116 suntmanilestumtestimonium,

1096 3127 1260 3201 homines
1282 3155 1358 3203 non
1380 3142 1518 3198 tantum
1544 3130 1591 3199 ad
1613 3125 1706 3198 hane
1720 3130 1830 3198 vitam
1848 3133 1966 3215 nasci,
1997 3134 2082 3227 quia

1096 3232 1313 3326 impossibile
1328 3245 1392 3316 est,
1417 3245 1596 3315 naturam,
1615 3257 1706 3324 quae
1722 3232 1887 3323 intelligit
1901 3235 2083 3320 virtutem,

1097 3350 1132 3406 et
1147 3336 1307 3428 praemia
1322 3335 1462 3404 virtutis
1479 3359 1519 3403 ac
1535 3359 1682 3425 poenas,
1708 3335 1881 3419 itanasci,
1905 3351 1945 3406 ut
1958 3352 2082 3430 postea

1095 3441 1234 3509 nullum
1258 3437 1303 3507 sit
1325 3436 1516 3506 discrimen
1540 3436 1632 3505 inter
1651 3437 1767 3507 bonos
1786 3451 1822 3507 et
1835 3440 1969 3523 malos,
1997 3442 2079 3535 quia

1095 3541 1292 3610 intellectus
1307 3539 1447 3610 virtutis
1463 3551 1498 3610 et
1512 3539 1762 3631 turpitudinis,
1787 3542 2030 3631 praemiorum
2047 3555 2082 3612 et

1096 3669 1314 3736 poenarum,
1338 3644 1466 3712 frustra
1482 3654 1631 3711 naturae
1648 3655 1740 3712 esset
1755 3642 1900 3715 inditus.

1196 3745 1362 3816 Relutata
1377 3745 1539 3829 Minore,
1565 3745 1693 3815 deinde
1715 3744 1822 3814 etiam
1844 3749 2006 3838 neganda
2030 3760 2082 3823 eu

1094 3848 1225 3920 Maior.
1274 3846 1358 3918 Non
1372 3861 1426 3919 est
1440 3872 1523 3917 vera
1540 3847 1757 3940 propositio:
1794 3849 2001 3941 Quamlibet
2015 3875 2081 3918 ua·

1094 3966 1213 4023 turam
1236 3951 1389 4020 maxime
1411 3962 1578 4043 appetere
1600 3952 1908 4022 conservationem
1939 3964 2080 4023 tantum

1093 4069 1134 4126 ut
1148 4056 1204 4126 sit.
1232 4053 1301 4124 sed
1316 4053 1375 4122 illa
1393 4078 1477 4122 vera
1495 4065 1559 4137 est,
1577 4054 1740 4123 ordinate
1757 4068 1925 4145 appetere
1943 4078 2081 4136 omnes,

56 4138 93 4196 ⁰¹
104 4139 188 4219 1³⁰⁸t
207 4129 338 4245 f³¹⁰lJ¹¹P
364 4141 553 4245 fepugnal·
604 4129 697 4203 Nam
727 4143 808 4225 ll⁰⁸t
839 4131 964 4199 delicta
990 4155 1043 4200 ⁸⁰·
1093 4172 1134 4228 ut
1159 4158 1232 4227 sint
1251 4157 1447 4228 incolumes
1468 4155 1506 4225 in
1527 4156 1591 4224 tali
1612 4168 1726 4238 statu,
1753 4159 1799 4224 ad
1821 4181 1926 4248 quem
1947 4169 2077 4225 natura

56 4241 217 4325 quuntur
235 4230 428 4299 trrst1ss1mi
450 4231 636 4307 cruciatus.
675 4231 897 4328 Impossibile
914 4246 966 4303 cst
980 4258 1042 4303 au·
1094 4261 1238 4331 ,ondita
1255 4271 1318 4330 est,
1368 4260 1461 4330 Nam
1477 4272 1512 4329 et
1526 4258 1564 4327 in
1579 4283 1622 4327 ω
1641 4270 1735 4328 statu
1751 4271 1880 4327 natura
1895 4282 1978 4328 vere
1995 4282 2079 4328 con.

54 4341 152 4417 tem,
176 4332 282 4401 finem
299 4345 468 4417 naturae,
501 4358 579 4402 eam
597 4361 672 4407 rem
690 4351 751 4406 aut
764 4336 940 4405 actionem
956 4360 1042 4419 esse,
1092 4362 1229 4434 servari
1250 4374 1379 4453 popm,
1437 4364 1506 4433 sed
1529 4384 1609 4429 cum
1635 4372 1784 4450 vagatur
1804 4361 1976 4453 appetitio
2001 4361 2081 4432 sine

55 4458 167 4529 (luam
191 4446 326 4553 nalum,
346 4446 420 4504 ¹⁰²³
443 4447 524 4527 Ροει
547 4437 678 4509 saelum
703 4436 924 4509 bffllhililer
941 4462 1041 4555 Ψ·
1094 4466 1233 4551 ordine,
1256 4464 1504 4559 nonscquitur
1519 4461 1697 4532 conclusio
1714 4464 1756 4531 de
1772 4463 1853 4547 line,
1880 4464 1964 4558 quia
1980 4464 2080 4534 inor·

53 4548 176 4633 83.Ψῆ
201 4547 368 4655 fllP⁰l¹P⁸
383 4562 549 4657 ¹¹⁰¹¹f³⁸⁵⁰
573 4541 713 4659 maflflr
740 4567 847 4637 ‘luam
869 4553 1041 4612 ⁸U⁵l¹¹¹⁰f⁰
1093 4569 1213 4638 dinata
1239 4567 1409 4659 appetitio
1432 4566 1540 4637 etiam
1564 4565 1743 4636 contraria
1765 4579 1918 4636 naturae
1930 4568 2079 4660 appetit.

54 4650 283 4759 conspectum
303 4665 378 4711 e1us
393 4641 498 4759 lacti,
520 4652 564 4758 ul
581 4640 844 4762 Danti-mallet
864 4669 940 4713 1¹⁰ss
955 4668 1041 4729 ὅθεν
1091 4671 1281 4742 Praeterea
1296 4669 1534 4751 incolumitas,
1546 4692 1637 4761 quac
1652 4667 1701 4738 sic
1719 4669 1840 4738 vocari
1857 4684 1984 4761 potest,
2001 4692 2078 4739 uon

54 4764 164 4861 quw}
191 4752 637 4862 ⁸¹¹⁵l¹¹0¹⁰²eflfss¹l³l¹⁰¹¹⁶m
661 4772 714 4864 ⁸¹¹}
736 4747 868 4843 l‘lPffl&
944 4744 1041 4814 Haec
1092 4776 1196 4844 debet
1219 4798 1292 4842 esse
1314 4770 1505 4843 destructio
1541 4772 1599 4841 vel
1625 4770 1823 4856 individui,
1860 4775 1916 4841 vel
1935 4771 2087 4865 speciei.-

53 4844 185 4914 solutro
200 4848 484 4937 mamfestrssrme
500 4840 633 4916 refutat
644 4846 851 4939 Epicureos,
866 4874 907 4919 ac
924 4860 1041 4919 osten·
1090 4877 1168 4947 Etsi
1182 4875 1290 4965 5351OE
1303 4873 1559 4968 aliquantisper
1572 4886 1624 4945 est
1636 4874 1824 4944 incolumi,
1831 4873 1941 4959 Nem,
1955 4889 2077 4945 mmm

87 5008 413 5078 u).„„„„,„04„‚
438 5013 562 5076 „m
588 5020 615 5067 α
641 5016 762 5068 mm„
787 5021 897 5080 „ml
913 5018 957 5069 ,ιο
972 5018 1041 5070 m
1091 4980 1196 5051 dolor
1210 4976 1445 5046 conscientiae
1461 4977 1653 5059 scelerum,
1687 4976 1879 5048 destructio
1907 4992 1979 5062 est,
2014 4978 2077 5073 qni

122 5081 312 5200 &ffb
331 5086 359 5133 0¹
377 5083 470 5149 ms
493 5085 544 5135 Μ·
565 5086 641 5138 ¹⁶⁶⁰·
665 5086 777 5139 totores
802 5092 830 5138 es
851 5089 974 5153 perteue
991 5099 1041 5141 ο*-
1090 5106 1166 5152 non
1189 5092 1306 5172 potest
1327 5104 1401 5151 non
1424 5080 1537 5173 sequi.
1587 5078 1636 5150 Et
1647 5079 1821 5151 Diabolus
1841 5081 1955 5171 magis
1977 5093 2078 5173 optat

88 5214 138 5284 tt)
156 5219 181 5266 st
197 5219 273 5268 Dens
291 5219 319 5269 tn
336 5219 415 5271 nobis
433 5221 611 5283 perfunderet
633 5235 686 5274 nos
701 5224 763 5276 lnce
780 5236 848 5291 sus,
872 5228 901 5276 et
923 5223 1041 5276 innuis
1091 5210 1167 5256 ⁰⁰¹¹
1190 5208 1284 5266 ‘⁸⁸⁸’
1310 5208 1418 5277 llum
1440 5182 1489 5254 sic
1505 5207 1599 5268 ‘m‘
1624 5183 1699 5252 imo
1723 5178 1946 5254 hfflihilller
1967 5184 2078 5265 dm*

124 5285 270 5346 unsrun]
293 5287 339 5337 sto
358 5291 425 5340 Eat
452 5290 546 5353 lm,
573 5290 647 5342 ¹⁵⁵⁷·
674 5298 703 5342 ec
723 5296 812 5358 ¹⁶⁶⁰s
842 5295 891 5345 Μ
917 5294 992 5346 ¹⁵³⁰·
1014 5293 1041 5342 ⁸¹
1090 5315 1127 5361 se
1143 5311 1220 5357 non
1232 5310 1335 5378 posse
1349 5288 1561 5377 abrumpere
1577 5286 1770 5370 miseriam,
1790 5286 1985 5378 redigendo
2000 5310 2078 5360 sese

121 5354 229 5404 lucent
246 5355 275 5406 tn
291 5357 442 5409 homtnttur
459 5360 540 5412 firme
557 5359 590 5411 (te
606 5361 664 5413 Deo
680 5362 796 5432 rodda,

121 5422 204 5477 nst·
218 5423 331 5479 m
348 5425 407 5481 nu
828 5367 856 5416 et
878 5362 991 5415 ἠοω
1011 5362 1040 5414 ¹¹¹
1090 5393 1130 5465 in
1149 5385 1323 5476 nibilum,
1356 5401 1393 5462 et
1419 5391 1464 5461 de
1484 5384 1572 5460 luda
1600 5388 1842 5463 tristissimum
1864 5390 2001 5460 dictum
2023 5401 2078 5460 est
