4544 5766
115 186 218 265 119⁷
433 185 526 264 xvt
574 179 858 261 murano
888 153 1148 256 onsnoass
1182 178 1431 260 maraonis
1458 162 1560 259 rato
1593 183 1804 264 arcano,
2031 188 2128 264 noa

114 361 222 445 odio,
265 358 425 433 Caesaris
455 382 600 431 causam
630 356 847 430 calumniose
876 368 1100 449 praetexere3
1149 357 1342 427 allaturum
1368 380 1441 428 esse
1464 355 1714 443 Tuberonem,
1738 358 1803 432 etsi
1826 383 1968 431 revera
1993 362 2128 432 crimen

112 488 181 535 nec
203 461 334 537 Caesar
360 463 405 533 de
433 462 583 555 privatis
611 461 703 533 odiis
733 459 978 553 cognoscebat.
1029 456 1100 527 Re-
1148 471 1312 544 nonest,
1337 459 1443 531 fuisse
1467 460 1505 530 in
1520 461 1652 534 Africa.
1702 460 1799 532 Haec
1822 464 2025 534 extenuatio
2047 465 2127 535 illu-

111 567 235 638 censui
248 578 370 638 status.
421 565 657 636 Probationes
670 576 754 636 sunt
763 561 988 634 narrationes
1000 560 1099 645 iacti,
1148 573 1220 632 stre
1237 562 1450 633 vestibulum
1473 576 1525 634 est
1547 564 1656 636 totius
1675 564 1901 637 detensionis.
1959 565 2126 636 Commo-

111 682 149 740 et
169 681 254 740 sunt
276 669 421 748 breves3
447 691 536 763 quas
556 680 677 737 tamen
698 665 729 737 si
751 665 830 760 quis
857 663 936 734 vult
952 663 1098 755 alligare
1147 678 1249 736 ratur
1271 665 1310 734 in
1338 665 1473 736 ironia:
1507 665 1718 758 Negasscm,
1750 667 1781 739 si
1805 666 1992 753 nescisses,
2024 670 2125 763 quasi

112 771 346 866 syllogismis,
376 769 479 840 facile
507 782 577 861 est,
609 782 650 840 nt
679 768 799 837 videat
820 767 941 840 αἴτιον
958 778 996 835 et
1016 789 1097 861 κρι-
1148 768 1257 838 dicat:
1286 767 1366 838 Scio
1388 781 1424 839 te
1444 792 1520 838 non
1540 769 1726 861 ignorare,
1751 770 1814 840 ubi
1836 784 1983 865 uterque
2006 771 2125 855 fucrit,

109 869 287 966 νόμενον.
336 873 421 944 Non
444 884 497 944 est
519 871 652 942 crimen
672 871 779 943 fuisse
798 870 837 938 in
857 866 999 952 Africa,
1034 867 1096 938 sed
1147 882 1182 940 et
1204 872 1357 940 alterum
1378 870 1417 941 in
1438 870 1559 940 Africa
1581 871 1775 966 quievisse,
1809 875 1960 943 alterum
1989 873 2028 942 in
2051 875 2124 943 acic

109 976 166 1046 -ibi
189 989 315 1046 contra
329 975 517 1048 Caesarem
540 996 641 1044 arma
665 972 826 1065 gessisse;
850 968 1016 1063 Ligarius
1029 969 1097 1039 fuit
1145 973 1251 1044 luisse
1272 985 1395 1043 contra
1419 987 1471 1043 te:
1511 997 1622 1068 quare
1643 974 1757 1044 miror
1780 975 2030 1060 Tuberonem,
2062 976 2125 1070 qui

110 1079 149 1148 in
176 1078 319 1163 Africa,
357 1078 492 1149 missus
517 1101 537 1146 a
567 1087 695 1148 senatu
725 1087 807 1145 ante
834 1073 987 1156 bellum,
1028 1095 1094 1142 nec
1144 1075 1212 1146 suit
1234 1076 1352 1145 acrior
1373 1072 1505 1160 hostis,
1530 1100 1695 1147 accusare
1722 1077 1845 1150 alium.
1896 1077 2057 1173 Cumque
2078 1078 2125 1148 sit

111 1181 220 1272 gessit
246 1204 347 1250 arma
380 1192 505 1252 contra
537 1178 741 1250 Caesarem:
784 1175 893 1269 igitur
926 1197 1003 1243 non
1040 1187 1093 1246 est
1145 1182 1374 1263 antecedens,
1405 1180 1468 1249 sed
1487 1178 1683 1250 ironicum:
1715 1179 1855 1273 Negare
1883 1181 2017 1251 crimen
2048 1203 2124 1249 non

110 1284 349 1355 damnandus.
398 1282 522 1382 Minor
551 1294 606 1353 est
633 1273 865 1377 κρινόμενον.
929 1275 1018 1347 ltem
1049 1277 1093 1347 de
1144 1305 1308 1374 possum:
1336 1280 1481 1351 additur
1501 1293 1624 1375 postea
1642 1306 1878 1377 consequens:
1905 1283 2024 1354 Habes
2039 1306 2123 1352 con·

111 1387 335 1479 exceptione:
382 1385 512 1456 Caesar
543 1406 619 1454 non
653 1380 833 1474 cognoscit
863 1380 909 1450 de
943 1379 1094 1473 privatis
1143 1385 1301 1455 fitentem
1315 1382 1348 1480 ⁰)
1370 1409 1485 1459 rcum.
1533 1382 1609 1455 lam
1622 1408 1708 1455 vero
1726 1385 1855 1457 omissa
1869 1385 2000 1470 ironia,
2024 1385 2124 1454 addit

109 1487 223 1570 odiiss
249 1488 396 1558 Tubero
414 1487 572 1580 privatas
587 1485 737 1557 iniurias
751 1481 990 1577 persequitur,
1018 1504 1093 1550 non
1144 1482 1473 1586 ἀντικατηγορίαν,
1504 1499 1546 1556 ut
1567 1487 1725 1579 conspici
1746 1489 1860 1580 possit
1880 1483 2123 1558 inhumanitas

109 1591 185 1684 agit
207 1614 350 1662 causam
371 1589 551 1673 Caesaris,
576 1587 771 1659 eratenim
793 1581 905 1657 bostis
920 1582 1093 1668 Caesaris,
1143 1589 1365 1674 Tuberonis,
1395 1589 1459 1684 qni
1484 1613 1566 1659 enm
1595 1590 1751 1661 atrocior
1771 1586 1883 1662 hostie
1904 1591 2012 1660 stianit
2036 1588 2123 1659 cae.

106 1718 176 1763 {tec
197 1693 393 1764 traditurus
418 1705 496 1761 erat
516 1690 674 1762 Africam
692 1688 853 1760 Caesari:
880 1687 990 1777 igitur
1004 1682 1092 1755 llaec
1142 1693 1233 1778 sari,
1252 1716 1349 1762 nunc
1371 1705 1511 1763 renuet
1530 1690 1735 1784 Ligarium,
1750 1693 1824 1787 ⁴qui
1848 1692 1981 1764 otiosus
2005 1716 2123 1763 comes
2171 1699 2178 1711 “

110 1819 216 1866 causa
253 1792 344 1864 nihil
372 1796 416 1865 ad
450 1793 637 1865 Caesarem
667 1792 833 1885 pertinet.
889 1789 1011 1858 Minor
1040 1801 1092 1859 cst
1140 1794 1209 1866 fnit
1232 1795 1473 1887 Pompeianae
1494 1796 1618 1887 partie.

108 1891 343 1993 κρινόμενον.
392 1896 441 1966 Et
461 1909 501 1967 ut
525 1895 608 1991 ad⁶)
630 1894 872 1987 exceptionem
893 1891 1091 1983 perveniat,
1244 1894 1275 1989 ᾗ.
1291 1903 1327 1971 2.
1348 1884 1395 1984 0.
1415 1902 1523 1989 igitur
1542 1898 1724 1991 Ligarius]
1748 1894 1790 1966 ln
1811 1897 2019 1966 narratione
2039 1896 2121 1966 fun.

108 1999 236 2071 inserit
251 1999 601 2098 'recriminationemz
635 1998 693 2068 Tu
720 1995 855 2088 gessisti
885 2017 984 2062 arma
1007 2017 1090 2061 con·
1141 1999 1309 2069 damenta
1330 2011 1414 2069 sunt
1436 2000 1691 2084 excusationis,
1728 1999 1811 2093 quia
1839 2011 2017 2081 recenset,
2050 2021 2121 2091 qna

109 2117 165 2172 tra
192 2100 401 2190 Caesarem,
427 2114 548 2171 tenere
571 2100 793 2192 provinciam
817 2096 980 2178 voluisti,
1016 2118 1090 2164 non
1143 2102 1345 2186 occasione,
1380 2114 1416 2170 et
1439 2115 1589 2194 propter
1615 2126 1704 2197 quas
1739 2125 1861 2172 causas
1889 2100 2054 2194 Ligarius
2082 2099 2121 2167 in

109 2218 150 2275 ut
166 2203 311 2274 Caesari
335 2208 510 2274 traderes:
538 2227 622 2294 crgo
645 2198 736 2272 nihil
758 2195 845 2270 haec
864 2223 921 2269 res
942 2199 988 2266 ad
1004 2197 1090 2267 Cae·
1140 2204 1297 2273 Africam
1327 2204 1505 2295 profectus
1533 2205 1600 2289 sit,
1636 2216 1672 2274 et
1700 2228 1791 2298 quae
1819 2205 1927 2274 brerit
1951 2203 2121 2272 manendi

110 2330 228 2378 sarem
260 2307 426 2398 pertinet.
479 2305 631 2399 Reliqua
664 2315 716 2374 est
743 2302 966 2394 deprecatio,
999 2324 1090 2392 quoe
1139 2306 1338 2377 necessitas.
1383 2304 1574 2378 Distribuit
1589 2307 1697 2399 igitur
1714 2330 1792 2376 eam
1807 2305 1846 2373 in
1859 2304 1928 2375 tria
1944 2319 2120 2397 tempora,

111 2422 163 2479 est
185 2409 379 2501 prolixior,
403 2409 535 2502 inqua
557 2419 642 2476 sunt
656 2417 866 2497 argumenta
889 2427 908 2471 a
930 2401 1090 2472 bonitate
1141 2420 1176 2479 et
1201 2408 1355 2479 ostendit
1374 2408 1497 2500 priora
1521 2412 1593 2479 duo
1615 2432 1691 2478 non
1716 2409 1830 2479 solum
1849 2406 1948 2476 extra
1966 2409 2120 2499 culpam,

112 2510 293 2594 Caesaris,
319 2535 339 2580 a
367 2511 480 2581 causis
499 2507 703 2600 rogantium
712 2531 769 2593 „a
790 2505 962 2598 dignitate
982 2503 1091 2573 inter·
1140 2513 1202 2582 sed
1225 2511 1368 2606 quidem
1392 2536 1533 2582 causam
1550 2535 1643 2596 esse,
1667 2534 1730 2581 cur
1744 2511 1933 2604 quisquam
1947 2509 2121 2602 suspicari

109 2612 332 2697 cedentium,
365 2613 546 2682 ameritis
566 2611 610 2683 T·
635 2609 771 2702 Ligarii
785 2609 852 2703 ³⁸),
883 2607 946 2701 (issi
973 2607 1091 2676 fuerat
1140 2615 1253 2706 possit
1272 2637 1352 2683 eum
1375 2610 1496 2685 hostili
1525 2614 1646 2684 animo
1670 2613 1790 2684 brisse.
1842 2611 2005 2681 Tertium
2030 2623 2120 2680 tem·

110 2727 279 2811 quaestor
302 2715 473 2787 Caesaris.
523 2715 711 2785 Postremo
728 2711 822 2783 redit
837 2712 884 2780 ad
901 2733 1090 2801 argumen-
1139 2741 1206 2809 pus
1237 2715 1375 2810 aliquid
1401 2713 1508 2787 babet
1521 2715 1568 2810 1θ)
1598 2715 1825 2807 suspicionis:
1859 2713 1993 2784 Mansit
2012 2711 2119 2804 biga.

110 2832 186 2888 tum
209 2819 252 2886 de
274 2818 379 2888 laude
402 2817 584 2888 bonitatis.
1139 2820 1234 2902 rius,
1259 2844 1340 2889 curn
1357 2817 1473 2890 Varus
1488 2814 1600 2890 hostis
1617 2816 1777 2888 Caesaris
1792 2816 1999 2911 provinciae
2014 2839 2117 2908 prae-

1140 2921 1283 3019 erat¹¹).
1334 2921 1401 2991 llic
1414 2934 1545 3015 purgat
1561 2921 1811 3014 suspicionem,
1838 2921 2021 2990 conferens
2035 2941 2118 2988 cau-

1140 3048 1216 3096 sam
1258 3024 1551 3095 commorationis
1593 3025 1632 3094 in
1672 3023 1937 3103 necessitatem
1969 3020 2117 3104 mansit,

213 3118 524 3218 Cap.l.§.1.⁰).
559 3126 689 3192 Novum
710 3122 857 3201 manea,
887 3120 922 3188 ⁰·
948 3116 1089 3209 Caeam]
1140 3128 1223 3222 quia
1253 3139 1353 3197 moto
1380 3129 1452 3196 iam
1480 3128 1594 3212 bello,
1633 3125 1734 3221 quasi
1768 3126 1809 3194 in
1845 3124 1923 3216 ipso
1952 3122 2117 3193 incendio

106 3225 200 3296 Fere
231 3225 352 3294 omnia
387 3227 548 3294 membra
587 3219 692 3293 huius
722 3219 895 3290 orationis
923 3218 1090 3288 videntur
1140 3228 1302 3299 omnium
1324 3230 1611 3322 provinciarum,
1640 3253 1707 3299 nee
1730 3227 1849 3320 egredi
1876 3252 1895 3296 e
1919 3226 2117 3318 provincia,

105 3327 279 3397 familiari
297 3327 455 3398 sermoni
475 3325 668 3407 similiora,
700 3346 807 3416 quam
838 3321 973 3392 forensi
1004 3344 1088 3389 con·
1138 3358 1203 3402 nee
1226 3332 1403 3423 applicare
1428 3335 1473 3401 ad
1496 3333 1588 3402 nlloe
1608 3344 1733 3423 portae
1758 3343 1874 3401 tntum
1898 3341 1987 3399 erat,

106 3429 273 3502 tentioni.
329 3427 413 3499 ideo
443 3430 627 3499 exordium
655 3437 707 3495 est
738 3427 866 3508 breve,
901 3436 937 3492 et
967 3422 1089 3492 miscet
1241 3433 1327 3525 cap,
1344 3431 1386 3504 ΙΙ,
1414 3431 1445 3524 g
1462 3433 1498 3503 6,
1523 3435 1663 3504 Notium
1678 3436 1784 3524 igitur
1797 3436 1928 3502 crimen
1942 3427 2116 3522 tatae¹²)]

104 3533 239 3602 multas
259 3533 408 3622 figuras,
434 3527 721 3627 ἀπροςδόκητον,
746 3526 922 3610 ironiam,
947 3549 1089 3595 effice&
1140 3536 1329 3607 Conclusio
1355 3535 1584 3605 narrationis.
1687 3535 1943 3604 Oclemeatiam
1961 3536 2116 3602 admira-

106 3635 267 3706 tionem·
302 3657 490 3726 excerpens
514 3658 556 3703 ex
577 3654 681 3700 causa
705 3628 763 3712 id,
795 3629 1090 3722 q110d1¹⁰¹¹flf³l
1138 3640 1252 3731 bilem]
1279 3636 1461 3708 Transitio
1477 3638 1522 3707 ad
1536 3634 1806 3718 refutationem,
1831 3658 1921 3727 quae
1935 3633 2116 3716 inseritur,

106 3737 352 3810 criminosum.
403 3736 514 3806 Addit
533 3735 570 3805 in
589 3734 659 3802 fine
678 3730 814 3802 exordii
831 3742 866 3800 et
881 3729 1088 3800 reccimina·
1137 3754 1179 3812 nt
1207 3741 1393 3835 perveniat
1421 3739 1544 3810 Cicero
1584 3739 1631 3807 ad
1658 3737 1929 3820 refutationem,
1967 3739 2007 3805 in
2044 3758 2116 3829 qua

104 3841 255 3910 tionem.
304 3838 380 3908 Hae
403 3840 535 3930 figurae
552 3860 674 3907 omncs
705 3829 884 3903 adhibitae
913 3844 1016 3914 sunt,
1047 3845 1088 3902 ut
1137 3843 1295 3937 primum
1325 3854 1528 3935 opportuna
1558 3840 1790 3933 occupatione
1819 3840 1948 3910 utitor:
1981 3837 2115 3927 Magna

106 3954 186 4013 arte
208 3954 416 4012 extenuetur
439 3940 595 4022 crimen,
620 3950 655 4006 et
671 3935 800 4006 Caesar
820 3937 882 4004 fiat
901 3933 1087 4026 placatior,
1138 3947 1323 4016 elementia
1348 3958 1418 4031 eet,
1452 3947 1540 4015 dane
1562 3943 1656 4013 vieto
1678 3954 1888 4035 potestatem
1910 3964 1977 4032 pro
1999 3939 2112 4008 altero

105 4057 145 4115 et
170 4044 380 4113 incendatur
413 4046 581 4112 adversus
601 4039 829 4108 Tuberonem
845 4037 889 4132 Ἰ).
940 4033 1087 4105 initium
1137 4047 1289 4120 dicendi,
1362 4044 1403 4118 ld
1439 4071 1520 4118 enm
1556 4046 1665 4117 faniae
1701 4045 1850 4128 Caesar,
1889 4041 2048 4111 bonitate
2078 4053 2113 4108 et

106 4145 208 4240 cst⁸)
236 4145 458 4228 extenuatio,
491 4169 571 4214 cum
594 4141 662 4210 ait:
700 4139 844 4211 Novum
872 4139 1008 4208 crimen
1039 4140 1087 4207 ad
1754 4166 1758 4173 ·

105 4262 145 4325 ie
165 4248 311 4318 Tabim
333 4248 470 4319 detulit·
519 4245 653 4338 anue
676 4242 793 4333 Prima
815 4243 927 4333 figura
953 4254 988 4310 ei
1002 4241 1087 4311 satis
1168 4312 1201 4374 9)
1217 4310 1404 4370 amoenam]
1417 4304 1650 4373 storutttsss,
1668 4304 1762 4369 astte
1778 4301 2112 4357 salmanticensem.

104 4350 198 4424 *ὼ
222 4344 515 4467 imiimi&
543 4361 578 4418 ⁰²
601 4345 707 4462 lacit?
725 4339 881 4462 detrabit
900 4342 1086 4462 mem}
1171 4400 1220 4457 to)
1238 4396 1358 4449 reanum
1376 4396 1482 4456 temous
1497 4391 1599 4455 sitnon
1615 4392 1709 4451 asset]
1734 4390 1776 4441 sto
1791 4389 1876 4442 rato.
1901 4389 1994 4455 asta,
2019 4390 2112 4456 assae

105 4454 313 4535 candorem,
340 4477 440 4546 quasi
457 4453 569 4520 dicat:
596 4447 710 4537 Magrs
725 4447 917 4538 cuprdrtate
933 4446 1086 4515 nocendi
1204 4466 1255 4520 ua
1275 4464 1350 4515 taos
1367 4461 1488 4512 rerttun
1505 4461 1586 4511 mast
1602 4459 1704 4523 suono
1721 4457 1788 4526 (om.
1806 4453 1978 4524 „unms’').

103 4566 247 4629 accusat
255 4554 413 4638 Tubero,
428 4578 536 4648 quam
550 4551 722 4622 adductus
735 4572 818 4617 vera
835 4547 954 4641 aliqua
968 4572 1085 4619 causa.
1170 4553 1269 4684 ssiri,
1284 4547 1464 4682 bibliisu'mii
1470 4559 1544 4678 '¹¹qu
1558 4542 2112 4679 πθξῶᾝθὲᾱέίῆξᾞεπθῂᾞᾞ·

103 4657 189 4731 Ην)
215 4657 370 4751 excerpit
393 4656 449 4740 id,
481 4656 578 4751 quod
599 4653 742 4722 ¹1¹0ffi1¹³
763 4663 856 4730 erat;
887 4663 923 4719 ⁰1
944 4674 1084 4721 ⁶⁰¹¹oes·
1202 4686 1279 4741 aut
1312 4686 1345 4735 a.
1361 4696 1390 4738 u.
1408 4698 1431 4736 e.
1448 4682 1509 4734 ros.
1526 4682 1603 4733 intuo
1621 4681 1687 4733 seru
1704 4680 1792 4732 onan
1810 4679 1837 4731 et
1851 4681 2006 4744 noestam
2023 4680 2110 4744 taos-

103 4763 206 4836 sione
226 4761 350 4831 utitur.
400 4759 493 4829 Nam
516 4782 581 4849 per
594 4780 631 4826 se
644 4751 736 4825 nihil
750 4765 802 4823 est
816 4753 953 4844 culpae,
977 4752 1084 4823 fuisse
1203 4757 1274 4810 rium
1292 4754 1464 4814 semeron,
1481 4752 1552 4815 quos
1568 4751 1881 4817 monteronem,
1905 4751 1935 4802 Ρ·
1952 4751 2032 4800 sans
2051 4751 2109 4800 Vu-

1202 4838 1263 4889 rus,
1281 4823 1325 4889 qut
1342 4820 1448 4885 suecos
1464 4818 1544 4870 ansts
1560 4820 1625 4871 ento
1635 4817 1756 4870 Atdosn
1772 4830 1824 4884 pro
1839 4822 1969 4883 praetore
1983 4817 2093 4871 oudone

103 4861 280 4936 inAffica·
315 4859 572 4958 lnquitibiim'i
588 4855 672 4931 N⁰¹¹
686 4856 850 4949 l’um'mil
865 4850 936 4926 h⁰⁰
949 4854 1085 4925 crimen
1202 4894 1265 4959 rat,
1298 4891 1404 4942 Uticam
1428 4890 1521 4947 veatt,
1552 4887 1826 4952 reperissemus
1853 4888 1973 4941 oblatum
1995 4845 2110 4948 turult..

207 4990 215 5003 a
1200 4959 1349 5024 Ligarius,
1366 4971 1427 5010 oum
1444 4959 1562 5008 evadere
1578 4968 1633 5007 non
1649 4959 1763 5022 posset,
1782 4956 1913 5021 mmo
1930 4955 2001 5021 betto
2018 4953 2108 5005 tater-

1201 5031 1254 5082 ruta
1271 5042 1303 5081 ιο
1320 5027 1433 5089 deinde,
1457 5039 1517 5077 com
1539 5025 1638 5077 iratum
1659 5023 1955 5088 interemtorum,
1979 5022 2108 5074 nutavit.

136 5069 241 5192 aa
257 5056 739 5201 attrectamur
756 5054 833 5107 ν
1402 5097 1431 5147 ..
1727 5088 1892 5146 ”³²²²
1959 5104 1988 5193 ἰ
2001 5088 2063 5143 ...
2081 5095 2109 5142 t

135 5210 171 5267 ο)
188 5205 286 5269 crptts
303 5206 331 5253 st
347 5199 536 5264 paragraphus
553 5197 701 5247 mundum
717 5195 767 5246 Ed.
785 5193 873 5247 orell.
888 5189 1032 5254 metipsi.

135 5267 364 5408 arao
707 5263 1030 5331 νννν
1048 5263 1081 5324 0·
1395 5248 1595 5385 aaa
1733 5229 2108 5383 ‘a

138 5413 171 5475 8)
188 5413 247 5476 ost]
264 5409 307 5463 stc
322 5407 407 5460 uuirt
425 5406 519 5474 tots,
537 5403 632 5471 totae
648 5401 677 5457 tn
693 5400 744 5456 rt.
763 5399 840 5454 ttoe.
856 5396 950 5453 οοιίοο.
1203 5393 1264 5447 ton
1281 5392 1375 5460 φναν
1392 5392 1496 5457 tates,
1514 5391 1633 5445 caesar.

472 2982 730 3053 Exordium.
