4544 5766
126 176 232 251 1217
453 178 546 252 xvi.
596 174 880 251 ENAltllATlO
912 171 1171 247 ORATlONlS
1204 172 1454 249 ctcEIton‘ts
1486 175 1586 246 PRO
1620 174 1828 249 LlGARlO.
2054 186 2151 259 1218

230 345 261 438 ἓ.
277 347 337 419 36.
363 353 431 421 Hie
447 347 570 450 ipitur]
597 350 679 421 Fuit
702 350 834 432 fidelis,
860 375 935 429 non
956 346 1112 440 captavit
1163 350 1264 442 quasi
1278 348 1387 419 dicat:
1415 347 1557 419 Nullam
1584 360 1684 439 potes
1706 350 1878 420 maiorem
1899 353 2042 423 landem
2064 379 2147 424 eon·

121 450 284 544 aliquam
301 451 511 537 utilitatem,
543 455 600 524 eui
626 454 738 524 voluit
761 453 934 522 redimere
953 453 1111 533 fratrem,
1162 453 1281 544 sequi,
1306 476 1413 546 quam
1432 453 1528 545 quod
1543 463 1641 520 tanta
1660 452 1697 519 in
1719 478 1856 523 summa
1879 467 2054 546 potestate
2078 460 2146 528 cle·

120 577 200 621 non
222 554 365 623 fuerunt
386 557 503 625 fucata
528 557 659 626 oflicii:
702 558 809 647 igitur
836 557 941 625 debes
964 552 1111 622 moveri.
1162 555 1295 623 mentia
1312 554 1433 624 utaris.
1484 553 1730 623 Misericordia
1747 554 1841 624 enim
1857 570 1908 626 est
1930 558 2050 630 divina
2073 560 2145 629 vir-

123 659 235 741 Quam
255 657 370 749 haim]
405 656 614 743 Conclusio,
657 662 689 728 1.
719 661 763 727 ab
794 656 962 751 exemplis
983 656 1110 725 multo·
1162 669 1230 751 tus,
1279 655 1485 726 Aristoteles
1500 658 1546 726 ad
1561 650 1766 747 Philippum
1782 683 1900 750 regem
1911 660 2143 733 Macedoniae

121 782 220 828 rum.
277 764 314 831 ἒ.
340 759 583 852 syllogismus.
643 762 678 832 3.
705 760 897 853 Quaestori
920 758 1026 828 debes
1049 755 1112 825 ali·
1163 758 1299 829 scribit:
1344 756 1390 833 Οἱ
1416 755 1542 830 πολλοὶ
1566 763 1640 828 τῶν
1667 755 1884 857 φιλοσόφων
1907 759 1976 856 τὴν
2000 763 2142 865 εὐεργε-

123 860 214 953 quid
235 860 388 953 amplius
412 866 622 946 concedere,
656 889 762 958 quam
779 863 869 933 aliis.
921 860 956 934 4.
978 858 1033 928 Ab
1055 884 1112 929 ex·
1163 859 1302 956 otavffi)
1320 863 1400 955 θεῷ
1416 853 1585 952 ἰσότιμον
1598 861 1944 959 παρεσκεύασανθῖ).
2029 872 2142 957 Popu-

120 963 244 1055 emplo
262 962 438 1034 Marcelli:
473 966 596 1059 Nuper
621 966 825 1059 deprecanti
848 961 985 1035 senatui
1012 961 1111 1032 resti·
1161 965 1248 1055 lure]
1268 963 1399 1033 scilieet
1419 976 1570 1053 gratnm.

124 1065 518 1161 ttristidlarcellurn”):
547 1094 631 1159 ergo
646 1092 741 1138 nunc
757 1066 961 1160 deprecanti
978 1065 1110 1156 populo
1266 1062 1296 1156 ᾗ.
1314 1067 1375 1135 58.
1412 1067 1526 1156 Nihil]
1559 1064 1712 1135 Collatia
1737 1064 1901 1136 fortunae
1925 1082 1960 1138 et
1982 1083 2143 1156 naturae,

123 1169 187 1237 des
204 1166 401 1259 Ligarium.
791 1160 800 1181 ⁸
1163 1181 1198 1236 et
1219 1167 1385 1237 dilemma
1413 1181 1474 1238 est.
1568 1161 1696 1263 Quare]
1730 1166 1951 1238 Translatio:
1985 1171 2043 1243 Tu
2068 1172 2143 1266 ipse

232 1267 263 1361 §.
279 1271 340 1343 37.
365 1278 431 1344 Fac
445 1274 565 1365 ipitur]
591 1270 763 1365 Exemplo
781 1273 908 1341 invitat
923 1273 969 1339 ad
991 1268 1110 1336 amici·
1163 1270 1290 1361 cogita.
1380 1274 1426 1339 Te
1458 1272 1581 1361 ipsum]
1622 1268 1799 1338 Clausala.
1888 1273 2145 1377 Praesentibus]

126 1371 236 1455 tiam,
262 1388 302 1443 ut
325 1374 484 1466 ignoscat
500 1373 656 1467 Ligario.
732 1374 860 1469 dicut)
883 1376 954 1465 ille]
980 1370 1112 1440 scilieet
1163 1373 1286 1456 idest,
1311 1371 1436 1441 melius
1452 1385 1573 1463 postea
1594 1367 1795 1455 lmbebunt,
1830 1388 1934 1444 erunt
1957 1378 1994 1444 in
2019 1402 2142 1471 perpe-

125 1477 273 1567 quando
290 1478 473 1547 restituisti
488 1478 709 1548 Marcellum.
785 1479 1015 1548 Similem...
1035 1476 1110 1543 lau-
1162 1490 1225 1546 tuo
1248 1499 1422 1545 moerore.

124 1578 220 1669 dem]
236 1577 369 1649 scilicet
383 1605 426 1649 ex
440 1580 602 1651 restituto
613 1580 795 1651 Marcello.
850 1578 964 1668 Matr]
989 1570 1025 1647 5.
1040 1574 1113 1643 Ra·
1166 1632 1370 1649 .....,..-

127 1680 180 1749 tio
196 1705 238 1749 ex
254 1681 331 1773 ipso
349 1707 476 1774 genere
491 1683 631 1754 virtutis
646 1696 784 1773 sumpta
804 1693 871 1750 est:
900 1678 992 1772 Quia
1011 1678 1113 1747 honi·
1198 1713 1248 1773 ω)
1266 1705 1438 1777 ,amnem
1457 1709 1854 1774 aa,1soe.erroretypogr.:
1878 1704 2029 1775 ενεργισία.

88 1880 95 1889 ι
126 1794 182 1854 tas
205 1796 258 1853 est
278 1810 417 1855 summa
440 1785 570 1870 virtus,
611 1798 646 1855 et
678 1785 784 1875 digna
817 1796 915 1852 tanto
940 1779 1113 1873 principe,
1198 1792 1869 1927 &pepputpuipefiptrporpppsrtpfarpagpaffigpp
1884 1794 2143 1930 minim:

1232 1949 1293 1987 rum
1312 1934 1479 1995 teletarum,
1507 1932 1670 1997 oratorum,
1698 1931 1937 1997 Philosophorum,
1966 1935 2142 2003 Medicorum,

163 2048 214 2109 ω)
232 2048 313 2102 cur·
331 2050 387 2102 ⁰³0·
411 2052 481 2102 out·
505 2063 555 2113 uo
584 2052 716 2125 rareto
737 2052 761 2116 ¹,
779 2050 803 2101 ³·
831 2053 859 2100 et
884 2049 965 2112 eret·
990 2048 1026 2099 ³¹¹
1048 2044 1113 2096 ee·
1233 1992 2152 2137 tttttttltartataatata‘tatatlt‘ttatass

196 2117 248 2183 'v'
270 2121 297 2181 ⁴’
314 2118 341 2171 ἃ
1095 2174 1102 2187 ·
1231 2141 1383 2195 Latinitate
1402 2142 1529 2192 domne.
1568 2140 1699 2199 Aureliae
1720 2140 1899 2205 Allobrogem
1920 2143 2066 2200 ttltcvt.
2081 2144 2141 2200 Fut.

164 2220 216 2279 84)
234 2220 317 2282 nest]
335 2222 376 2273 ete
392 2222 442 2274 lto.
456 2222 547 2285 laesa
575 2223 625 2275 Ed.
643 2222 729 2275 orell.
747 2224 790 2288 et,
808 2223 845 2275 st.
1232 2223 1294 2279 pag.
1307 2211 1367 2263 ³1⁴.

196 5495 376 5557 thiarae.
399 5487 504 5553 Oeen.
526 5484 610 5549 Van.
634 5479 721 5545 ΧΠ.
