4544 5766
119 189 216 264 1087
493 195 497 201 ’
687 170 811 244 Plllb.
844 169 957 242 MEL.
991 165 1192 242 SCRIPTA
1225 168 1558 243 PHILOLOGICA.
1759 243 1764 253 ,
2041 174 2134 247 1088

119 361 188 431 alia
207 355 300 426 ratio
317 351 552 442 allegabatur:
582 344 781 436 Corrupisti
798 344 991 436 populum,
1018 340 1102 435 quia
1154 337 1245 411 nibil
1259 367 1361 434 posse
1382 343 1485 413 nobis
1502 355 1701 434 praestare,
1730 341 1799 413 nisi
1814 338 1883 413 boc
1900 345 2058 418 officium
2081 348 2136 417 de·

119 461 247 533 dedisti
274 456 409 549 populo
437 454 555 521 locum
581 451 626 519 ad
648 450 891 538 spectandum.
957 444 1011 513 Ad
1035 440 1104 512 hoc
1154 446 1341 517 ductionis.
1415 448 1549 537 eattae]
1575 446 1705 516 scilicet
1722 471 1812 539 quae
1828 447 1920 540 leges
1937 451 2150 532 volucrunt'

121 565 325 656 respondet:
353 558 435 626 Non
453 553 596 635 alienis,
622 553 683 623 sed
705 551 776 621 suis
798 549 986 618 tribulibus
1008 547 1105 615 dedit
1152 560 1194 618 ut
1208 560 1324 619 certus
1341 572 1509 619 numerus
1524 561 1735 619 sectatorum
1752 549 1857 619 alicui
1874 553 2136 665 adiungeretur.

120 672 250 738 locum.
351 657 537 748 Auditum]
570 650 639 723 hoc
665 665 736 737 est,
777 652 815 720 in
842 676 968 740 genere
992 650 1103 719 multa
1153 650 1280 742 Poena]
1307 651 1439 722 scilicet
1454 651 1656 721 constituta.

123 763 327 840 declamitas
358 772 480 830 contra
516 757 701 826 ambitum.
815 749 987 848 Defende]
1013 751 1104 821 scili·
1169 808 1173 813 .
1256 749 1287 842 ᾗ.
1305 754 1365 827 72.
1392 759 1440 824 Aa
1461 753 1659 846 spectaculo]
1685 752 1763 823 Alia
1788 754 1994 824 translatio:
2027 755 2137 827 Datus

123 884 176 941 cet
190 870 304 960 ipsam
319 861 577 953 turpitudinem
596 857 760 926 ambitus.
831 852 1024 951 Ambitum]
1040 853 1105 924 sci·
1156 866 1207 925 est
1222 855 1319 926 locus
1334 856 1534 948 spectandi,
1561 859 1754 925 conductae
1773 868 1856 926 sunt
1876 857 2069 931 tribulibus
2089 872 2137 928 ta·

124 975 204 1044 licet
231 991 352 1060 genus.
454 962 700 1053 lasnooeutinm]
734 959 769 1026 id
796 971 868 1041 est,
909 982 983 1026 non
1008 955 1106 1026 volui
1154 958 1299 1027 hernae.
1412 959 1632 1049 Punctom]
1676 958 1713 1027 id
1747 971 1824 1042 est,
1873 959 2137 1051 suffragiorum.

123 1076 251 1168 punire
272 1067 358 1150 bos,
407 1065 468 1159 qui
495 1065 622 1133 iniuste
658 1073 905 1130 {accusarentur
942 1059 1104 1128 ambitus.
1155 1058 1265 1130 Vide:
1305 1057 1421 1129 Omne
1444 1061 1525 1129 tulit
1548 1073 1739 1151 punctum,
1768 1059 1897 1156 etc.⁸⁸).
1955 1064 2137 1155 Significat

124 1174 310 1263 Accusata]
336 1169 467 1240 scilicet
489 1167 527 1234 in
549 1189 686 1256 genere.
761 1165 914 1254 Dixisti]
938 1161 1105 1253 Proposi-
1158 1161 1280 1232 Cicero
1297 1186 1333 1231 se
1352 1186 1392 1229 ea
1409 1161 1447 1228 in
1462 1188 1500 1231 re
1516 1164 1689 1234 studuisse
1705 1162 1851 1248 Servio,
1879 1166 1950 1233 iam
1977 1167 2082 1261 quasi
2104 1168 2138 1236 in

125 1281 176 1350 tio
194 1290 229 1347 et
241 1257 419 1353 inlitiatio,
444 1266 511 1338 boc
527 1281 590 1350 est,
613 1293 703 1357 nego
718 1265 812 1335 hum
828 1289 899 1352 esse
915 1288 1015 1333 reum
1033 1289 1107 1332 am·
1157 1290 1193 1334 se
1216 1265 1383 1333 transfert
1406 1263 1502 1333 illam
1518 1265 1712 1349 iacturam,
1738 1265 1860 1350 idest,
1884 1268 1997 1338 multa
2014 1271 2137 1341 suffra-

124 1384 237 1462 bitus,
264 1375 365 1470 quasi
382 1374 491 1441 dicat:
530 1395 603 1440 non
624 1369 826 1463 quaeritur,
860 1367 944 1460 quid
967 1367 1014 1437 sit
1034 1391 1107 1434 am·
1158 1366 1214 1458 gia
1240 1379 1323 1436 tunc
1350 1366 1550 1452 amisimus,
1586 1369 1669 1463 quia
1694 1368 1733 1437 in
1755 1370 1973 1462 exquirendo
2000 1397 2138 1444 eramus

126 1486 239 1564 bitus,
279 1479 340 1549 sed
364 1476 566 1569 quaeritur,
603 1486 724 1541 utrum
744 1471 802 1539 ille
823 1472 935 1540 factus
960 1471 1004 1541 sit
1026 1493 1108 1538 reus
1158 1468 1264 1539 nimis
1278 1469 1391 1539 severi
1404 1482 1439 1536 et
1454 1493 1562 1540 acres.
1637 1473 1806 1564 Primum]
1825 1472 2138 1559 scilicetfecemnt,

127 1586 291 1656 anibitus.
356 1577 549 1668 Refereme]
576 1576 707 1645 scilicet
722 1586 957 1665 proponente.
1025 1573 1108 1645 Gla-
1158 1572 1340 1654 videlicet,
1366 1584 1406 1640 ut
1424 1571 1513 1642 alius
1533 1572 1635 1642 alteri
1653 1575 1832 1658 cederet„
1877 1580 2053 1671 Nondum]
2078 1578 2138 1650 sci·

125 1683 326 1774 dictoribus]
353 1680 484 1751 scilicet
501 1679 531 1748 si
546 1703 624 1748 cum
639 1676 894 1768 gladiatoribus
911 1675 1108 1766 prodirent.
1158 1674 1240 1743 licet
1265 1675 1429 1758 luerunt,
1469 1674 1532 1769 qui
1559 1676 1631 1746 suis
1653 1676 1841 1748 tribulibus
1859 1689 1952 1750 totas
1973 1681 2137 1752 tabernas

127 1790 251 1879 Meus]
278 1784 409 1856 scilicet
428 1783 459 1853 si
478 1782 575 1850 locus
598 1781 644 1849 ad
663 1780 894 1869 spectandum
916 1780 1019 1847 datus
1045 1787 1108 1844 est.
1160 1778 1408 1846 conducerent.

130 1886 313 1978 stibutim]
339 1886 462 1966 idest,
487 1882 720 1975 persingulas
735 1881 859 1961 tribus,
883 1879 1108 1972 quasidicat:
1260 1894 1346 1986 cap,
1364 1894 1503 1964 xxxv,
1531 1891 1562 1985 ξ,
1577 1896 1638 1966 73,
1674 1898 1835 1989 pedem]
1861 1898 1994 1970 scilice]
2018 1901 2136 1974 fertur·

128 2009 179 2065 est
197 1987 357 2085 quaestio
372 1984 630 2066 coniecturalis,
655 2007 730 2051 non
744 1981 941 2071 negotialis.
1006 1980 1109 2071 Opus]
1159 1994 1245 2065 Vult
1255 1997 1356 2090 loqui
1370 1999 1413 2067 de
1430 2011 1573 2081 autore,
1604 1998 1666 2092 qui
1684 2002 1840 2091 primum
1863 2005 2074 2075 conduxerit
2093 2017 2138 2073 ta·

128 2086 361 2169 scilicetnihil
378 2087 488 2157 laedit
503 2086 712 2168 Murenam,
739 2085 821 2178 quia
845 2084 884 2150 in
909 2107 1035 2173 genere
1057 2081 1110 2198 lq·
1159 2101 1288 2170 beruas
1310 2100 1495 2170 universae
1520 2100 1641 2171 tribui,
1716 2107 1808 2174 ΗΜ
1830 2108 1958 2198 omnia]
1992 2107 2136 2177 conclu.

130 2198 252 2293 quitur
269 2195 313 2260 de
330 2214 391 2273 re,
414 2214 490 2258 non
507 2191 551 2258 de
565 2212 731 2282 persona.
810 2187 1019 2278 candidatis]
1046 2208 1111 2254 scr·
1160 2201 1226 2272 δίο,
1309 2205 1549 2295 smmum]
1585 2203 1717 2274 scilicet
1737 2206 1919 2277 comitum,
2003 2215 2136 2301 Spem.

59 2383 65 2404 ι
128 2303 210 2370 licet
229 2293 353 2365 Servio
378 2305 412 2361 et
434 2290 500 2360 fibi
519 2290 659 2362 Ceioni·
737 2281 844 2382 Nam]
876 2289 912 2356 id
937 2300 1007 2372 ⁰⁸22
1041 2286 1111 2356 ³¹1³
1160 2299 1323 2400 culorum]
1338 2305 1375 2372 id
1390 2317 1460 2389 est,
1485 2306 1582 2398 quod
1596 2308 1764 2377 tabernae
1779 2308 1850 2378 siut
1864 2313 2060 2381 conductae
2078 2337 2136 2404 pro

130 2399 289 2497 quaestio
308 2408 370 2465 est.
1162 2407 1394 2477 tenuioribus.
1496 2412 1584 2494 Quid
1604 2404 1739 2502 enimi]
1771 2408 2021 2504 Interpretatio
2048 2416 2136 2506 legis.

231 2499 262 2590 ᾗ.
280 2500 341 2568 68.
366 2497 530 2588 Dubium]
558 2494 689 2565 scilicet
710 2494 753 2562 de
774 2517 937 2584 P0180ssa·
1013 2495 1112 2562 Ml·
1164 2511 1339 2602 Gennaes]
1365 2511 1400 2578 id
1418 2522 1489 2592 est,
1515 2511 1649 2601 proba,
1675 2514 1771 2605 quod
1787 2516 1991 2586 dederimus
2011 2543 2137 2587 merce·

129 2605 222 2694 eure]
248 2601 378 2672 sedicet
395 2603 501 2667 dere·
574 2603 684 2691 Alth
706 2598 757 2688 ld]
784 2595 821 2663 id
842 2607 911 2678 esi,
938 2593 1112 2685 generali·
1163 2612 1255 2682 dem.
1343 2614 1540 2705 Sedoulpo]
1571 2613 1700 2698 idest,
1726 2616 1913 2688 licetdare
1935 2621 2136 2711 prandium,

130 2721 184 2778 ter
199 2702 401 2774 decernitur
423 2703 465 2771 de
487 2723 546 2784 1⁰2
576 2700 906 2789 1¹⁰1¹d⁰P01⁸⁰¹1³·
984 2696 1111 2787 Quare]
1163 2715 1224 2783 sed
1246 2714 1316 2798 ita,
1354 2739 1399 2783 ne
1425 2716 1528 2784 detur
1552 2718 1658 2787 simul
1680 2718 1874 2800 universis;
1907 2721 1989 2791 licet
2012 2728 2137 2793 condu-

128 2808 308 2879 lnfitiatio.
1164 2840 1241 2886 cere
1265 2817 1451 2901 tabernas,
1483 2819 1544 2887 sed
1563 2817 1632 2903 ita,
1664 2832 1704 2889 ut
1734 2824 1978 2894 conducantur
2004 2840 2137 2896 tantum

233 2929 319 3019 Cap.
334 2922 487 2996 XXXIII.
520 2919 551 3013 ᾗ
566 2921 626 2991 68.
661 2924 783 3015 Multi]
811 2918 1014 2991 Translatio
1031 2941 1112 2988 cau·
1163 2919 1369 3004 tribulibus,
1403 2944 1479 2989 non
1500 2920 1635 2993 alienis.
1701 2920 1775 2993 Lex
1799 2926 1883 2995 dicit
1904 2929 1946 2995 de
1968 2933 2137 3012 mercede,

130 3057 210 3113 sae,
249 3054 358 3123 quare
383 3029 583 3096 venientem
609 3025 824 3114 exceperint.
905 3024 999 3095 Solet
1017 3021 1112 3112 liert]
1164 3035 1363 3091 nosautem
1377 3023 1555 3092 neminem
1572 3027 1732 3095 mercede
1750 3030 1994 3101 conduximus.
2066 3039 2138 3103 Nou

130 3137 226 3226 Ergo
241 3156 316 3200 non
331 3134 369 3200 bt
382 3131 556 3198 mercede.
635 3128 828 3218 Veneram]
853 3125 974 3207 idest,
999 3123 1112 3193 multo
1164 3126 1285 3216 igitur]
1308 3123 1444 3194 Probat
1457 3127 1642 3217 exemplis,
1668 3131 1764 3220 quod
1780 3127 1867 3199 haec
1884 3157 1958 3200 non
1976 3135 2050 3205 sint
2062 3160 2140 3204 con-

131 3238 243 3329 magis
259 3235 462 3304 mirandum
479 3241 584 3309 esset,
611 3228 760 3298 sinemo
778 3228 919 3297 obviam
936 3225 1098 3296 venisset.
1164 3237 1218 3294 tra
1241 3226 1374 3317 legem,
1404 3252 1495 3321 quae
1517 3229 1616 3298 dixit.
1693 3235 1854 3326 Crimini]
1883 3235 2013 3320 idest,
2048 3240 2139 3331 quod

235 3336 265 3428 ᾗ.
282 3335 341 3406 69.
368 3336 491 3426 Multa]
516 3333 636 3415 idest,
663 3354 787 3400 omnes
809 3328 989 3398 candidati
1010 3351 1113 3397 vene·
1164 3329 1261 3396 dedit
1276 3331 1486 3420 prandium,
1517 3344 1578 3402 aut
1595 3334 1691 3426 quod
1706 3339 1873 3406 conduxit
1888 3338 2078 3411 tribulibus
2093 3354 2140 3411 ta·

132 3455 217 3513 runt
233 3437 452 3519 illiobviam.
1163 3433 1302 3501 beruas.
1904 3456 1908 3463 ·

236 3540 265 3633 ἓ.
288 3542 348 3612 70.
381 3545 429 3610 At
454 3529 747 3632 sectabantur⁸¹)]
781 3532 961 3626 Repetitio
985 3531 1114 3600 infitia-
1266 3529 1296 3623 ᾗ.
1312 3529 1373 3602 74.
1406 3537 1453 3602 Aa
1474 3537 1578 3627 caim]
1602 3534 1717 3608 Locus
1741 3541 1956 3612 communis:
1989 3543 2077 3615 Non
2095 3560 2140 3617 est

133 3645 240 3716 tionis
254 3647 296 3712 de
311 3641 554 3713 sectatoribus.
1166 3633 1277 3703 nimia
1297 3648 1331 3704 et
1347 3635 1448 3728 quasi
1462 3639 1702 3730 superstitiosa
1718 3643 1921 3726 severitate,
1947 3649 2009 3716 sed
2034 3648 2072 3717 in
2091 3658 2140 3718 rt·

237 3741 485 3837 capxxxtV.
514 3738 620 3832 §.70.
645 3739 889 3829 Senatorum]
914 3737 1029 3818 idest,
1055 3736 1115 3805 de·
1165 3737 1304 3829 publica
1333 3737 1521 3810 mediocris
1544 3742 1691 3813 comitas
1722 3757 1756 3813 et
1781 3747 2041 3836 magnificentia
2071 3752 2142 3823 lau·

133 3849 325 3930 bitoribus,
361 3844 548 3915 comitibus
578 3841 737 3912 assiduis.
838 3839 1114 3930 decumanam]
1166 3844 1246 3909 dem
1261 3837 1380 3911 habet.
1462 3846 1598 3935 Verum]
1623 3844 1661 3913 id
1676 3859 1746 3928 est,
1777 3862 1932 3934 rectum,
1966 3854 2073 3947 quasi
2093 3856 2141 3925 di-

134 3955 170 4023 id
188 3965 258 4036 est,
285 3949 545 4019 deductionem.
625 3941 774 4032 Utsuos]
801 3939 925 4022 idest,
950 3964 1024 4017 nou
1039 3940 1115 4010 fieri
1167 3956 1238 4012 cat:
1281 3943 1507 4032 Magistratus
1537 3947 1639 4014 debet
1671 3971 1743 4018 esse
1767 3953 1965 4040 praemium
1991 3957 2140 4029 virtutis.

135 4068 268 4150 potest,
294 4064 334 4123 ut
348 4075 487 4142 semper
501 4044 665 4116 homines
679 4044 816 4112 nobiles
835 4044 1013 4113 deducant
1034 4068 1116 4113 can·
1166 4045 1228 4116 Est
1243 4044 1360 4114 Stoica
1376 4056 1410 4113 et
1426 4068 1551 4137 aspera
1566 4049 1739 4120 doctrina.
1818 4052 1961 4155 Quippe]
1981 4055 2140 4154 μίμησις.

135 4161 292 4228 didatus:
320 4179 403 4246 ergo
421 4151 599 4222 tenuiores
623 4146 755 4218 assidui
774 4157 878 4228 sunt,
913 4145 1041 4238 quibus
1055 4170 1117 4215 va·
1167 4150 1256 4218 Sunt
1274 4146 1368 4216 enirn
1387 4149 1494 4217 verba
1510 4149 1665 4222 Catonis.
1738 4159 1938 4251 Horribilis]
1968 4161 2052 4232 Uno
2070 4189 2140 4234 ver·

136 4276 201 4330 cet.
275 4257 459 4348 Basilicae]
483 4255 519 4323 id
537 4266 608 4335 est,
633 4252 711 4320 loca
729 4248 870 4342 publiea
891 4247 1117 4335 iudiciorum,
1167 4252 1214 4320 bo
1236 4249 1346 4318 eludit
1362 4245 1430 4320 hoc
1446 4267 1705 4342 argumentum.
1779 4261 1849 4329 Sed
1867 4264 1956 4354 eom]
1984 4263 2139 4359 Opponit

135 4361 355 4433 musismrta,
813 4385 815 4390 ⁸
1168 4354 1326 4446 exempla
1344 4353 1530 4425 mediocris
1544 4357 1758 4441 severitatis,
1784 4361 1885 4452 quasi
1905 4364 2017 4437 dieat:
2055 4371 2139 4442 Tota

240 4461 270 4553 ἓ.
286 4464 345 4532 71.
377 4462 496 4532 Valeat
507 4458 639 4549 pratia]
665 4456 702 4523 id
720 4466 782 4537 est,
807 4453 1020 4538 celebritate,
1046 4479 1115 4548 qua
1168 4469 1294 4527 natura
1309 4469 1483 4547 repugnat
1496 4453 1579 4528 huic
1593 4459 1725 4528 nimiae
1741 4463 1929 4538 severitati.
2002 4475 2139 4565 Robore]

136 4566 289 4636 invitent
305 4564 393 4632 alios
407 4562 512 4630 etiam
529 4563 573 4628 ad
587 4558 866 4648 suffragandum.
935 4561 977 4629 Si
994 4558 1118 4648 adsuf-
1168 4558 1204 4627 id
1222 4571 1292 4642 est,
1319 4582 1462 4652 quercu.
1544 4564 1769 4655 Accumbunt]
1796 4564 1957 4658 Opponit
1976 4577 2138 4668 exempla.

133 4666 385 4765 frasnetum),
411 4667 499 4733 aiiii
513 4660 766 4751 ualeatprotia]
793 4659 854 4744 Ut,
882 4659 998 4744 idest,
1022 4674 1118 4754 post·
1169 4663 1315 4754 Galam]
1342 4660 1378 4730 id
1394 4674 1464 4744 est,
1488 4676 1619 4733 stantes
1634 4667 1835 4739 comedunt.
1904 4656 2139 4777 Retiuucrust]

137 4795 258 4869 quarn.
309 4766 506 4855 Silegitur:
533 4766 563 4835 si
579 4762 670 4831 nihil
686 4762 805 4831 vadent
821 4762 956 4854 gratia,
990 4777 1028 4834 ut
1047 4765 1118 4834 sul·
1168 4761 1236 4833 hoc
1266 4777 1333 4847 est,
1373 4766 1612 4857 quamtumvis
1640 4767 1710 4837 sint
1739 4771 1852 4839 severi
1872 4771 2135 4852 Lacedaemonii

135 4877 319 4968 iungentur
333 4870 472 4962 plures,
505 4867 543 4936 id
558 4879 627 4948 est,
659 4863 807 4958 reliqui,
838 4866 1010 4936 sententia
1036 4866 1118 4935 laci·
1170 4879 1230 4934 arat
1246 4866 1447 4948 Cretenses,
1472 4881 1590 4937 tamen
1607 4893 1672 4939 nos
1692 4872 1816 4942 melius
1839 4877 2033 4952 retinemus
2058 4910 2135 4954 rem·

138 4981 207 5049 lior
220 4976 288 5046 erit
302 4971 492 5043 intellectu.
568 4971 692 5064 Loqui]
714 4967 844 5037 scilicet
859 4969 1056 5054 tenuiores,
1082 4996 1118 5042 se
1168 4971 1344 5061 publicam
1367 4970 1538 5039 mediocri
1559 4987 1678 5041 nostra
1704 4977 1909 5062 severitate,
1951 5010 2061 5075 quam
2081 4986 2133 5078 ipsi

1074 5144 1077 5151 ,
1168 5071 1323 5141 retinent
1343 5097 1405 5142 sua
1427 5074 1537 5142 niuria
1559 5075 1758 5148 severitate.
1856 5085 1987 5179 Alteri]
2018 5092 2132 5158 scilicet

137 5153 340 5171 ..n-*¹⁸¹⁸*-

171 5246 222 5314 01)
239 5238 443 5300 sectabantur]
461 5235 511 5288 Ed.
526 5231 601 5283 tace.
620 5242 716 5280 errore
734 5234 845 5295 typogr.
863 5233 1076 5295 metabantur,
1109 5241 1112 5248 ·

173 5343 459 5486 oeqeapepgapantur]
478 5339 519 5391 stc
535 5336 586 5390 Ed.
602 5335 673 5384 1668.
692 5339 720 5384 et
738 5335 791 5399 et.;
827 5335 875 5453 Ed:
899 5336 985 5453 tirell.
1008 5338 1119 5455 supra·
1203 5335 1432 5461 sabttldrddlein
1451 5343 1525 5403 poet.
1539 5341 1614 5397 itu:
1634 5346 1720 5399 Onne
1737 5349 1799 5399 tulit
1815 5355 1959 5420 puuctum,
1977 5361 2023 5422 qui
2040 5362 2129 5414 manua
