4544 5766
118 204 201 298 §a

124 394 172 463 ad
184 406 377 484 personam
390 388 589 476 vendentis,
601 400 636 460 et
649 391 748 460 addit
755 389 994 474 Innocentius,
1007 390 1113 460 talem

445 202 476 261 ÷'
511 202 544 259 '²
571 202 578 255 2'
671 190 986 292 arnan·
1003 190 1284 291 noernait
1308 186 1628 290 Etiiudnrn'

2071 190 2149 291 tii

1264 390 1479 482 Respondeo
1497 390 1542 459 ad
1558 390 1755 460 Minorem:
1781 387 1860 459 Etsi
1873 384 1943 457 hoc
1961 411 2146 479 argumen-

123 506 348 564 contractum
368 519 447 563 non
468 517 542 563 esse
564 495 790 580 usurarium,
821 520 902 565 cum
926 495 964 562 in
985 518 1027 562 eo
1044 494 1116 563 sint
1164 507 1240 565 tum
1256 494 1454 587 speciosum
1470 506 1539 577 est,
1566 507 1601 563 et
1616 519 1719 586 saepe
1735 495 1791 576 lit,
1814 505 1854 562 ut
1873 491 2019 561 nomine
2040 487 2146 560 huius
2202 494 2210 505 '

122 622 224 667 merx
250 608 284 665 et
304 598 480 689 pretium,
514 609 548 666 et
570 598 654 666 talia
677 599 755 667 iura
779 599 888 668 realia
910 597 1046 666 licitum
1069 596 1115 666 sit
1167 611 1367 668 contractus
1384 599 1576 667 abutantur
1592 592 1774 679 homines,
1802 608 1922 663 tamen
1940 594 2063 663 Minor
2083 616 2147 661 ne·

123 703 293 770 rendere.

224 802 301 873 Nec
315 803 385 871 alia
399 802 587 872 difficultas
602 802 641 870 in
649 797 839 871 hacsorma
857 816 920 885 est,
937 801 1007 871 nisi
1018 803 1114 895 quod

125 907 312 1000 aliquanto
335 906 518 975 obscurius
542 916 612 989 est,
647 907 743 998 quod
767 905 914 991 dicitur,
946 904 1112 975 universa

125 1012 218 1079 bona
235 1003 371 1076 habere
386 1008 564 1076 rationem
580 1007 751 1098 corporis,
768 1032 875 1101 quam
892 1009 990 1101 quod
1006 1032 1112 1099 supra

129 1111 311 1181 dicebatur
337 1122 473 1179 certum
496 1109 666 1194 fundum,
700 1111 738 1178 in
769 1135 840 1204 quo
871 1110 958 1178 certi
977 1112 1112 1180 reditus

130 1226 313 1296 emuntur,
340 1209 472 1282 habere
491 1213 668 1282 rationem
694 1213 873 1305 corporis,
898 1225 941 1282 ut
960 1239 1040 1282 cum
1063 1215 1113 1286 20

129 1317 300 1387 medimni
313 1317 352 1384 iu
367 1340 454 1406 agro
470 1328 566 1385 certo
583 1328 767 1399 emuntur,
794 1341 864 1409 quo
882 1329 1054 1407 pereunte
1068 1316 1112 1385 si-

130 1422 200 1490 mul
214 1419 310 1510 perit
327 1420 482 1509 emptori
495 1420 549 1488 ius
565 1444 681 1489 suum.
715 1417 756 1486 ln
771 1413 839 1487 hoc
857 1419 1017 1510 exemplo
1034 1443 1112 1509 per-

133 1521 294 1616 spicuitas
310 1534 374 1604 est,
392 1523 453 1590 scd
469 1535 590 1590 tamen
607 1535 641 1590 et
657 1533 752 1591 totus
763 1522 1113 1591 cumulusbonorum

134 1636 242 1717 potest
257 1648 294 1695 se
308 1618 440 1692 habere
455 1637 496 1693 nt
512 1637 646 1694 certum
663 1648 803 1714 corpus,
817 1627 925 1692 modo
940 1638 1112 1693 utonere-

138 1741 189 1797 tur
201 1751 265 1819 pro
282 1727 529 1818 proportione,
556 1728 669 1819 etqui
686 1727 813 1818 accipit
825 1729 991 1810 reditum,
1011 1726 1113 1796 susti-

139 1844 212 1898 neat
222 1829 420 1921 periculum
434 1853 501 1920 pro
517 1830 763 1921 proportione.
788 1829 990 1900 Recitemus
1006 1830 1113 1920 igitur

143 1933 303 2015 rationes,
341 1957 434 2026 quae
462 1935 673 2015 ostendunt,
713 1929 809 2001 hunc
831 1945 1052 2001 contractum
1079 1943 1114 1998 et

145 2035 344 2128 emptionem
362 2059 455 2118 esse,
483 2048 518 2103 et
532 2060 737 2104 concessum
752 2060 836 2104 esse.

228 2137 365 2206 Prima:
399 2138 488 2207 Pars
505 2138 622 2231 aliqua
639 2151 733 2206 certa
750 2149 867 2228 potest
882 2136 1027 2205 onerari
1042 2160 1113 2204 ser-

93 2314 95 2321 ,
149 2239 250 2310 vitute.
299 2238 397 2330 Ergo
419 2254 455 2309 et
477 2253 572 2310 totus
593 2243 772 2310 bonorum
797 2241 957 2310 cumulus
974 2250 1112 2308 servata

149 2341 360 2433 proportione
377 2343 521 2412 onerari
538 2356 673 2435 potest,
698 2367 764 2411 nec
785 2344 878 2411 ratio
895 2342 1114 2411 dissimilitu-

149 2445 223 2513 dinis
244 2458 403 2536 apparet.

230 2547 389 2616 Secunda
405 2548 497 2616 ratio
513 2548 666 2617 sumitur
679 2571 720 2616 ex
731 2547 950 2638 proprietate
965 2545 1115 2636 emptio-

151 2649 200 2718 nis.
244 2649 390 2741 Emptio
407 2662 692 2734 esicontractus‚
720 2674 888 2744 queres,
915 2674 987 2742 quo
1010 2650 1056 2715 ad
1067 2647 1114 2740 ⁹⁴)

151 2752 328 2822 dominium
342 2755 568 2836 transfertur,
584 2778 651 2845 pro
669 2766 764 2821 certo
782 2752 910 2844 pretio,
928 2747 1115 2820 nechabet

152 2867 268 2946 emptor
286 2855 341 2924 ius
366 2869 428 2925 aut
449 2868 588 2947 tempus
607 2856 720 2925 ullum
743 2854 927 2947 repetendi
947 2854 1114 2945 pretium.

151 2955 276 3026 Sienim
289 2973 451 3050 repetere
466 2960 654 3049 pecuniam
671 2958 805 3041 liceret,
821 2957 997 3026 mutuatio
1015 2969 1115 3039 essct,

93 3083 96 3119 ἰ
151 3061 366 3152 redemptio.
404 3062 451 3128 At
467 3063 505 3129 in
521 3074 645 3131 nostro
663 3085 746 3131 casu
760 3060 916 3153 pretium
937 3061 986 3127 ita
1001 3070 1116 3127 trans-

152 3163 257 3247 lertur,
293 3177 337 3233 ut
356 3176 516 3255 repetere
540 3188 615 3232 non
636 3165 751 3234 liceat.
818 3162 882 3232 Est
901 3163 1009 3253 igitur
1031 3185 1115 3229 vera

93 3314 102 3331 .
153 3266 273 3358 emptio.
325 3266 373 3335 Et
389 3279 431 3336 ut
448 3267 493 3335 sit
509 3267 724 3360 aequalitas,
752 3291 843 3360 quac
857 3268 937 3336 sons
951 3277 1003 3334 θεῖ
1017 3263 1115 3333 iusti-

93 3390 104 3429 a·

93 3471 107 3532 e

93 3583 108 3636 »l

93 3676 113 3739 '1

93 3804 115 3845 ri

153 3367 248 3438 istiu
262 3370 518 3452 contractibus,
526 3394 665 3438 necesse
682 3382 745 3452 est,
754 3369 907 3438 vicissim
925 3370 964 3437 in
980 3379 1116 3458 empto-

154 3493 208 3539 rem
224 3472 277 3542 ius
292 3473 443 3567 aliquod
458 3473 670 3541 translatum
689 3496 773 3541 esse.
824 3472 902 3540 Hoc
928 3492 1116 3558 argumen-

155 3585 209 3641 tun
227 3599 268 3644 er
292 3575 371 3666 ipsa
393 3588 521 3644 natura
538 3575 730 3666 emptionis
744 3586 943 3664 sumptum,
971 3575 1115 3640 firmum

158 3677 364 3748 condicio.
431 3678 501 3747 Sed
523 3673 610 3745 hacc
635 3678 876 3745 controversia
897 3674 1010 3762 magis
1036 3698 1117 3764 pcr-

160 3778 248 3867 tpltua
262 3780 350 3863 erit,
378 3780 518 3871 agitatis
535 3780 723 3849 contrariis
744 3777 972 3868 argumentis.

232 3881 376 3965 Contra,
393 3883 522 3951 Codice
531 3882 615 3952 Plus
629 3885 747 3950 valere
761 3883 858 3974 quod
872 3880 999 3971 agitur,
1009 3901 1116 3971 quam

1165 703 1279 794 ganda
1296 713 1357 784 est,
1374 712 1409 769 et
1424 712 1625 769 constanter
1641 700 1826 769 retinenda
1841 697 2027 780 sententia,
2049 696 2147 790 quod

1165 801 1222 873 hic
1252 817 1450 874 contractus
1480 803 1525 872 sit
1552 828 1635 872 vera
1667 801 1820 893 emptio,
1855 825 1930 869 non
1957 798 2146 869 mutuatio.

1164 908 1257 978 Nam
1279 908 1354 991 ille,
1392 907 1454 1001 qui
1478 907 1540 974 dat
1564 918 1708 989 mutuo,
1743 901 1850 972 habet
1877 904 1930 973 ius
1960 898 2147 995 repetendi

1165 1007 1386 1080 tantundem.
1437 1007 1477 1077 ln
1491 1023 1613 1079 nostro
1629 1021 1748 1078 autem
1771 1031 1853 1076 casu
1880 1019 2019 1098 emptor
2045 1003 2148 1074 fundi

1165 1126 1227 1183 aut
1249 1114 1402 1195 reditus,
1436 1136 1510 1180 non
1535 1109 1643 1181 habet
1665 1112 1720 1181 ius
1749 1109 1933 1201 repetendi
1954 1107 2079 1199 pretii,
2112 1118 2148 1173 et

1163 1229 1312 1285 manent
1331 1210 1389 1283 hic
1405 1239 1509 1283 verae
1532 1214 1721 1306 emptionis
1739 1211 1995 1283 substantialia.
2043 1209 2146 1276 lilerx

1165 1331 1216 1388 est
1232 1319 1285 1389 ins
1301 1317 1496 1408 accipiendi
1512 1318 1702 1411 quotannis
1719 1329 1855 1386 certum
1868 1315 2034 1385 reditum.
2069 1311 2148 1378 Hoc

1163 1423 1351 1491 fundatum
1366 1421 1468 1489 estin
1482 1421 1646 1489 omuibus
1659 1419 1775 1502 bonis,
1790 1419 1881 1489 sicut
1894 1419 1961 1486 iter
1976 1428 2037 1484 aut
2051 1427 2148 1482 actus

1164 1524 1201 1592 in
1216 1537 1292 1593 toto
1310 1549 1396 1615 agro
1413 1524 1580 1593 fundatus
1594 1537 1655 1593 est.
1695 1522 1794 1591 Sicut
1808 1533 1924 1591 autem
1943 1543 1981 1587 ea
1998 1518 2149 1588 servitus

1164 1627 1201 1695 in
1216 1620 1301 1718 agro
1317 1627 1502 1710 constitui,
1528 1626 1653 1710 vendi,
1681 1625 1809 1694 donari
1826 1623 1928 1692 alteri
1941 1634 2072 1713 potest:
2097 1619 2147 1687 ita

1165 1731 1264 1800 etius
1281 1730 1367 1799 certi
1381 1730 1515 1799 reditus
1531 1729 1692 1799 solvendi
1707 1729 1744 1796 in
1761 1727 1925 1796 omnibus
1942 1720 2046 1792 bonis
2064 1744 2149 1790 con·

1164 1833 1262 1902 stitui
1277 1844 1403 1925 potest,
1418 1846 1556 1902 servata
1571 1831 1817 1924 proportione,
1830 1843 1871 1898 ut
1884 1831 1979 1896 hona
1995 1826 2147 1895 tolerare

1166 1961 1243 2005 eam
1261 1935 1464 2006 servitutem
1480 1936 1629 2026 possint.
1680 1934 1776 2002 Haec
1799 1932 1982 2024 perspicua
2009 1941 2043 1996 ct
2063 1949 2148 1994 vcra

1165 2052 1267 2125 sunt,
1299 2039 1329 2108 si
1350 2039 1470 2107 dextre
1497 2039 1683 2108 iudicetur.
1737 2036 1844 2128 Quod
1867 2046 1984 2103 autem
2007 2029 2150 2098 additur

1166 2142 1271 2211 etiam
1288 2141 1550 2233 oppignoratio,
1563 2166 1608 2209 nc
1624 2141 1661 2209 id
1678 2140 1821 2233 quidem
1836 2137 1919 2206 facit
1933 2134 2150 2225 emptionem

1165 2246 1342 2315 vitiosam.
1394 2245 1518 2314 Potest
1542 2246 1636 2311 enim
1662 2240 1913 2335 oppignoratio
1936 2250 2029 2306 recte
2054 2258 2150 2303 acce-

1166 2351 1248 2417 dcrc
1265 2349 1310 2416 ad
1325 2347 1554 2438 emptionem,
1567 2360 1608 2416 ut
1622 2358 1795 2416 testantur
1810 2343 1942 2412 multae
1956 2337 2151 2411 sententiae

1166 2450 1508 2521 iurisconsultorum.

1267 2553 1375 2621 Aliud
1392 2551 1628 2620 contrarium:
1663 2547 1720 2619 lus
1737 2551 1841 2618 debet
1856 2573 1928 2618 esse
1947 2547 1984 2614 in
2001 2566 2151 2635 corpore

1167 2668 1281 2738 certo,
1309 2680 1380 2747 quo
1396 2655 1555 2735 sublato,
1582 2653 1636 2721 ius
1651 2653 1828 2721 sublatum
1845 2650 2074 2738 intelligatur.
2110 2642 2152 2711 ln

1166 2757 1234 2828 hoc
1258 2758 1363 2826 tertio
1396 2782 1478 2826 casu
1501 2756 1638 2825 nullum
1669 2767 1802 2823 certum
1825 2777 1953 2844 corpus
1976 2762 2044 2833 est,
2076 2748 2151 2815 imo

1168 2860 1306 2931 etiarnsi
1319 2862 1413 2928 bona
1429 2861 1488 2927 illa
1503 2858 1634 2948 insigni
1648 2861 1779 2925 ‹lamno
1795 2855 1918 2924 affecta
1928 2867 2023 2935 sunt,
2033 2865 2152 2919 tamen

1168 2966 1318 3056 exigitur
1333 2964 1468 3054 pensio.
1520 2960 1631 3052 lgitur
1646 2973 1719 3028 tota
1735 2985 1791 3029 res
1807 2971 1859 3027 cst
1872 2958 2049 3027 simulata.

1267 3066 1482 3157 Respondco
1499 3067 1544 3134 ad
1558 3064 1755 3133 Minorem:
1781 3061 1847 3130 Est
1859 3073 1994 3129 certum
2011 3060 2155 3148 corpus,

1169 3171 1206 3238 in
1228 3195 1299 3263 quo
1321 3169 1492 3237 fundatur
1522 3169 1576 3237 ius
1606 3167 1711 3250 illud,
1745 3163 1909 3234 videlicet
1942 3162 2062 3231 omnia
2092 3159 2153 3226 illa

1167 3275 1275 3341 bona.
1327 3272 1426 3340 Sicut
1442 3283 1556 3340 certus
1572 3293 1654 3359 ager
1673 3281 1735 3352 cst,
1763 3268 1800 3335 in
1819 3291 1890 3361 quo
1904 3266 2055 3335 servitus
2071 3285 2154 3331 con-

1168 3376 1288 3445 stituta
1307 3387 1369 3443 cst.
1412 3374 1481 3441 Sed
1498 3373 1801 3466 quemadmodum
1820 3369 2019 3437 amitterem
2037 3379 2159 3434 actum*

1169 3491 1230 3547 aut
1246 3478 1312 3544 iter
1328 3477 1365 3542 in
1383 3477 1459 3565 agri
1472 3489 1585 3565 parte,
1603 3499 1694 3568 quae
1709 3473 1872 3565 periisset
1886 3471 2078 3551 alluvione,
2104 3467 2154 3534 ita

1168 3581 1197 3649 si
1210 3583 1304 3647 bona
1319 3579 1379 3645 illa
1402 3578 1532 3669 insigni
1554 3579 1686 3646 damno
1714 3576 1838 3643 allecta
1864 3574 1954 3656 siut,
1981 3570 2155 3643 servanda·

1170 3695 1221 3751 est
1237 3681 1444 3775 aequalitas,
1460 3693 1500 3750 ut
1514 3681 1667 3751 vicissim
1686 3705 1752 3772 pro
1769 3676 2004 3771 proportione
2020 3671 2156 3766 aliquid

1168 3785 1328 3855 remittat
1342 3796 1493 3875 emptor.

1270 3884 1311 3955 ln
1328 3882 1421 3955 hanc
1437 3887 1647 3956 sententiam
1665 3885 1782 3979 inquit
1797 3884 1931 3954 Baldus
1939 3880 2004 3976 ⁰⁷),
2021 3903 2056 3947 sc
2073 3899 2157 3966 pro-

93 4007 123 4048 *st
167 3985 231 4072 ll⁰d
243 3985 404 4055 ⁸lm11¹³lfl
422 3985 633 4076 mittitur,
645 3985 764 4079 inquit
779 3986 836 4053 1⁰¹
843 3983 908 4079 ⁰⁶)³
925 3981 1117 4072 Emplifflle
1168 3994 1253 4060 bare
1267 3987 1363 4060 hunc
1378 4002 1612 4073 contractum,
1628 3989 1657 4058 si
1671 3985 1759 4057 haee
1776 3987 1971 4081 aequalitas
1986 3991 2157 4050 servetur.

93 4109 125 4153 'tl'

168 4081 288 4174 plproris
301 4112 408 4157 causa
423 4090 527 4169 facta,
544 4113 617 4156 non
633 4091 730 4182 quod
745 4089 929 4178 scriptum,
945 4087 1005 4154 sed
1021 4084 1118 4177 quod

93 4204 129 4293 Ψ
172 4199 267 4271 titium
281 4203 345 4274 est,
368 4189 600 4284 inspiciasffl).
650 4190 691 4259 ln
708 4191 814 4259 tertio
832 4214 914 4257 casu
927 4189 966 4255 lit
984 4190 1117 4277 emptio

93 4308 131 4398 pi
174 4290 289 4377 moris
311 4318 437 4376 causa,
464 4294 591 4375 idest,
625 4295 665 4362 ta
690 4291 942 4385 oppignoratio
966 4301 1117 4372 tantum,

93 4395 132 4459 ἀ.

176 4396 365 4486 reemptio.
418 4395 513 4486 Ergo
536 4420 682 4487 prorsus
697 4409 755 4464 est
777 4396 961 4465 simulatus
977 4405 1117 4460 contra-

1270 4093 1378 4163 Aliud
1410 4093 1647 4162 contrarium:
1691 4090 1895 4160 Periculum
1918 4085 1968 4153 rei
1991 4080 2156 4149 venditae

1170 4196 1324 4288 pertinet
1341 4198 1386 4265 ad
1403 4208 1612 4287 emptorem.
1675 4190 1717 4260 ln
1732 4189 1800 4260 hoc
1818 4199 2001 4257 contractu
2017 4194 2157 4250 tautum

1171 4313 1340 4389 gravatur
1356 4300 1533 4381 venditor,
1558 4298 1641 4389 quia
1657 4308 1798 4386 emptor
1816 4291 1922 4381 exigit
1937 4286 2158 4382 pensionem,

1170 4402 1310 4472 etiamsi
1318 4403 1377 4470 illa
1387 4404 1481 4470 bona
1494 4402 1628 4468 domno
1639 4398 1763 4465 affecta
1781 4409 1875 4478 sunt,
1892 4389 2159 4484 autpcricrunt.

93 4513 133 4562 rer
181 4500 234 4562 its.
261 4495 437 4567 Minorem
453 4501 619 4588 probant.
658 4498 750 4590 Quia
769 4501 863 4567 bona
881 4497 960 4579 illa,
988 4496 1024 4562 in
1041 4495 1118 4587 qui·
1169 4504 1521 4596 Ergononestvera
1540 4498 1686 4591 emptio.

93 4760 136 4811 iad

182 4586 221 4662 les
236 4602 353 4694 emptio
378 4602 544 4691 fingitur,
570 4615 653 4670 sunt
673 4602 804 4693 reipsa
823 4613 960 4668 tantum
978 4599 1118 4690 pignus,

186 4693 275 4771 duci
292 4728 427 4773 nomen
447 4704 636 4795 emptionis
666 4716 868 4794 praetextus
888 4726 992 4770 cerusa
1020 4699 1118 4767 addi-

93 4836 138 4878 ει·
188 4800 226 4868 ἱ
260 4801 328 4876 lino
351 4807 587 4876 instrumenta
612 4808 788 4888 fatentur,
822 4806 919 4899 quod
945 4804 1119 4893 oppigno-

96 4907 139 4944 ‘·'³'·
189 4906 297 4979 ¹*itini
311 4909 433 4978 omnia
450 4910 558 4978 bona.

106 5223 129 5256 εἱ

206 5100 299 5178 tim,
316 5124 368 5177 quo
386 5111 437 5172 aa]
456 5110 495 5160 nc
511 5109 580 5160 net.
601 5109 694 5174 issi„
716 5105 790 5157 issi.
810 5109 838 5155 et
851 5105 943 5170 iseo.;
968 5104 1017 5154 nc.
1029 5104 1119 5155 roae:

107 5208 141 5245 ..p
225 5186 271 5231 res.
284 5194 350 5247 quae
368 5192 422 5243 quo
440 5181 483 5230 ad.

205 5236 234 5301 ⁸l
244 5247 349 5302 tiodri'.
366 5250 409 5298 tit.
418 5247 461 5298 22.
475 5247 615 5309 inscripti:
634 5247 701 5296 Plus
714 5244 820 5306 valere,
835 5242 905 5304 quod
919 5241 1022 5300 egitur,
1042 5253 1120 5305 quam

225 5320 275 5377 istd
290 5319 417 5368 simulate
435 5317 595 5379 concipitur,
613 5317 658 5365 lex
675 5317 700 5366 3.
730 5314 827 5375 (corp.
847 5313 898 5359 inc.
917 5311 970 5361 eir.
989 5312 1031 5361 ed.
1049 5312 1121 5359 Beck

121 5384 144 5409 “
224 5380 244 5436 l.
257 5387 283 5437 ll.
299 5386 328 5438 P.
345 5387 366 5436 1.
387 5401 413 5448 p.
432 5386 516 5441 stoi.

203 5445 387 5520 *inspiciam
406 5453 448 5504 stc
464 5454 548 5505 Editt.
567 5453 672 5519 istinc,
698 5455 725 5503 in
743 5452 809 5503 (iod.
829 5449 946 5513 iegitur:
967 5446 1119 5508 inspicitur.

1208 4757 1256 4816 97)
1275 4758 1375 4806 liuidus
1400 4756 1433 4804 de
1458 4753 1590 4806 Uhaidis.
1625 4751 1794 4811 Perusinus,
1825 4753 1907 4800 natus
1931 4749 2006 4798 circa
2029 4759 2054 4798 e.
2076 4745 2160 4799 tari..

1242 4828 1366 4875 mortuus
1385 4836 1409 4871 a.
1431 4823 1496 4870 titio
1514 4856 1521 4879 ,
1541 4822 1751 4870 iurisconsultus
1772 4820 1885 4868 riiaxitue
1904 4817 2037 4881 insignis,
2057 4813 2161 4864 itartoti

1240 4895 1398 4955 discipulus.
1417 4892 1557 4953 Perustae,
1575 4891 1684 4940 Pedtiee
1703 4895 1731 4939 et
1748 4891 1828 4939 Pisae
1846 4889 1914 4937 iuris
1931 4887 2082 4935 doctrinam
2101 4888 2163 4932 tra·

1239 4964 1315 5012 didit.
1351 4961 1465 5009 Praeter
1479 4961 1610 5009 rionnutia
1628 4971 1712 5022 opera
1730 4959 1835 5008 minora
1852 4957 1978 5018 scripsit:
1994 4956 2162 5002 continente-

1241 5045 1300 5080 rios
1319 5031 1345 5078 in
1359 5030 1484 5092 Digesta,
1503 5029 1628 5078 Codieem
1648 5032 1675 5077 et
1688 5028 1894 5077 iustitutionem
1913 5027 1945 5071 de
1964 5024 2068 5078 fetutis3
2087 5033 2161 5069 eom-

1241 5100 1376 5150 meutaria
1394 5099 1422 5147 iu
1436 5099 1610 5154 Decretales.
1628 5097 1804 5147 consiliorum
1822 5094 1961 5143 volumina
1976 5093 2027 5147 il:
2048 5092 2081 5139 de
2094 5100 2162 5137 eeu-

1242 5168 1307 5217 telis
1326 5171 1354 5216 et
1371 5167 1516 5225 remediisr
1534 5168 1660 5215 suistiieni
1678 5164 1888 5225 disputationem
1904 5163 1987 5219 riiieo
2000 5162 2162 5209 decusatum

1244 5239 1277 5285 de
1289 5238 1316 5284 vi
1333 5238 1536 5298 perturbativa:
1556 5235 1733 5296 repetitiones
1744 5234 1769 5279 in
1782 5234 1870 5287 iceein
1881 5231 2014 5292 {perstridant
2024 5229 2161 5301 Digestpr.

1243 5310 1270 5355 et
1290 5308 1376 5365 ierem
1393 5307 1509 5355 Codicis.
1547 5304 1625 5352 Coei.
1645 5305 1676 5352 (i.
1697 5303 1759 5350 t'ir.
1779 5302 1961 5359 destituerer:
1980 5291 2164 5359 gittoetld'ittgt

1242 5369 1414 5439 iiedtiqtm
1440 5385 1491 5426 rou
1517 5373 1564 5423 tro
1583 5367 1764 5432 interimitis
1784 5364 2000 5428 &extititrttrtu
2025 5374 2086 5416 rom
2107 5358 2163 5414 aus

1242 5441 1312 5512 fene
1332 5447 1376 5497 tet
1394 5441 1470 5497 ilsstlt
1489 5437 1530 5495 bid
1552 5443 1625 5490 1500.
1652 5440 1681 5488 Τ.
1702 5438 1749 5487 li'.
1770 5453 1795 5499 p·
1813 5439 1864 5486 ore
1882 5450 1938 5495 sqq,
