4544 5766
197 193 275 267 081
485 189 689 266 SCRM'A
707 190 790 266 tun
805 188 920 265 uui..
944 191 1013 264 An
1035 190 1244 266 ETllICEN
1254 254 1257 260 .
1270 192 1341 265 ΕΤ·
1359 190 1616 269 POLl'l'IOEN
1637 191 1791 273 81²5OE
1791 191 1951 274 aaut
2145 196 2229 274 088

201 365 441 461 personarum
455 366 767 450 commixtionem,
792 362 961 457 prohibet
983 392 1107 438 omnes
1129 391 1191 436 va·
1241 370 1346 437 rebus
1371 392 1433 439 seu
1462 367 1577 459 pretio
1605 368 1748 464 aequali
1777 366 2104 438 communicandas.
2171 368 2230 437 Sic

202 494 267 561 gas
282 470 464 552 libidines,
496 482 533 538 et
552 471 629 539 vult
650 469 856 560 coniugium
882 495 955 540 esse
972 471 1193 541 coniunctio·
1242 466 1447 562 philosophi
1468 466 1561 541 hanc
1584 472 1751 543 notitiam
1774 495 1816 540 ex
1837 470 1950 540 causis
1974 469 2170 563 quaerendi
2194 484 2231 541 et

203 596 290 642 nem
314 572 599 663 inseparabilem.
648 572 848 642 Nemeum
868 571 936 642 ait:
968 572 1086 644 Erunt
1108 575 1192 657 duo,
1244 574 1532 643 communicandi
1553 587 1751 666 sumptam,
1786 585 1917 642 vocant
1939 574 2053 664 legem
2069 586 2233 657 naturae,

202 685 348 745 mas'et
376 675 553 758 foemina,
591 671 761 766 prohibet
787 675 929 766 vagari,
969 689 1004 745 et
1032 677 1193 768 pluribus
1244 676 1309 745 etsi
1332 676 1394 744 alii
1414 672 1507 746 hanc
1530 682 1670 768 partein
1691 689 1821 747 vocant
1843 677 1898 746 ius
1920 676 2100 767 gentium,
2134 678 2233 770 quod

203 778 357 847 misceri.
407 776 454 846 Et
471 778 666 869 particula,
692 778 730 846 in
754 799 897 847 carnem
921 803 1052 863 unam,
1086 779 1193 870 signi·
1243 775 1449 870 philosophi
1463 804 1537 849 non
1552 779 1758 850 discernunt
1772 803 1792 846 a
1807 779 1885 849 iure
1901 792 2062 850 naturae.

203 883 287 952 licat
316 880 791 972 inseparabiliteriunctos,
824 881 915 950 sicut
935 877 1097 954 Christus
1124 879 1192 951 hoc
1344 880 1409 951 Est
1423 882 1519 951 enim
1536 885 1735 954 communis
1749 882 1898 965 notitia,
1923 882 2051 976 deque
2067 878 2232 949 omniurn

202 984 341 1054 dictum
369 979 1055 1081 interpretaturMatth.19,‘(4-6.).
1119 985 1194 1057 Nec
1245 983 1403 1073 gentium
1424 985 1503 1055 sani
1522 981 1687 1056 homines
1708 985 1945 1056 consentiunt.
2012 983 2122 1076 Quod
2145 1006 2232 1051 vero

203 1086 355 1156 dubium
373 1088 426 1156 est
446 1110 578 1177 magno
604 1087 752 1157 consilio
768 1085 836 1155 Dei
858 1082 951 1155 hanc
975 1089 1089 1178 legem
1111 1101 1193 1157 ante
1244 1086 1387 1171 dicunt,
1427 1087 1504 1157 iure
1527 1100 1677 1158 naturae
1699 1114 1755 1160 res
1777 1112 1851 1157 esse
1877 1111 2103 1172 communes,
2141 1086 2233 1155 ordo

208 1202 366 1258 caeteras
384 1191 479 1259 clara
500 1214 586 1259 voce
607 1190 872 1282 promulgatam
896 1215 988 1274 esse,
1015 1191 1099 1284 quia
1113 1203 1195 1282 post
1245 1189 1454 1260 notitiarum
1478 1189 1755 1262 considerandus
1784 1203 1847 1260 est.
1910 1190 2112 1283 Utrumque
2136 1187 2234 1269 videt

205 1293 367 1384 lapsum,
392 1292 520 1361 notitia
543 1293 716 1363 naturalis
735 1295 779 1361 de
803 1287 872 1361 hoc
892 1293 1016 1362 ordine
1038 1294 1195 1385 coniugii
1245 1316 1363 1377 mens,
1389 1293 1569 1363 irruatura
1584 1294 1791 1387 incorrupta
1800 1292 1847 1387 ⁷⁹)
1870 1316 1926 1362 res
1949 1317 2051 1384 posse
2073 1316 2233 1361 commu·

202 1398 328 1466 futura
346 1409 423 1464 erat
436 1395 632 1465 obscenior.
1244 1418 1308 1463 nes
1325 1420 1410 1467 esse.
1461 1395 1533 1465 Ubi
1547 1421 1632 1466 vero
1650 1420 1775 1468 causae
1798 1396 1993 1489 quaerendi
2013 1408 2048 1463 et
2071 1418 2233 1463 commu·

307 1495 391 1567 ldeo
421 1522 508 1568 voce
530 1499 599 1567 Dei
627 1497 845 1591 praemoniti
861 1522 1002 1580 sumus,
1043 1510 1080 1567 et
1097 1496 1195 1567 Deus
1245 1497 1573 1574 nicandinonsunt
1589 1500 1741 1585 similes,
1775 1510 1816 1567 ut
1835 1498 1873 1566 in
1896 1493 1962 1567 hac
1981 1509 2131 1567 naturae
2155 1520 2234 1566 cor·

209 1597 398 1671 horrendis
416 1600 542 1692 poenis
559 1614 681 1694 postea
708 1599 862 1670 ostendit
880 1601 949 1670 sibi
970 1601 1194 1671 confusiones
1245 1601 1439 1692 ruptione,
1485 1601 1537 1670 ibi
1568 1627 1668 1673 mens
1700 1603 1823 1672 relicto
1860 1601 1980 1692 priore
2013 1598 2233 1693 syllogismo,

207 1704 397 1775 libidinum
414 1705 618 1797 displicere,
644 1717 685 1773 ut
708 1703 747 1771 in
770 1703 924 1787 diluvio,
949 1703 988 1771 in
1010 1705 1193 1774 eversione
1245 1704 1472 1795 amplectitur
1494 1706 1645 1777 alterum
1666 1716 1920 1796 congruentem
1939 1704 1987 1772 ad
2009 1714 2233 1794 praesentem

208 1808 474 1890 Sodomorum,
524 1798 577 1875 in
603 1806 780 1876 deletione
811 1806 1076 1877 Cananeorum.
1148 1805 1195 1875 Et
1244 1819 1395 1876 naturae
1412 1807 1710 1894 imbecillitatem,
1735 1805 1891 1896 isigitur
1907 1831 2003 1876 nunc
2018 1817 2071 1876 est
2090 1806 2148 1874 lex
2169 1829 2232 1874 na·

207 1911 338 1982 Graeci
367 1910 544 1992 scribunt,
583 1921 696 1977 totam
714 1908 869 1979 Atticam
892 1921 974 1977 ante
998 1908 1193 2001 Cecropem
1245 1921 1358 1981 turae.

208 2015 375 2082 obrutam
405 2036 479 2082 esse
503 2010 713 2106 diluvio⁷³),
755 2025 790 2081 et
815 2010 1029 2081 nominatim
1052 2036 1192 2082 causam
1348 2013 1451 2083 Sexta
1473 2013 1547 2082 lex:
1587 2011 1768 2085 Divinitus
1791 2009 1895 2080 insita
1921 2023 1973 2082 est
1993 2008 2137 2079 cuilibet
2157 2008 2234 2078 ani·

199 2116 365 2197 ¹addunt,
404 2115 510 2184 facisse
536 2114 574 2182 id
600 2114 773 2184 diluvium
805 2139 962 2207 poenam
992 2115 1194 2197 libidinum,
1244 2116 1359 2182 manti
1374 2115 1545 2207 appetitio
1563 2115 1842 2187 conservationis
1856 2114 1931 2197 sui,
1957 2137 2022 2182 nec
2038 2113 2154 2182 solum
2177 2112 2232 2181 in·

209 2217 362 2311 ideoque
376 2231 560 2285 narrante
579 2216 734 2308 Cecrope
749 2218 929 2288 restitutas
944 2242 1017 2288 esse
1038 2218 1194 2308 coniugii
1244 2217 1401 2301 dividui,
1435 2220 1497 2289 sed
1516 2221 1629 2288 mtdto
1654 2219 1766 2310 magis
1788 2217 1937 2310 speciei,
1971 2216 2053 2286 ideo
2080 2215 2234 2284 enimet

207 2322 313 2411 leges.
386 2320 432 2390 Et
460 2333 500 2389 ut
521 2320 677 2389 Sodoma
711 2322 916 2411 perierunt,
963 2321 1012 2390 sic
1035 2317 1194 2403 Thebae,
1244 2320 1376 2390 bestiae
1401 2322 1555 2412 diligunt
1575 2323 1753 2405 sobolem,
1787 2334 1822 2390 et
1842 2345 1909 2411 pro
1933 2342 1973 2388 ea
1999 2318 2172 2388 dimicant
2192 2342 2232 2386 ac

208 2422 297 2516 εἰη)
313 2420 523 2517 sybaris⁷⁷)‚
549 2435 585 2491 et
598 2422 773 2491 maximae
790 2425 895 2493 urbes
908 2421 1029 2492 loniae
1045 2437 1195 2516 propter
1247 2422 1476 2518 oppetuntw)
1499 2437 1673 2509 mortem,
1707 2427 1768 2496 sed
1792 2447 1899 2514 supra
1922 2422 2020 2490 illam
2042 2421 2231 2512 appetitio·

208 2527 359 2597 similem
381 2550 523 2595 causam
546 2550 688 2595 eversae
712 2539 806 2595 sunt.
857 2526 995 2595 Deinde
1017 2528 1111 2596 hello
1127 2526 1193 2594 Pe·
1246 2550 1349 2608 nem,
1375 2522 1515 2596 homini
1535 2527 1646 2596 indita
1664 2542 1716 2597 est
1738 2526 1884 2608 notitia,
1918 2523 2089 2593 ordinans
2115 2522 2230 2593 officia

206 2629 459 2721 loponnesiaco
479 2630 690 2721 praecipuae
705 2630 830 2711 urbes,
855 2624 1028 2713 Athenae,
1054 2630 1194 2721 Sparta,
1245 2628 1460 2700 defensionis
1476 2642 1511 2698 et
1526 2655 1673 2722 poenae.
1730 2628 1808 2699 Etsi
1829 2628 1937 2718 igitur
1961 2627 2000 2694 in
2022 2640 2152 2697 natura
2176 2624 2233 2693 in-

207 2745 243 2802 et
266 2731 356 2799 aliae
382 2731 587 2822 gravissime
609 2732 758 2801 afflictae
780 2745 873 2801 sunt.
924 2731 1111 2802 Discamus
1130 2731 1194 2821 igi-
1246 2744 1364 2821 tegra,
1389 2757 1454 2801 nec
1470 2757 1630 2824 pugnae,
1656 2758 1720 2802 nec
1737 2730 1929 2824 supplicia,
1953 2753 2019 2798 nec
2037 2730 2129 2799 bella
2147 2728 2233 2798 scris-

209 2848 268 2905 tur
285 2835 410 2903 timere
418 2833 464 2927 ⁷⁸)
481 2834 652 2904 iudicium
669 2835 756 2916 Dei,
784 2835 846 2927 qui
872 2846 923 2902 est
945 2859 1069 2903 amans
1094 2834 1194 2902 casti·
1245 2847 1339 2916 sent,
1365 2847 1486 2904 tamen
1499 2860 1612 2919 nunc,
1637 2861 1718 2906 cum
1740 2834 1845 2905 multi
1867 2834 2014 2904 turbant
2024 2832 2232 2903 societatem

194 2937 309 3020 tatis,
335 2948 370 3004 et
388 2932 608 3005 horribiliter
631 2937 708 3005 odit
728 2948 763 3004 et
780 2935 886 3027 punit
901 2931 1100 3026 prohibitas
1114 2933 1194 3004 libi·
1244 2932 1459 3020 humanam,
1484 2924 1623 3008 necesse
1638 2952 1690 3008 est
1710 2938 1862 3030 speciem
1883 2935 2104 3017 conservari,
2131 2933 2231 3028 quod

206 3039 320 3109 dines.
1245 3039 1285 3106 lit
1298 3039 1355 3107 vel
1369 3039 1573 3109 defensione
1590 3041 1704 3112 subita
1713 3041 1778 3134 ⁸¹),
1806 3042 1862 3110 vel
1874 3051 1996 3130 postea
2016 3037 2120 3107 certis
2143 3061 2230 3128 poe-

311 3140 466 3233 Quarta:
493 3136 643 3212 Insitum
661 3136 866 3210 esthomini
888 3139 1080 3211 discrimen
1101 3139 1194 3208 veri·
1244 3141 1318 3224 nis,
1357 3155 1393 3211 et
1417 3155 1607 3238 utramque
1632 3169 1709 3213 rem
1734 3145 1877 3215 ordinat
1896 3141 2007 3225 ratio,
2045 3139 2232 3210 constituit

207 3244 290 3314 tatis
313 3242 566 3326 emendasti,
601 3256 636 3313 et
657 3243 785 3312 notitia
804 3243 944 3328 addita,
978 3246 1075 3339 qnod
1096 3242 1193 3312 Deus
1243 3257 1355 3314 metas
1370 3245 1603 3330 defensionis,
1629 3260 1663 3315 et
1677 3247 1780 3316 certis
1796 3245 1959 3340 personis
1976 3242 2231 3334 cognitionem,

208 3347 255 3416 sit
271 3372 396 3430 verax,
416 3346 570 3441 ideoque
586 3370 605 3414 a
621 3346 742 3429 nobis,
776 3359 948 3441 tanquam
970 3349 1014 3416 ab
1036 3346 1193 3437 imagine
1245 3361 1279 3417 et
1309 3348 1464 3418 officium
1487 3350 1660 3440 puniendi
1677 3351 1844 3434 mandat,
1879 3373 1919 3417 ac
1946 3345 2111 3437 intelligit
2134 3345 2228 3415 ratio

206 3474 292 3534 sua,
324 3450 500 3541 postulat,
528 3462 569 3518 ut
590 3451 699 3520 simus
721 3474 872 3520 veraces.
931 3447 1069 3520 Iudicat
1085 3450 1193 3540 igitur
1244 3464 1314 3520 tres
1345 3475 1418 3521 esse
1442 3476 1639 3542 poenarum
1665 3477 1805 3536 causas,
1848 3476 1998 3547 quarum
2024 3449 2139 3540 prima
2167 3460 2231 3532 est,

206 3577 309 3621 mens
342 3552 528 3621 veritatem
561 3553 600 3620 in
634 3553 786 3637 artibus,
830 3552 987 3638 iudiciis,
1033 3549 1192 3623 honestis
1243 3553 1373 3623 iustitia
1389 3554 1475 3637 Dei,
1502 3554 1564 3649 qui
1585 3580 1668 3624 vere
1691 3555 1855 3626 irascitur
1876 3553 2046 3645 peccatis,
2078 3565 2113 3620 et
2134 3550 2228 3619 iram

207 3655 330 3737 factis,
370 3655 609 3725 contractibus
637 3658 850 3725 servandam
873 3681 966 3740 esse,
999 3669 1052 3739 et,
1087 3669 1129 3727 ut
1153 3655 1191 3723 in
1243 3681 1344 3726 suam
1359 3657 1516 3748 conspici
1534 3657 1610 3728 vult
1632 3658 1671 3726 in
1689 3658 1814 3750 poenis
1835 3656 2091 3749 praesentibus.
2144 3653 2229 3723 Cer-

207 3756 355 3827 caeteris
369 3757 524 3846 legibus,
548 3757 683 3828 utilitas
698 3760 858 3855 sequitur
870 3754 1114 3842 honestatem,
1140 3770 1191 3840 ut,
1243 3773 1319 3829 tum
1344 3773 1395 3829 est
1417 3759 1513 3828 enim
1536 3760 1764 3851 regulariter,
1799 3759 1919 3829 omnia
1943 3758 2076 3829 atrocia
2100 3756 2228 3825 delicta

207 3859 292 3931 siin
315 3859 490 3928 medicina
516 3885 592 3928 non
617 3874 706 3931 esset
727 3861 916 3930 discrimen
938 3861 1032 3931 inter
1051 3885 1136 3931 vera
1158 3873 1192 3929 et
1241 3863 1363 3955 puniri
1379 3863 1623 3954 praesentibus
1641 3864 1785 3954 poenis,
1809 3862 1882 3932 sive
1903 3887 1967 3954 per
1988 3858 2228 3951 magistratus,

206 3964 313 4050 falsa,
340 3964 485 4033 daretur
499 3976 676 4039 venenum
693 3989 761 4055 pro
776 3964 947 4035 remedio.
1241 3965 1315 4034 sive
1343 3965 1602 4035 calamitatibus
1626 3964 1846 4048 domesticis,
1889 3965 2018 4059 quibus
2039 3964 2136 4033 Deus
2164 3987 2228 4054 op·

308 4067 444 4161 Quinta
466 4066 539 4135 lex:
578 4065 694 4136 Indita
718 4081 770 4138 est
793 4064 933 4139 homini
953 4066 1101 4150 notitia,
1128 4066 1190 4136 ubi
1241 4068 1365 4159 primit
1381 4081 1512 4137 sontes.
1563 4066 1655 4136 Hinc
1670 4080 1743 4137 tota
1761 4068 1833 4137 vita
1849 4064 2038 4139 hominum
2053 4068 2159 4158 plena
2176 4077 2228 4135 est

207 4171 409 4243 voluntates
425 4170 464 4238 in
485 4171 697 4264 quaerendis
718 4172 841 4254 rebus,
876 4169 969 4239 etin
992 4171 1190 4239 communi·
1240 4170 1438 4262 ingentium
1470 4171 1731 4255 calamitatum,
1771 4171 1855 4264 quia
1884 4171 1981 4242 Deus
2008 4170 2163 4240 ostendit
2189 4191 2225 4239 se

205 4275 346 4344 catione
361 4299 436 4345 non
457 4287 542 4345 sunt
560 4273 710 4356 seniles,
742 4274 792 4342 ibi
813 4272 972 4342 dominia
996 4297 1116 4342 rerum
1137 4274 1189 4341 di·
1241 4299 1323 4343 vere
1337 4272 1441 4342 irasci
1458 4272 1621 4363 peccatis.
1680 4273 1776 4343 Haec
1797 4276 1962 4345 voluntas
1977 4273 2045 4343 Dei
2068 4273 2226 4343 cernitur

205 4376 416 4469 stinguenda
432 4401 525 4462 esse,
552 4391 587 4447 et
601 4401 657 4448 res
671 4377 843 4475 'legitimis
866 4377 1104 4446 contractibus
1123 4402 1189 4468 pro
1241 4377 1279 4445 in
1307 4375 1542 4469 experientia,
1585 4401 1665 4446 cum
1695 4377 1733 4445 in
1763 4380 1946 4447 eversione
1977 4376 2225 4468 imperiorum,

211 4537 417 4550 ....-.-
1241 4492 1316 4549 tum
1339 4480 1378 4547 in
1402 4478 1549 4571 privatis
1571 4479 1793 4570 singulorum
1814 4480 2089 4563 calamitatibus,
2117 4493 2152 4548 et
2165 4481 2226 4548 de·

1241 4584 1370 4652 clarata
1391 4594 1443 4651 est
1459 4581 1561 4649 initio
1586 4607 1672 4650 voce
1695 4582 1815 4651 divina
1837 4581 1982 4677 (Gcncs.
1998 4581 2033 4667 9,
2048 4583 2118 4679 6.):
2152 4584 2227 4677 Qui

240 4631 288 4700 70)
307 4635 366 4683 Boc
382 4631 510 4682 adadun
527 4631 683 4693 appelletur
695 4631 846 4697 ogygiam,
866 4628 937 4692 quod
950 4631 1073 4691 tempore
1086 4629 1189 4694 Ogygi,

277 4702 324 4766 qut
341 4702 413 4751 circa
430 4713 456 4752 a.
469 4701 575 4753 toooe.
588 4701 651 4751 ctr.
668 4701 785 4749 Atticm
803 4704 830 4749 et
842 4699 981 4751 uosottam
999 4709 1134 4761 regnasse
1146 4699 1190 4747 dt·
1240 4686 1371 4755 fuderit
1386 4680 1583 4755 humanum
1601 4686 1828 4777 sanguinem,
1862 4711 1926 4777 per
1944 4682 2128 4755 hominem
2145 4689 2227 4756 farn-

276 4766 1189 4901 ffifgnssffig’22¹‘ss{2rfflmlssssvffivssgffifflffissgssuffi]
1240 4790 1344 4859 detur
1360 4787 1502 4878 sanguis
1516 4787 1638 4878 ipsius.
1688 4785 1776 4858 ltcm
1791 4784 1936 4883 (Matth.
1950 4790 2012 4873 26,
2028 4785 2124 4886 52.):
2153 4791 2226 4884 Qui

277 4911 346 4960 rtem
359 4907 514 4959 condidisse
530 4909 675 4969 narretur,
694 4906 747 4956 vid.
763 4906 886 4968 syncett.
904 4919 930 4967 p.
943 4905 986 4955 70.

199 5103 201 5108 ,
238 4989 860 5114 7θέὥξ1ἷέἳὸῑξξξθζ54θΰῧωήΜ’
891 4988 965 5039 ¹⁶⁶⁷·
984 4989 1011 5038 ‘l
1030 4988 1124 5054 ¹⁶⁶⁰·;
1162 4989 1189 5039 ⁵¹¹
1274 5022 1676 5090 renumerationem]
1702 5025 1956 5091 sacramanto,
1981 5030 2072 5095 tuot,
2097 5031 2173 5085 cesa.
2197 5039 2226 5087 et

239 5145 287 5215 π)
306 5147 439 5210 sybaris,
456 5141 585 5205 opulenta
600 5139 738 5189 Lucaniae
762 5141 843 5203 urbs,
875 5140 948 5190 cim
972 5152 997 5190 a.
1012 5141 1072 5191 5¹⁰.
1085 5153 1110 5191 a.
1125 5142 1189 5193 chr·
1310 5093 1405 5157 15604
1428 5096 1511 5148 Ulli.
1526 5096 1601 5146 1545.
1620 5098 1648 5146 Oi
1667 5096 1742 5146 ¹54⁶·
1760 5097 1879 5146 naturali
1897 5097 2004 5151 indicio.

272 5228 290 5268 ι
307 5215 476 5269 crotoniatis
493 5212 584 5260 diruta
601 5213 662 5270 θεῖς
687 5211 778 5258 strab.
790 5210 836 5259 Vl.
854 5209 881 5271 ς,
898 5211 939 5260 ta.
956 5224 981 5272 p.
994 5210 1055 5261 268.
1073 5209 1114 5262 ed.
1133 5209 1189 5261 Cu.
1272 5190 1321 5258 8))
1341 5197 1485 5277 oppetunt]
1503 5197 1638 5247 stertas.
1656 5196 1747 5261 1040,
1767 5197 1859 5261 1040,
1880 5197 1965 5261 1000,
1986 5198 2061 5250 1004.
2081 5204 2110 5253 et
2129 5203 2224 5271 1001.;

268 5288 362 5352 asub„
380 5299 406 5347 p.
421 5285 481 5332 404.
500 5281 541 5330 ed.
558 5280 744 5329 Almetoveen.
1307 5265 1379 5316 Edit.
1398 5265 1472 5317 1000.
1491 5268 1629 5327 oppetunt.

236 5364 810 5432 78)11ωοτο]ειόΕᾱΙῑῐ.1040.,1040.,
835 5364 911 5414 1000.
930 5365 957 5413 et
977 5363 1069 5431 155⁴.;
1103 5364 1188 5417 tritt
1271 5367 1445 5426 8114110114]
1469 5366 1728 5434 stastatuta,
1759 5368 1835 5419 1040.
1852 5371 1882 5418 et
1901 5367 1975 5419 1000.
1983 5381 1993 5432 3
2027 5369 2113 5423 tutte
2133 5375 2223 5442 tm,

256 5439 337 5489 1567.
358 5440 393 5488 ot
407 5437 486 5488 1000.
507 5437 535 5486 et
552 5435 658 5486 timere.
1310 5435 1385 5488 1001.
1404 5438 1432 5487 ct
1451 5435 1525 5489 1000.
1543 5434 1660 5489 suone.
