4544 5766
191 185 267 269 255

230 418 248 435 ,.
291 359 506 452 llespondeo
522 358 568 431 ad
581 353 782 431 Minorems
796 352 1008 436 Periculum
1024 350 1180 444 pertinet

191 468 470 555 ademptorem,
505 458 535 527 si
550 457 686 545 insigne
703 457 875 527 damnum
891 455 953 537 illa
969 457 1067 527 bona
1082 480 1181 531 acce-

188 569 326 663 perint,
351 560 538 657 inquibus
564 559 793 649 intelligimus
816 559 870 631 ius
887 559 1076 629 fundatum
1094 582 1184 663 esse..

190 673 281 743 sicut
297 669 389 759 perit
406 677 502 733 actus
518 676 579 733 aiu
592 663 679 746 iter,
717 661 748 732 si
762 686 846 751 ager
863 660 971 753 periit
987 662 1179 731 alluvione.

293 771 401 839 Aliud
420 766 657 835 contrarium:
685 764 838 833 Levitici
859 761 910 839 25
923 764 992 860 ⁰⁸),
1018 760 1096 860 (15,
1122 763 1180 834 16,
1210 814 1213 821 ,

191 870 385 966 50-52.)
402 872 613 953 mandatur,
640 880 680 939 ut
706 868 840 939 fructus
865 869 1181 953 fundorumcom-

190 989 361 1071 putentur
385 974 421 1041 in
445 987 597 1054 sortem,
631 996 742 1065 usque
771 974 817 1039 acl
845 996 979 1041 annum
1004 969 1181 1065 quinqua-

191 1080 376 1173 gesimum.
427 1075 523 1167 Ergo
547 1087 581 1144 et
603 1100 669 1143 nos
691 1074 859 1143 debemus
880 1075 1014 1145 fructus
1036 1099 1182 1164 compu-

192 1197 268 1252 tare
285 1183 321 1250 in
342 1192 493 1262 sortem,
521 1204 602 1247 cum
624 1177 775 1246 emimus
797 1177 948 1246 fundum
971 1202 1052 1245 cum
1075 1189 1179 1269 pacto

191 1288 235 1356 de
253 1284 500 1366 revendend0,
534 1282 728 1350 etrcddcre
744 1281 873 1350 fundos
891 1281 966 1349 sine
983 1279 1098 1372 pretio
1116 1292 1180 1348 etc.

293 1387 528 1478 Respondeo:
556 1382 728 1475 Negancla
746 1395 797 1453 est
813 1382 1079 1479 consequentia,
1098 1381 1182 1476 quia

191 1492 317 1585 politia
335 1489 492 1559 Mosaica
508 1483 599 1555 nihil
614 1489 659 1555 ad
674 1512 740 1556 nos
757 1487 922 1579 pertinet.
968 1485 1045 1554 Hoc
1062 1499 1179 1555 antem

193 1620 283 1665 ortus
306 1597 349 1663 de.
371 1591 561 1661 reddendis
584 1590 703 1659 fundis
728 1590 766 1657 in
782 1588 959 1673 lubilaeo,
993 1588 1181 1682 peculiaris

194 1698 374 1767 ordinatio
404 1707 482 1764 erat
515 1693 608 1762 illius
643 1693 776 1784 gentis,
816 1693 907 1762 sicut
949 1691 1181 1763 circumcisio.

191 1800 315 1871 Voluit
332 1799 427 1869 enim
438 1799 533 1866 Deus
551 1796 755 1865 conservari
767 1795 918 1864 familias
934 1794 1179 1864 etdiscrimina

191 1904 431 1984 familiarum,
458 1913 498 1969 ut
513 1899 595 1967 sciri
611 1913 749 1989 posset,
783 1898 818 1966 in
835 1924 904 1993 qua
921 1900 1017 1968 tribu
1033 1898 1181 1968 Messias

192 2020 408 2077 nasceretur.
456 2001 582 2071 Voluit
604 2002 712 2069 etiam
735 2001 851 2071 avaris
874 2014 909 2070 et
931 2001 1090 2095 prodigis
1112 2003 1180 2069 fre-

192 2136 259 2179 nos
276 2109 431 2177 iniicere.
465 2104 576 2173 Auni
589 2104 707 2172 minus
723 2106 906 2187 emebant,
933 2105 1015 2198 quia
1032 2106 1180 2174 reddere

191 2215 322 2284 fundos
341 2210 569 2302 cogebantur.
596 2206 744 2299 Prodigi
761 2206 936 2277 difficilius
952 2207 1182 2276 inveniebant

193 2329 383 2407 emptores.
433 2312 502 2379 Sed
516 2311 613 2377 illam
629 2308 825 2379 Mosaicam
841 2311 1104 2380 ordinationem
1119 2335 1181 2379 ue-

194 2442 375 2515 quaquam
399 2414 637 2483 necessarium
662 2425 714 2481 cst
745 2413 930 2482 transferri
963 2416 1008 2482 ad
1040 2427 1180 2489 nostras

192 2520 421 2613 respublicas.
456 2515 532 2584 lmo
551 2540 617 2584 nos
634 2527 776 2607 oportet
792 2515 936 2585 obedire
953 2518 1087 2609 legibus
1101 2542 1181 2588 sau-

192 2624 269 2694 citis
286 2622 324 2690 in
339 2619 394 2690 his
410 2619 581 2712 imperiis,
593 2619 630 2686 in
647 2618 775 2712 quibus
790 2618 953 2705 vivimus,
969 2635 1011 2689 ut
1025 2620 1180 2690 Roman.

194 2728 255 2812 13,
271 2722 340 2821 (1.)
357 2722 502 2793 dicitnr:
530 2722 657 2791 Omnis
673 2720 792 2789 aniura
809 2724 977 2813 potestati
994 2748 1084 2817 quae
1101 2748 1180 2815 pre·

192 2845 265 2912 est,
292 2830 328 2898 id
344 2840 413 2909 est,
440 2851 523 2895 suae
538 2823 707 2917 potestati
721 2825 874 2894 obediat.

191 3005 251 3074 An
280 3003 431 3071 ratione
464 3001 546 3066 eius
576 2992 673 3087 qrcod
701 2999 882 3083 interest,
920 3001 1005 3088 peti
1034 2997 1182 3092 aliquid

356 3104 476 3193 possit
498 3106 540 3170 in
563 3107 691 3170 mutuo
716 3120 833 3190 supro
859 3109 1011 3172 sortem.

292 3231 525 3325 Respondeo:
560 3228 734 3300 Interesse
758 3230 967 3302 nominatur
989 3233 1046 3317 id,
1083 3238 1178 3329 quod

463 180 665 256 scalpra
690 177 1233 265 praemonentem
1259 179 1335 253 ET.
1350 177 1608 259 eottttcfltt
1629 179 1946 256 SPECTANTIA.

1231 352 1434 445 responsio:
1468 352 1604 425 Verum
1627 367 1671 423 et.
1688 378 1771 425 nou
1798 355 2225 440 undamentum,

1232 458 1329 551 quod
1358 456 1637 535 acciditmutuo
1667 457 1787 540 danti,
1822 470 1891 540 est,
1918 484 2030 530 cum.
2048 460 2224 530 dmm

1232 582 1416 649 emergens
1432 571 1515 651 post
1529 584 1670 629 ιιιοιιιιιι
1687 560 1826 630 accidit.
1879 560 1982 631 Utsi
1997 561 2227 657 quiscdebuit

1231 658 1321 732 milri
1344 664 1395 733 20
1422 687 1549 733 aureos
1570 664 1707 731 solvere
1729 663 1894 734 Calendis
1909 663 2028 748 Maii,¹
2044 658 2111 735 hos
2138 665 2225 760 epeia

1231 763 1595 848 nossolvit,·da1nno
1615 766 1768 853 allectus
1786 788 1887 850 sum,
1914 780 2223 861 proptertrroram

1232 892 1308 937 non
1325 867 1495 937 solventis
1508 864 1609 939 mihi.
1668 868 1737 937 llic
1750 869 1937 941 manifesta
1954 870 2053 943 ratio
2064 872 2226 966 oeqtuli-

1232 969 1839 1061 tatispostulatcomperuotionem.
1930 1020 1935 1029 ·
2131 1028 2164 1057 ,.

1333 1069 1374 1141 ln
1387 1073 1449 1145 tati
1465 1099 1549 1143 casu
1566 1076 1822 1164 pronuntiatur
1835 1073 1929 1143 ultra
1942 1072 1996 1169 θ’)
2013 1089 2148 1146 sortem
2164 1078 2228 1147 de-

1231 1174 1309 1245 beri
1325 1175 1375 1257 id,
1393 1178 1490 1268 quod
1507 1176 1668 1259 interest,
1683 1191 1832 1271 propter
1850 1179 2022 1247 damnum
2037 1202 2227 1273 emergens

1233 1278 1373 1349 etiamsi
1387 1280 1485 1349 nulla
1500 1279 1643 1349 accessit
1658 1280 1841 1372 stipulatio
1865 1283 1908 1349 de
1925 1305 1968 1349 eo
1990 1283 2229 1375 quod-iuter-

1234 1393 1297 1451 est.
1347 1379 1387 1451 ld
1404 1394 1681 1451 comentaneum
1698 1397 1768 1465 est,
1796 1397 1832 1453 et
1853 1383 1985 1474 scripto
2003 1385 2081 1455 -iuri
2102 1400 2139 1456 et
2159 1411 2227 1461 na-

1234 1483 1341 1553 turali
1357 1483 1540 1578 aequitati.
1567 1485 1660 1556 Nam
1674 1487 1738 1580 qui
1751 1488 1814 1556 dat
1827 1485 1888 1581 ¹⁰⁰)
1904 1488 2084 1558 efficacem
2097 1490 2225 1561 darom

1234 1611 1375 1657 causam
1400 1588 1525 1670 alteri,
1558 1590 1664 1658 dehet
1686 1590 1719 1658 ei
1741 1590 2082 1682 compensationem.
2158 1590 2227 1665 Est

1234 1689 1342 1780 igitur
1359 1691 1573 1784 aequalitas,
1600 1705 1640 1762 ut
1655 1694 1815 1763 solvatur
1828 1693 1953 1787 quanti
1972 1693 2132 1766 interest.
2183 1694 2226 1765 ln

1233 1789 1301 1862 hoc
1318 1819 1400 1863 casu
1421 1793 1572 1885 perspici
1594 1809 1730 1887 potest,
1756 1800 1853 1890 qnod
1877 1796 1923 1866 sit
1943 1821 2067 1867 verum
2093 1811 2130 1868 et
2148 1822 2227 1869 nou

1232 1895 1439 1966 simulatum
1455 1896 1642 1981 interesse,
1666 1901 1763 1993 quod
1785 1901 2081 1991 acciderepotest
2093 1915 2227 1973 mutuo

1233 1999 1353 2081 danti,
1380 2002 1477 2092 quod
1501 2002 1650 2070 debetur
1673 2002 1810 2073 etiamsi
1834 2003 1932 2072 nulla
1949 2003 2094 2074 accessit
2112 2006 2227 2099 stipu-

1232 2103 1330 2171 latio.
1358 2102 1586 2173 Manifestum
1604 2117 1656 2174 est
1670 2105 1778 2188 enim,
1796 2107 1846 2174 ibi
1860 2107 2227 2203 nonservariaequa-

1231 2206 1387 2288 litatem,
1414 2206 1476 2274 ubi
1492 2207 1582 2275 lucri
1599 2207 1754 2299 captatio
1769 2210 1809 2277 lit
1825 2234 1866 2278 ex
1883 2210 2121 2281 mutuatione.
2229 2248 2232 2253 ·

1334 2307 1386 2376 De
1402 2309 1502 2378 lucro
1519 2324 1676 2380 cessante
1689 2324 1771 2403 post
1783 2336 1937 2397 moram,
1963 2308 2032 2381 boc
2049 2326 2116 2395 est,
2142 2328 2227 2385 cuni

1233 2410 1373 2479 debitor
1388 2436 1464 2480 non
1478 2413 1586 2481 solvit
1602 2417 1794 2483 constituto
1812 2414 1889 2498 die,
1923 2416 2169 2507 pronuntiant·
2179 2420 2228 2487 acl

1233 2517 1385 2582 eundem
1408 2517 1574 2597 meadum,
1608 2517 1730 2585 deberi
1752 2518 1788 2585 id
1815 2519 1912 2611 quod
1937 2519 2104 2601 interest,
2133 2520 2230 2590 sicut

1232 2616 1305 2684 iam
1327 2620 1370 2687 de
1394 2620 1527 2687 datiano
1555 2634 1755 2710 emergente
1781 2621 1945 2691 diximus.
1998 2622 2067 2691 Sed
2090 2623 2129 2690 in
2157 2619 2230 2695 lroo'

1232 2722 1387 2788 secundo
1411 2746 1495 2790 casu
1519 2736 1658 2792 tantum
1684 2725 1845 2815 personis
1869 2725 2135 2815 negotiantibus
2157 2720 2231 2798 hoc

1233 2825 1442 2892 concedunt.
1494 2819 1535 2893 ld
1548 2850 1623 2893 non
1640 2840 1692 2896 est
1707 2829 1921 2911 absurdum,
1949 2826 2033 2921 quia
2048 2828 2233 2920 impedire¹

1233 2951 1376 2995 cursum
1406 2928 1679 3016 negotiationis,
1720 2931 1828 2999 etiam
1850 2943 1902 3000 cst
1927 2932 2015 3000 dare
2044 2932 2237 3003 efficacem!

1233 3053 1375 3107 causam
1390 3029 1533 3112 damni,
1560 3034 1603 3099 de
1628 3057 1699 3125 quo
1724 3057 1807 3104 casu
1820 3033 1979 3124 disputat
1994 3030 2233 3107 Panormita-³
2259 3080 2268 3119 2

1232 3156 1298 3202 nus
1309 3130 1339 3225 ¹)
1355 3130 1525 3223 incapite
1542 3133 1766 3228 Conquestus
1777 3136 1829 3229 ²),
1856 3139 1901 3205 de
1916 3134 2034 3207 usuris
2043 3136 2090 3233 ⁸).

1333 3234 1403 3303 Sed
1416 3236 1460 3303 de
1476 3237 1609 3306 damno
1626 3253 1840 3329 emergente,
1856 3240 2053 3309 etdelucro
2065 3254 2228 3313 cessante-
2246 3284 2256 3333 ι

191 3339 341 3408 debetur
363 3335 487 3417 alicui,
514 3335 572 3401 vel
595 3334 676 3429 quia
702 3337 835 3403 damno
859 3336 1004 3406 affectus
1026 3350 1097 3421 cst,
1124 3341 1180 3407 vel
1232 3347 1314 3403 ante
1337 3361 1478 3407 moram
1501 3339 1539 3407 in
1563 3354 1709 3424 mutuo,
1742 3342 1821 3412 iura
1860 3341 2005 3435 quidem
2037 3368 2115 3413 uon
2136 3346 2230 3415 daut·
2245 3389 2268 3441 g

191 3440 273 3536 quia
290 3441 429 3510 lucrum
447 3438 592 3533 aliquod
608 3463 646 3506 re
663 3463 745 3506 vera
762 3452 909 3531 propter
924 3439 1010 3509 illud
1024 3442 1177 3513 officium
1232 3439 1429 3523 actionem,
1455 3442 1524 3512 nisi
1541 3443 1621 3537 quis
1636 3444 1824 3535 stipulatus
1838 3444 1901 3528 sit,
1927 3458 1968 3515 ut
1988 3447 2155 3517 solvatur
2174 3448 2268 3549 idpgt

191 3543 402 3637 impeditmn
428 3555 490 3611 est.
541 3538 625 3610 Ideo
649 3541 880 3632 distinguitur
901 3543 1089 3629 interesse,
1119 3560 1180 3617 aut
1232 3544 1357 3635 quanti
1373 3543 1530 3615 interest.
1582 3547 1685 3616 Nunc
1700 3548 1809 3638 igitur
1830 3547 1959 3618 usitata
1984 3562 2035 3618 est
2053 3545 2146 3619 haec
2163 3550 2264 3656 sti-g

190 3647 306 3716 oritur
331 3658 479 3736 propter
504 3645 674 3715 damnum
701 3669 903 3736 emergens,
942 3659 1004 3714 auct
1032 3663 1180 3741 propter
1231 3646 1367 3735 pulatio
1384 3647 1420 3713 in
1436 3650 1679 3733 mutuatione,
1712 3664 1747 3719 et
1762 3674 1868 3742 saepe
1881 3646 2073 3721 honestum
2086 3644 2268 3777 nomedg

189 3750 329 3818 lucrum
345 3771 494 3816 cessans.
545 3745 775 3835 Exemplum:
805 3748 842 3815 Si
857 3746 935 3841 quis
954 3749 1076 3818 debuit
1090 3748 1179 3821 milri
1231 3748 1411 3833 interesse,
1435 3764 1637 3840 praelffillls
1656 3766 1709 3823 ‘³⁸t
1724 3755 1777 3822 Pei
1792 3778 2020 3848 nequaquam
2036 3751 2222 3839 h⁰¹l0⁸f²¹es
2240 3788 2268 3871 q,

189 3854 327 3923 solvere
343 3851 394 3921 20
409 3871 536 3916 aureos
553 3847 719 3916 Calendis
735 3848 841 3931 Maii,
870 3862 993 3918 utnon
1008 3853 1124 3938 solvit,
1150 3855 1178 3923 si
1230 3851 1363 3921 scilicet
1375 3878 1577 3923 usurarum.
1604 3855 1671 3923 llic
1688 3856 1797 3945 igitur
1810 3857 1972 3951 quaestio
1990 3869 2054 3941 est,
2068 3882 2117 3929 au
2135 3856 2223 3929 baec·
2241 3920 2268 3973 w

188 3966 337 4049 propter
355 3953 453 4019 illam
470 3974 609 4018 moram
626 3952 758 4018 damno
783 3950 903 4046 aliquo
921 3953 1065 4023 :illectus
1088 3983 1178 4040 sum,
1230 3954 1306 4045 ipsa
1324 3955 1505 4046 stipulatio
1521 3959 1611 4027 iusta
1629 3958 1684 4028 sit.
2196 3990 2268 4067 '‘t=

189 4058 375 4139 videlicet,
403 4053 487 4148 quia
511 4065 593 4120 tunc
617 4053 789 4121 debebam
812 4054 917 4123 alteri
938 4058 1095 4143 solvere,
1121 4055 1178 4128 hic
1336 4057 1425 4127 Cum
1442 4072 1561 4128 autem
1579 4061 1747 4131 interesse
1768 4064 1962 4153 appellatio
1980 4063 2028 4134 sit
2049 4060 2227 4137 honestae
2240 4112 2268 4182 p

189 4162 320 4232 iustum
337 4172 389 4229 est
403 4155 539 4226 servari
556 4154 821 4250 aequalitatem,
839 4182 919 4227 cum
935 4160 1050 4252 priori
1065 4186 1179 4233 acces·
1230 4158 1303 4241 rei,
1329 4163 1494 4230 ostendat
1514 4177 1614 4231 actor
1635 4189 1717 4233 vera
1745 4178 1779 4233 et
1800 4190 1875 4234 non
1893 4167 2059 4236 simulata
2076 4162 2225 4251 domuel
2240 4204 2247 4241 .·

189 4264 275 4335 serit
286 4265 424 4333 lucrum
449 4284 491 4329 ex
505 4284 607 4343 meo,
633 4284 698 4327 nec
721 4272 881 4329 servetur
906 4262 1121 4357 aequalitas,
1148 4267 1178 4335 si
1231 4286 1322 4353 quae
1352 4277 1500 4356 propter
1534 4262 1627 4335 hanc
1665 4269 1927 4338 mutuationem
1966 4270 2164 4341 acciderint
2176 4243 2268 4391 *ΜΣ

187 4392 290 4436 meac
310 4365 495 4434 facultates
518 4356 794 4446 exhauriantur,
836 4376 869 4431 et
894 4365 954 4433 alii
979 4366 1113 4436 interea
1137 4394 1177 4436 ex
1229 4364 1363 4433 Verum
1385 4380 1436 4436 est
1459 4369 1611 4438 enimet
1638 4369 1888 4455 iustissirnum‚
1915 4373 2097 4443 neminem
2117 4370 2252 4477 alteris

187 4495 269 4538 meo
290 4466 461 4536 beneficio
485 4478 654 4536 crescant.
705 4463 745 4534 ld
779 4465 946 4537 interesse
970 4471 1177 4542 nominatur
2180 4492 2224 4529 ·.··
2252 4456 2268 4545 ‚l

188 4573 357 4641 interesse
374 4580 522 4659 propter
543 4572 715 4638 damnum
733 4595 915 4661 emergens
932 4583 996 4641 etc.

287 4668 351 4742 Est
376 4684 410 4739 et
432 4671 530 4739 aliud
557 4672 747 4741 discrimen
769 4673 968 4744 necessario
986 4675 1177 4743 observan-

186 4781 290 4849 dum:
332 4774 439 4843 Aliud
460 4775 631 4843 damnum
657 4777 785 4844 accidit
806 4789 887 4846 ante
911 4803 1072 4862 moram,
1108 4774 1176 4846 hoc

187 4893 257 4961 est,
285 4877 478 4947 antediem
495 4877 667 4946 solutioni
684 4879 926 4951 constitutum.
979 4881 1087 4951 Aliud
1115 4883 1177 4949 da-

185 5008 310 5053 mnum
328 4980 456 5050 accidit
471 4992 553 5071 post
568 5005 729 5066 moram,
756 4983 878 5065 idest,
902 4997 1092 5079 postquam
1117 4987 1176 5053 de-

184 5089 282 5157 bitor
297 5108 373 5154 non
390 5083 496 5152 solvit
522 5083 715 5152 constituto
732 5084 802 5154 die.
855 5086 907 5154 Sit
931 5088 1038 5178 igitur
1058 5088 1174 5180 prima

195 5260 402 5281 ...μ-0

220 5360 270 5417 tte]
290 5352 403 5408 beriticl
420 5350 481 5411 25.]
501 5349 541 5399 sic
559 5350 634 5398 recte
653 5349 720 5399 alut.
747 5352 822 5405 1560.
846 5355 875 5401 et
901 5353 992 5417 toas,
1015 5355 1080 5406 Eud.
1101 5355 1176 5409 ¹557.

256 5430 285 5474 et
306 5424 379 5473 isso.
400 5420 488 5471 falso:
508 5417 623 5467 beritici
641 5418 683 5467 ³5.

2242 4548 2268 4606 'lc

1262 4653 1311 4710 99)
1329 4654 1419 4714 ultra]
1438 4654 1477 4702 sic
1495 4655 1561 4704 Edu.
1580 4656 1652 4705 15511.
1673 4660 1699 4705 et
1715 4657 1806 4719 1551.;
1823 4657 1890 4707 Edu.
1908 4658 1982 4709 1557.
2000 4661 2116 4711 actaeo.
2136 4606 2226 4717 amp:
2245 4649 2268 4701 l*

1266 4740 1328 4795 100)
1347 4738 1407 4796 dat]
1426 4737 1722 4793 accresceretur:
1742 4741 1904 4795 menam..
1926 4741 2122 4811 essentum.
2143 4716 2227 4799 eeu?
2241 4737 2268 4816 ft,

1267 4826 1294 4881 1)
1313 4822 1392 4874 Ceut.
1411 4834 1496 4885 supro
1514 4838 1539 4886 p.
1561 4826 1617 4877 ¹3⁸.
1638 4831 1702 4876 noto
1719 4827 1760 4876 3⁸.
1971 4822 1986 4840 ''
2017 4814 2020 4819 ⁵
2178 4798 2265 4917 ''ll-gs

1262 4911 1293 4967 2)
1313 4909 1502 4970 conquestos]
1534 4910 1575 4959 stc
1600 4914 1789 4961 tter-retaliatis
1819 4914 2018 4965 corrreutantet·
2048 4902 2249 4973 sennam·

1298 4983 1356 5094 est?
1379 4978 1464 5095 ztppttt.
1490 4982 1577 5032 ltttrte.
1602 4983 1717 5033 tenuent:
1746 4981 1814 5031 Cum
1839 4989 1980 5045 qcreestus.
2016 4985 2095 5037 Cous.
2110 5002 2140 5051 p.
2159 4954 2268 5091 ᾙῗῖ

1297 5059 1362 5095 nou
1415 5085 1420 5094 .
2252 5080 2268 5127 b

1312 5134 1450 5186 Decretal.
1469 5136 1584 5191 arceor.
1601 5134 1648 5184 tx.
1665 5135 1761 5186 111.ιὶ
1779 5136 1819 5185 tit.
1836 5136 1875 5185 19.
1896 5135 2038 5201 insorlpti:
2057 5142 2097 5190 oe
2115 5142 2220 5205 usum,
2239 5174 2252 5223 ,-

1298 5214 1356 5263 cop).
1380 5205 1405 5252 8.
1431 5206 1501 5265 quand
1525 5217 1542 5252 a
1567 5208 1666 5255 veruo:
1704 5205 1878 5267 Citraqnestus
1903 5207 2142 5275 orditur-(corp.
2166 5214 2219 5267 ius.
2257 5203 2268 5251 ¹¹

1296 5283 1394 5324 ructon.
1413 5275 1454 5321 ed.
1472 5274 1582 5323 Richter
1601 5274 1630 5322 P.
1651 5273 1681 5325 ll.
1701 5290 1725 5336 p.
1744 5275 1802 5324 751.
1811 5284 1828 5329 t.

1312 5360 1475 5476 occqterint]
1493 5361 1532 5408 ste
1551 5360 1616 5409 Eud.
1638 5361 1712 5412 ¹550.
1738 5366 1765 5409 et
1787 5362 1877 5423 loom
1902 5361 1969 5417 Edu.
1991 5364 2065 5417 1557.
2089 5370 2117 5416 et
2143 5368 2218 5421 lm.

1296 5438 1360 5478 acce
1381 5431 1459 5478 ertrtt.
1927 5446 1930 5451 ·

1263 5134 1294 5192 3)

1262 5361 1293 5415 4)

2239 5300 2251 5327 κ

2243 5428 2258 5475 b

2204 5528 2214 5555 ,·
2244 5508 2253 5549 l

2247 5600 2268 5659 pr
