4544 5766
132 179 204 257 571

131 357 200 425 rite
215 367 335 447 portas
350 349 528 445 principes
550 359 703 431 vestras,
740 361 776 418 et
802 353 1013 442 aperiamini
1033 381 1115 447 pot.

133 474 190 529 tae
206 457 348 539 mundi,
375 467 409 522 et
425 450 588 519 introibit
603 475 664 518 rex
681 452 827 542 gloriae.

317 657 571 728 Secundum
606 670 930 746 argumentum.

184 815 255 910 Qui
282 836 359 881 non
387 823 440 880 est
458 811 582 891 iudex,
617 832 692 877 non
717 809 822 878 debet
844 811 991 902 punire,
1030 811 1113 904 quia

236 915 390 1006 cognitio
408 912 512 982 debet
525 912 730 980 antecedere
745 937 910 1003 poenam.

181 1021 410 1111 Magistratus
427 1015 591 1107 politicus
604 1038 679 1083 non
696 1028 747 1084 est
762 1014 867 1084 iudex
881 1018 1099 1106 dogmatum.

178 1124 275 1213 Ergo
293 1145 368 1190 non
382 1119 519 1211 puniat.

230 1241 460 1334 Respondco:
494 1237 722 1327 Magistratus
738 1237 903 1328 politicus
922 1239 1016 1308 solus
1037 1263 1112 1307 non

132 1361 184 1418 est
199 1348 321 1428 iudex,
347 1345 407 1414 sed
424 1344 469 1412 sit
484 1365 567 1433 pars
580 1338 773 1423 Ecclesiae,
800 1353 834 1408 et
855 1366 933 1411 cum
958 1367 996 1408 ea
1022 1341 1112 1411 indi-

134 1463 189 1521 cet
220 1445 460 1518 controversia
489 1455 582 1511 recte
603 1441 792 1536 inquisita,
827 1456 861 1513 et
883 1445 1112 1514 consideratis

132 1554 288 1624 fontibus
318 1563 353 1618 et
382 1546 520 1616 iudiciis
541 1557 634 1614 recte
657 1546 860 1614 docentium
885 1546 923 1615 in
944 1545 1112 1632 Ecclesia,

132 1680 207 1726 non
235 1656 280 1725 sit
309 1666 482 1746 tyrannus
502 1650 697 1740 procedens
720 1649 795 1718 sine
817 1648 972 1740 legitima
993 1650 1112 1741 cogni·

131 1760 248 1841 tione,
280 1779 356 1825 non
377 1755 422 1824 sit
442 1751 577 1833 Midas,
610 1751 672 1846 qui
691 1746 800 1820 habet
821 1776 923 1822 aures
946 1752 1112 1837 asininas,

132 1864 166 1931 id
183 1873 253 1944 est,
279 1860 334 1928 vel
348 1853 439 1925 nihil
456 1853 673 1943 intelligens,
698 1855 756 1922 vel
773 1854 897 1925 avidus
919 1855 1113 1924 calumnia-

131 1990 230 2046 rum,
263 1962 320 2030 vel
342 1961 445 2030 stulte
470 1958 615 2027 credens
638 1957 853 2050 quibuslibet
872 1958 1024 2041 fabellis,
1057 1960 1113 2028 vel

129 2066 321 2137 fascinatus
335 2061 472 2133 usitatis
491 2060 684 2131 erroribus.

229 2204 425 2298 Postquam
442 2211 560 2269 autem
577 2196 814 2266 controversia
830 2196 897 2265 rite
914 2196 1053 2288 cognita
1079 2210 1113 2265 et

131 2307 252 2377 audita
280 2318 349 2389 est,
391 2317 426 2371 et
452 2302 605 2371 iudicata
632 2324 698 2392 per
719 2296 931 2383 Ecclesiam,
974 2300 1111 2391 singula

131 2411 288 2480 membra
304 2404 481 2476 Ecclesiae
496 2405 625 2473 debent
641 2403 756 2470 facere
772 2426 861 2495 quae
878 2412 960 2472 sunt
975 2403 1113 2495 proprii

132 2512 255 2595 officii,
280 2508 533 2601 paterfamilias
557 2507 666 2574 domo
688 2504 804 2573 eiiciat
825 2505 936 2574 filium
950 2500 1113 2597 blasphe-

130 2641 249 2699 mum,
275 2612 440 2682 dominus
461 2633 621 2694 servum,
646 2620 686 2697 ut
701 2608 834 2677 Paulus
856 2607 973 2702 inquit
995 2609 1029 2678 1.
1045 2609 1113 2678 Co·

128 2714 238 2789 rinth.
253 2713 290 2801 5,
306 2712 510 2810 (9-11.):
536 2711 591 2783 Ne
607 2711 652 2783 sit
665 2709 889 2780 familiaritas
902 2735 982 2781 cum
998 2711 1112 2781 idolo-

128 2821 246 2904 latris,
273 2819 322 2889 sic
343 2831 378 2887 et
399 2816 624 2908 magistratus
642 2807 889 2903 blasphemum
912 2813 968 2882 rel
989 2808 1112 2882 haere-

128 2925 237 2994 ticum
256 2921 313 2988 vel
328 2919 445 2988 eiiciat
460 2917 620 2997 civitate,
646 2915 702 2982 vel
717 2914 904 2984 interficiat
925 2939 991 3006 pro
1016 2928 1111 2985 atro-

129 3027 232 3096 citate
246 3023 397 3095 sceleris.
447 3018 499 3088 Ac
516 3041 662 3110 prorsus
679 3017 843 3107 congruit
857 3017 1050 3087 similitudo
1067 3021 1110 3086 de

129 3126 384 3222 patrefamilias
407 3124 445 3192 in
468 3119 698 3203 oeconomia,
726 3132 761 3187 et
781 3121 824 3188 de
846 3121 1053 3217 magistratu
1073 3120 1110 3190 in

128 3231 271 3324 politia,
312 3227 395 3324 qnia
423 3226 650 3315 magistratus
682 3223 786 3290 debet
815 3247 887 3292 csse
907 3224 1110 3294 membrum

127 3332 322 3417 Ecclesiae,
348 3330 438 3400 sicut
454 3327 603 3422 quilibet
616 3325 869 3417 paterfamilias
885 3351 949 3395 suo
968 3326 1059 3396 loeo.

339 3534 544 3604 Tertium
571 3542 901 3621 argumentum.

179 3686 325 3787 (Matth.
344 3689 403 3769 13,
419 3685 514 3778 30.):
541 3683 653 3752 Sinite
671 3695 822 3777 utraque
836 3707 1000 3757 crescere.

229 3811 283 3878 De
300 3803 370 3875 hoc
392 3803 485 3872 dicto
509 3803 727 3892 respondeo,
759 3826 834 3870 non
852 3798 1035 3894 prohiberi
1059 3809 1110 3875 of.

126 3914 225 3993 beia,
264 3909 327 3978 sed
357 3904 599 3974 confusionem
626 3902 836 3976 officiorum.
901 3905 974 3995 Qui
996 3909 1110 3977 mani.

126 4018 252 4086 festrrm
269 4024 340 4093 est,
366 4005 584 4078 severissime
602 4004 811 4075 mandatum
828 4029 921 4090 esse,
943 4022 984 4077 ut
1004 4009 1109 4080 mini.

128 4117 193 4192 stri
200 4111 385 4205 Evangelii
400 4110 555 4179 refutent
567 4131 705 4176 errores
720 4108 893 4192 docendo,
919 4109 1109 4184 sicutPau·

124 4225 179 4294 lus
209 4220 305 4290 iubet
331 4216 377 4285 ad
399 4213 522 4282 Titum
540 4211 574 4293 1,
593 4208 703 4303 (13.):
745 4209 864 4300 Argue
894 4235 954 4284 eos
976 4240 1109 4301 serere,

125 4338 167 4396 ut
178 4323 315 4394 discant
328 4317 407 4389 sani
422 4340 494 4387 esse
507 4314 545 4383 in
560 4313 628 4382 fide
642 4325 707 4382 etc.
756 4311 804 4382 Et
817 4315 860 4381 de
873 4314 1020 4404 politico
1034 4344 1109 4387 ma-

125 4427 273 4518 gistratu
287 4420 471 4492 manifeste
485 4429 711 4511 praeceptum
729 4428 799 4499 est,
823 4428 864 4485 ut
876 4418 1003 4508 puniat
1016 4421 1108 4491 blas-

125 4524 286 4621 phemes.

226 4660 323 4729 llaec
338 4657 524 4728 manifesta
542 4657 711 4723 mandata
735 4654 872 4723 addunt
895 4654 1107 4745 interpreta-

124 4767 259 4836 tionem
282 4763 378 4830 dicto
403 4755 551 4841 Christi,
587 4770 627 4826 nt
660 4757 897 4848 intelligamus
924 4753 1107 4851 prohiberi

126 4868 371 4938 confasionem
386 4861 595 4931 officiorum.
645 4857 800 4930 Ecclesia
813 4862 939 4929 doceat
960 4873 996 4929 et
1015 4861 1106 4931 iudi-

126 4984 198 5055 cet,
222 4993 296 5039 non
310 4977 430 5036 utatur
447 4963 483 5029 vi
497 4962 685 5053 corporali.
738 4962 965 5052 Magistratus
987 4965 1106 5056 politi-

125 5100 186 5145 cus
206 5095 321 5166 neque
335 5082 508 5163 tyrannus
524 5066 589 5148 sit,
613 5088 728 5158 neque
746 5064 880 5149 Midas,
907 5068 968 5134 sed
985 5069 1107 5139 audiat

122 5175 334 5255 Ecclesiam,
376 5168 515 5238 intersit
541 5166 753 5258 cognitioni,
791 5178 962 5260 tanquam
995 5196 1105 5251 mem.

123 5284 227 5351 lirum
242 5274 440 5356 Ecclesiae,
475 5270 565 5343 sicut
585 5270 824 5343 interfuerunt
841 5268 1105 5360 Constantinus,

124 5379 366 5461 Theodosius,
390 5374 592 5447 Martianus
615 5387 679 5446 etc.

610 170 632 213 ⁹
701 173 824 250 rull..
858 177 971 253 MEL.
1004 177 1209 253 SCRIPTA
1229 174 1583 257 mmm.
1643 246 1663 255 ..

2073 187 2152 268 Μ

1376 351 1597 446 Quartum
1623 372 1941 449 argumentum.

1215 483 1321 554 Fides
1336 499 1388 555 est
1404 487 1441 554 in
1455 503 1584 562 mente.

1216 586 1445 678 Magistratus
1469 615 1545 661 non
1566 593 1700 664 iudicat
1718 600 1761 666 de
1784 612 1923 683 mente,
1947 603 2008 670 sed
2030 604 2076 674 de
2093 630 2153 676 ex·

1267 691 1378 760 ternis
1392 693 1505 765 factis.

1215 790 1311 882 Ergo
1338 798 1565 886 magistratus
1594 821 1669 867 non
1695 800 1800 871 debet
1830 787 1960 895 punire
1989 829 2150 877 errorem

1266 896 1408 968 mentis.

1264 996 1496 1089 Respondeo:
1523 1002 1688 1072 Concedo
1705 1016 1838 1091 totum,
1862 1009 1945 1101 quia
1961 1006 2151 1104 magistra·

1164 1110 1220 1167 tus
1235 1122 1310 1169 non
1327 1104 1431 1191 punit
1448 1129 1605 1175 errorem
1620 1107 1761 1191 mentis,
1782 1113 1843 1179 sed
1860 1125 2042 1183 externam
2056 1114 2151 1194 blasf

1163 1196 1363 1292 phemiam,
1394 1206 1485 1276 sicut
1503 1221 1732 1301 praeceptum
1754 1225 1805 1281 est
1829 1212 1942 1285 Levit.
1957 1216 2020 1300 24,
2037 1215 2151 1310 (ih).

1163 1304 1262 1375 Sicut
1280 1330 1356 1377 non
1378 1309 1482 1400 punit
1504 1312 1542 1378 in
1566 1323 1684 1382 mente
1708 1314 1849 1399 odium,
1881 1319 1942 1388 sed
1964 1332 2151 1389 externam

1163 1408 1377 1495 laesionem,
1414 1412 1505 1481 sicut
1533 1413 1680 1485 dieitur:
1729 1416 1961 1509 Cogitationis
1991 1445 2152 1514 poenam

1163 1533 1269 1578 nemo
1284 1511 1501 1609 patiturm).

1262 1611 1378 1683 Erant
1400 1616 1618 1709 Noribergae
1642 1618 1812 1710 pictores,
1853 1623 1914 1715 qui
1940 1649 2019 1699 cunr
2040 1620 2152 1698 habe·

1163 1725 1244 1784 rent
1261 1712 1529 1790 enthusiasticas
1548 1720 1735 1811 opiniones
1759 1736 1794 1791 et
1815 1723 2090 1817 imaginationes
2105 1732 2150 1800 de

1163 1816 1327 1888 violentis
1351 1823 1531 1912 raptibus,
1564 1824 1695 1914 passim
1718 1824 1900 1911 dicebant,
1925 1854 1961 1899 se
1985 1834 2150 1903 nondum

1164 1920 1306 1991 credere
1323 1925 1504 2014 symbola,
1528 1928 1592 1997 sed
1611 1940 1794 2024 expectare
1815 1931 1990 2005 violentos
2011 1946 2150 2027 raptus.

1163 2019 1238 2091 Hos
1256 2037 1397 2096 senatus
1412 2027 1513 2098 iussit
1529 2053 1571 2097 cx
1589 2032 1676 2098 urbe
1701 2031 1898 2118 discedere,
1937 2036 2063 2108 nolens
2085 2035 2151 2108 ha·

1163 2124 1246 2192 bere
1273 2126 1365 2198 cives
1385 2131 1603 2226 professione
1625 2133 1765 2224 publica
1790 2151 1977 2228 negantes,
2012 2164 2049 2209 sc
2072 2166 2150 2209 cre-

1164 2227 1247 2295 dere
1271 2232 1451 2322 symbola,
1484 2258 1525 2301 ac
1542 2234 1630 2303 iuste
1648 2236 1732 2305 fecit
1748 2244 1900 2313 senatus.
1951 2240 2026 2316 Etsi
2048 2244 2147 2311 enim

1163 2330 1249 2403 fades
1266 2334 1468 2404 accenditur
1477 2335 1555 2405 Deo
1572 2332 1751 2422 trahente,
1777 2352 1897 2411 tamen
1912 2342 2008 2417 Deus
2024 2347 2147 2414 volen-

1164 2445 1235 2502 tem
1251 2430 1371 2521 trahit,
1399 2451 1434 2505 et
1445 2453 1704 2531 repugnantem
1718 2441 1945 2517 diffidentiae.
1982 2446 2034 2522 Ut
2049 2474 2145 2518 moe-

1164 2530 1249 2604 chus
1275 2538 1432 2628 cogitans
1455 2542 1568 2631 legem
1591 2541 1678 2627 llei,
1718 2546 1821 2615 debet
1841 2561 1876 2620 et
1897 2562 2016 2641 potest
2036 2565 2146 2621 exter-

1163 2662 1251 2707 num
1273 2642 1441 2714 delictum
1465 2645 1648 2729 omittere,
1686 2647 1791 2718 debet
1813 2652 1920 2723 etiam
1942 2654 2067 2725 volens
2088 2681 2145 2747 pe-

1164 2753 1251 2823 tere,
1266 2755 1307 2812 ut
1323 2744 1430 2814 aDeo
1446 2744 1622 2833 trahatur,
1645 2773 1843 2842 repugnare
1859 2754 2058 2847 cupiditati,
2074 2783 2145 2827 non

1163 2845 1349 2914 confirmet
1363 2847 1568 2919 incendium
1582 2850 1818 2943 indulgendo,
1844 2870 1885 2926 ut
1897 2858 2045 2931 dieitur:
2070 2858 2144 2952 lpse

1163 2945 1331 3016 alimenta
1347 2951 1415 3021 sibi
1431 2952 1586 3022 maxima
1611 2956 1758 3050 praebet
1780 2983 1894 3033 amor.
1955 2957 2047 3034 ltem
2066 2963 2144 3058 (Ec

1163 3048 1343 3121 clesiastic.
1360 3054 1396 3135 3,
1410 3054 1508 3150 27.);
1550 3054 1622 3147 Qui
1646 3071 1742 3127 amat
1765 3061 1983 3153 periculum,
2015 3067 2144 3157 peribit

1162 3150 1200 3222 in
1222 3152 1300 3223 illo:
1355 3152 1461 3225 ltem:
1495 3156 1618 3227 Vitare
1636 3174 1777 3251 peccata
1794 3164 1972 3239 estritare
1991 3170 2142 3239 occasio-

1162 3277 1224 3324 nes
1241 3270 1468 3347 peccatorum
1479 3258 1521 3356 ¹).
1561 3260 1617 3329 Sic
1632 3260 1846 3338 Nicodemus
1861 3269 1965 3339 debet
1979 3281 2014 3339 et
2028 3285 2143 3363 potest

1162 3357 1325 3427 omittere
1344 3374 1504 3434 externas
1519 3361 1775 3461 blasphemias,
1808 3381 1842 3438 et
1855 3371 1960 3441 debet
1972 3375 2143 3464 profiteri,

1161 3483 1198 3529 se
1217 3461 1304 3530 velle
1320 3467 1462 3538 credere
1484 3479 1519 3534 et
1535 3479 1674 3559 petere,
1707 3483 1747 3539 ut
1767 3472 1853 3543 fides
1877 3475 2091 3546 accendatur
2111 3493 2143 3549 et

1162 3578 1350 3657 attgeatur,
1374 3582 1514 3639 actone
1538 3572 1660 3643 volens
1682 3569 1853 3656 trahitur,
1886 3574 1975 3651 sicut
1989 3576 2142 3655 Basilius

1160 3665 1294 3765 inquit:
1322 3667 1478 3741 Tantum
1492 3670 1597 3754 velis,
1624 3687 1659 3742 et
1672 3674 1768 3746 Deus
1782 3676 2084 3778 praeoccurrit*),
2107 3698 2141 3754 et

1161 3767 1199 3837 in
1221 3770 1313 3840 libro
1336 3773 1537 3869 Sapientiae
1560 3775 1705 3847 dicitur:
1745 3779 1924 3873 Sapientia
1951 3787 2141 3856 antevertit

1162 3887 1380 3963 expetentem
1397 3875 1494 3970 se2),
1520 3877 1644 3962 idest,
1670 3905 1744 3950 non
1769 3884 1898 3974 cogitet
1921 3911 1956 3955 se
1981 3903 2140 3982 expecta-

1160 3986 1279 4044 turum
1295 4002 1367 4049 esse
1391 3977 1565 4048 violentos
1586 3994 1719 4078 raptus.
1777 3982 1824 4054 Et
1845 4012 1924 4056 cum
1950 3991 2060 4060 verbo
2075 3990 2141 4063 Dei

1159 4101 1196 4148 se
1219 4090 1408 4163 sustentat,
1448 4081 1520 4149 iam
1545 4077 1651 4152 habet
1674 4086 1774 4155 initia
1797 4090 1897 4173 fidei,
1931 4105 1966 4160 et
1987 4094 2084 4164 dicat
2102 4110 2141 4167 ut

1159 4180 1217 4248 ille
1241 4184 1335 4271 apud
1355 4183 1517 4254 Marcum
1534 4183 1586 4278 (9,
1603 4186 1699 4283 24.):
1738 4191 1853 4261 Credo
1873 4193 2049 4282 Domine,
2081 4201 2139 4269 sed

1158 4286 1211 4353 fer
1233 4309 1337 4375 opem
1362 4286 1595 4357 imbecillitati
1617 4317 1728 4363 meae.
1788 4291 1876 4364 ltern
1897 4301 1995 4388 apud
2017 4300 2139 4372 Hiere-

1158 4387 1267 4459 miam
1286 4389 1365 4486 (31,
1383 4389 1475 4484 18.):
1504 4391 1679 4463 Converte
1695 4420 1770 4480 me,
1797 4411 1831 4466 et
1845 4413 2035 4472 convertar
2050 4417 2116 4479 etc.

1358 4577 1587 4671 Quintum.
1609 4601 1932 4675 argumentum.

1206 4715 1371 4787 Assensio
1410 4728 1508 4784 extra
1545 4718 1864 4794 demonstrationes
1891 4740 1927 4794 et
1954 4751 2078 4804 sensus
2099 4757 2138 4804 ac

1257 4817 1444 4912 principia,
1466 4843 1541 4887 non
1554 4834 1670 4914 potest
1685 4837 1828 4895 externa
1844 4828 2028 4902 coactione
2041 4860 2138 4906 men-

1192 5020 1255 5077 100)
1274 5019 1340 5071 cum
1352 5022 1403 5072 tuoe
1416 5023 1524 5085 utptant
1541 5023 1612 5074 dtcto
1630 5029 1700 5077 cent.
1718 5032 1903 5092 prosecutum:
1922 5029 2065 5091 &naua
2084 5033 2138 5103 fiat

1224 5084 1344 5152 petiisti,
1361 5097 1388 5140 et
1405 5092 1522 5156 stultia,
1541 5107 1609 5155 qaae
1626 5098 1653 5146 J.
1671 5098 1808 5149 Etseteto:
1827 5101 1870 5151 dle
1888 5106 2096 5165 speruit-actes
2114 5125 2136 5160 a.

1226 5157 1379 5208 sintneoen
1397 5161 1445 5209 des
1464 5161 1609 5211 deutschen
1628 5165 1718 5215 votes
1737 5183 1760 5229 p.
1774 5169 1832 5219 218.
1850 5171 1939 5223 affert.

1192 5242 1222 5300 1)
1240 5241 1318 5292 cont.
1335 5241 1512 5295 Proverttnn
1531 5252 1669 5302 nostran:
1696 5248 1871 5337 betrentot
1888 5257 1973 5325 mot
1989 5258 2108 5319 Dicte..

1190 5325 1224 5383 ¹⁸)
1243 5326 1320 5376 Gorrt.
1339 5339 1425 5390 supra
1442 5343 1468 5390 p.
1481 5330 1539 5380 19³.

1189 5411 1221 5471 2)
1239 5413 1318 5464 cont.
1336 5418 1400 5477 sap.
1414 5414 1440 5479 ⁷,
1461 5415 1499 5466 tt.
