4544 5766
197 182 272 263 219

300 352 393 426 siin
416 353 594 436 numeris,
633 351 894 438 contractibus,
932 353 1072 427 iudiciis
1092 356 1183 427 falsa

300 457 536 538 misceantur,
561 455 635 523 vita
660 457 838 529 t'urbatur.

250 557 455 630 Necessaria
473 571 524 628 est
539 557 648 647 igitur
665 557 811 629 veritas.

289 678 356 746 Hic
373 677 562 768 praecipue
578 678 773 767 repetenda
784 689 838 748 est
847 675 1059 759 admonitio,
1074 699 1184 770 qnam

200 803 304 873 saepe
320 781 552 849 inculcamus.
591 777 676 847 Ideo
686 780 782 850 Deus
796 780 919 870 generi
935 775 1095 849 humano
1113 777 1185 846 vir·

199 895 317 952 tutum
338 882 580 972 cognitionem
608 882 775 965 tradidit,
805 895 846 951 ut
868 883 1028 965 doceret,
1068 880 1185 975 qualis

200 987 246 1052 sit
264 984 357 1075 ipse,
392 983 477 1077 quia
500 985 577 1053 vult
599 998 741 1054 nostras
764 996 902 1054 mentes
926 998 961 1052 et
981 985 1184 1054 voluntates

200 1112 280 1155 cnm
293 1112 357 1156 sua
376 1111 583 1177 congruere,
597 1087 694 1155 iubet
710 1111 776 1156 nos
797 1111 870 1156 esse
891 1111 1047 1169 veraces,
1068 1099 1109 1157 ut
1126 1087 1185 1154 fir-

199 1188 355 1258 missime
378 1201 577 1258 statuamus
600 1191 717 1281 ipsum
739 1213 903 1258 veracem
926 1214 1020 1272 esse,
1052 1200 1087 1258 et
1110 1188 1185 1257 eius

200 1315 403 1362 sermonem
416 1315 492 1360 non
513 1315 586 1362 esse
607 1292 837 1383 praestigias,
862 1292 922 1359 vel
937 1291 1185 1381 ambiguitates

201 1393 332 1464 offusas
347 1390 571 1477 hominibus,
597 1407 771 1488 tanquam
786 1419 934 1485 pomum
949 1393 1097 1476 Endos,
1124 1406 1186 1461 aut

200 1492 378 1588 Sphingos
396 1496 620 1586 aenigmata,
644 1521 710 1566 nec
726 1497 842 1566 minas
859 1496 928 1566 Dei
942 1497 1065 1566 inania
1081 1495 1186 1563 terri-

201 1600 403 1668 culamenta
424 1624 518 1681 esse,
543 1622 609 1667 nec
625 1598 879 1689 promissiones
902 1600 1027 1684 editas,
1045 1612 1085 1668 ut
1100 1597 1185 1668 stul·

201 1716 257 1771 tos
274 1726 421 1795 quoquo
445 1705 553 1769 modo
577 1701 741 1771 invitent.
801 1702 871 1773 Sed
893 1727 963 1771 vox
985 1704 1067 1785 illa,
1093 1724 1185 1793 quae

201 1816 297 1873 extat
321 1806 417 1895 apud
440 1802 615 1887 Paulum,
649 1804 800 1873 immota
824 1818 876 1875 est
903 1804 1027 1900 (Rom.
1048 1804 1092 1887 δ,
1115 1800 1185 1897 4.):

200 1905 265 1978 Est
281 1920 401 1975 autem
417 1904 514 1974 Deus
530 1929 652 1976 verax.

304 2025 400 2093 Haec
426 2024 604 2094 sententia
637 2027 847 2094 confirmata
870 2025 910 2094 in
933 2024 1079 2107 animis,
1116 2023 1187 2092 exi·

202 2140 300 2198 stunt
314 2152 379 2196 suo
397 2127 542 2210 ordine,
568 2127 678 2195 timor
694 2128 762 2197 Dei
783 2141 818 2196 ει
838 2131 944 2211 fides,
969 2153 1032 2199 seu
1047 2126 1188 2207 fiducia,

203 2243 238 2300 ει
259 2254 339 2321 spes
363 2230 501 2300 veniae.
566 2228 685 2299 David
707 2243 803 2299 certo
824 2231 951 2300 metuit
971 2244 1006 2299 et
1027 2239 1188 2326 expectat

202 2356 337 2424 poenas
351 2356 417 2422 pro
434 2331 630 2416 adulterio,
657 2335 718 2403 sed
742 2334 806 2402 scit
827 2335 959 2423 gradus
978 2333 1187 2401 constitutos

204 2461 277 2505 esse
303 2434 444 2503 timoris
467 2448 501 2503 et
519 2434 621 2518 fidei,
653 2435 750 2505 iuxta
776 2436 864 2506 illud
891 2435 1015 2530 (Rom.
1031 2431 1068 2518 5,
1090 2431 1187 2527 20.):

203 2537 330 2608 Gratia
353 2538 523 2607 exuberat
536 2561 644 2628 supra
663 2539 841 2609 delictum.
894 2538 990 2608 Petit
1004 2538 1113 2627 igitur
1130 2559 1189 2603 ve-

202 2642 322 2722 niam,
349 2653 384 2708 et
401 2640 469 2709 'scit
491 2640 602 2731 recipi
625 2654 805 2732 petentes,
830 2655 865 2710 et
881 2640 1075 2733 impetrare
1091 2638 1188 2708 miti·

203 2743 382 2835 gationem
399 2766 611 2834 poenarum.

306 2876 398 2944 Hinc
415 2877 522 2945 etiam
537 2878 764 2947 statuendum
779 2890 814 2946 et
832 2879 1106 2949 asseverandum
1126 2888 1189 2958 est,

195 2976 285 3047 'cum
302 2976 399 3048 Deus
421 2977 467 3046 sit
488 3003 615 3062 verax,
639 3003 872 3071 nequaquam
897 2981 936 3048 in
950 2980 1028 3049 Deo
1053 3002 1189 3071 ponen-

206 3081 270 3150 das
295 3104 368 3151 esse
396 3080 690 3150 contradictorias
715 3081 926 3153 voluntates.
992 3080 1188 3177 Promissio

206 3197 259 3253 est
274 3182 506 3266 universalis,
530 3207 622 3275 quae
646 3184 820 3266 affirmat,
847 3208 971 3255 omnes
996 3183 1189 3254 anddia·

207 3297 323 3354 torem
352 3284 593 3376 confugientes
617 3284 740 3377 recipi.
811 3285 1049 3382 Nequaquam
1081 3288 1191 3378 igitur

208 3387 477 3480 imaginandum
498 3401 567 3472 est,
593 3389 690 3482 quod
715 3389 760 3456 ad
784 3389 1004 3459 voluntatem
1019 3389 1087 3458 Dei
1110 3388 1191 3459 atti-

207 3504 287 3575 net,
319 3490 416 3561 forts
443 3491 564 3559 offerri
600 3492 763 3561 omnibus
796 3492 960 3578 veniam,
1004 3495 1066 3565 sed
1095 3493 1190 3561 intus

208 3592 316 3663 aliam
335 3593 555 3663 voluntatem
572 3593 744 3664 inclusam
761 3619 852 3678 esse,
879 3620 971 3690 quae
991 3597 1084 3666 nolit
1104 3594 1191 3663 reci-

208 3720 293 3789 pere
317 3695 455 3789 aliquos
479 3697 719 3787 confugientes
742 3699 787 3765 ad
809 3697 1059 3770 Mediatorem.
1122 3698 1191 3767 Sed

208 3798 409 3869 firmissime
430 3799 658 3867 statuendum
683 3811 753 3881 est,
786 3823 866 3868 cum
887 3800 985 3870 Deus
1004 3803 1051 3871 sit
1070 3824 1191 3884 verax,

210 3925 290 3970 eam
313 3900 427 3970 solam
445 3925 518 3970 csse
544 3902 765 3970 voluntatem
791 3900 877 3986 Dei,
905 3926 1013 3996 quam
1038 3902 1193 3972 ostendit

210 4005 248 4072 in
265 4027 429 4095 expresso
447 4004 577 4087 verbo,
604 4026 680 4071 non
695 4029 769 4073 esse
782 4004 821 4073 in
839 4029 880 4074 εο
897 4004 1193 4075 contradictorias

205 4108 428 4177 voluntates..

312 4241 459 4311 Vicinae
481 4254 565 4312 sunt
583 4241 731 4312 virtutes
747 4241 906 4328 veritati,
934 4245 1131 4314 constantia
1155 4244 1193 4313 in

211 4369 295 4415 vera
308 4346 501 4428 sententia,
528 4370 618 4438 quae
635 4341 726 4413 nihil
740 4345 837 4416 aliud
853 4361 922 4431 cst,
948 4347 1018 4416 nisi
1032 4371 1193 4441 perseve-

211 4449 329 4517 rantia
344 4447 383 4517 in
398 4447 566 4530 veritate,
594 4448 677 4543 quia
700 4451 897 4519 constantia
919 4449 957 4519 in
983 4451 1096 4521 causis
1117 4474 1193 4519 non

211 4549 325 4632 veris,
352 4561 404 4617 est
427 4549 541 4639 turpis
564 4563 598 4619 ει
620 4550 766 4622 exitiosa
798 4553 1012 4644 pertinacia,
1046 4554 1089 4622 de
1123 4577 1192 4646 qua

210 4652 358 4723 dicitur:
392 4648 524 4722 Errare
541 4647 737 4725 humanum
755 4668 824 4740 est,
847 4679 1073 4747 perseverare
1088 4657 1125 4723 in
1141 4681 1194 4725 er-

212 4779 314 4838 rore,
340 4753 556 4822 diabolicum
573 4765 635 4822 est.
675 4755 739 4826 Est
752 4771 788 4843 ει
802 4761 937 4828 candor
950 4757 1062 4829 virtus
1077 4759 1192 4827 vicina

212 4857 373 4941 veritati,
400 4855 535 4977 aliquid
550 4855 685 4926 leniens
700 4858 738 4926 in
759 4859 1071 4956 interpretatione,
1097 4864 1193 4955 quod

211 4963 269 5030 vel
290 4960 508 5051 improprie,
541 4958 597 5027 vel
618 4953 799 5031 horridius
821 4963 954 5036 dictum
976 4978 1040 5036 cst.
1097 4964 1195 5035 Sicut

212 5059 381 5137 ἐπιείκεια
398 5074 449 5131 εει
464 5059 582 5130 vicina
604 5060 779 5148 iustitiae,
805 5089 984 5138 summurn
1001 5066 1055 5138 ius
1069 5092 1131 5138 seu
1146 5067 1194 5136 ri·

211 5190 333 5260 gorem
350 5162 407 5260 (ut
421 5162 566 5259 vocant)
582 5166 707 5236 tuenti.
758 5165 1120 5259 Comprehenduntur
1133 5193 1194 5241 au-

202 5283 290 5341 tem
303 5267 503 5337 constantia
528 5281 563 5337 ct
584 5270 719 5339 candor
741 5273 863 5340 eadem
880 5273 1195 5357 demonstratione,

208 5397 281 5468 qur
296 5369 425 5443 raritas
442 5370 671 5462 praecipitur.

464 177 666 254 SCRIPTA
688 178 765 252 PH.
790 177 912 255 MEL-
928 177 997 255 tn
1021 178 1231 258 E'l'HlCllN
1255 180 1322 259 ΕΤ
1345 184 1602 263 mnata
1619 183 1940 264 ‚naucratim
2136 192 2214 271 220

1286 398 1291 424 .
1311 414 1315 423 .
1334 359 1392 430 Sic
1407 362 1454 434 ad
1468 360 1637 433 iustitiam
1652 365 1853 436 reserantur
1865 362 2107 448 beneficentia,
2129 363 2219 436 libe·

1233 461 1376 547 ralitas‚
1409 463 1673 549 misericordia,
1710 467 1890 557 gratitudo
1913 479 1948 536 ct
1970 467 2218 560 temperantia.

1233 563 1326 635 Nam
1343 566 1593 650 beneficentia,
1616 568 1823 651 liberalitas,
1847 569 2107 653 misericordia,
2130 569 2218 638 vici-

1232 691 1299 735 nae
1313 682 1396 739 sunt
1408 668 1577 740 institiae.
1616 669 1693 740 Etsi
1708 672 1802 741 enim
1820 674 1908 742 dant
1922 673 2119 746 indebitum
2134 697 2218 764 pero.

1234 794 1363 855 sonae,
1385 784 1507 841 tamen
1521 774 1610 841 dant
1625 772 1782 843 debiturn
1799 775 1944 864 speciei,
1968 775 2006 844 id
2023 788 2094 858 est,
2120 799 2218 844 curn·

1233 872 1337 941 muni
1354 873 1545 957 societati„
1568 876 1756 968 quaeriue
1779 877 2030 961 beneficentia,
2061 878 2221 950 liberali·

1234 987 1306 1043 tate
1329 988 1365 1043 et
1384 975 1629 1047 misericordia
1647 1002 1722 1050 non
1733 991 1858 1071 potest
1881 981 2096 1052 conservari.
2148 981 2220 1050 Sed

1234 1079 1348 1146 multo
1363 1078 1534 1151 illustrius
1549 1092 1601 1149 est
1614 1080 1751 1166 dicere,
1769 1084 1859 1151 dare
1877 1106 1936 1153 eas
1951 1083 2110 1157 debitum
2124 1083 2223 1168 Deo,

1236 1181 1319 1272 quia
1328 1180 1425 1251 Deus
1439 1183 1516 1250 vult
1530 1182 1679 1273 intelligi
1696 1179 1760 1253 has
1776 1184 1935 1268 virtutes,
1961 1211 2055 1279 quae
2068 1187 2221 1279 propius

1236 1284 1281 1351 ad
1302 1283 1499 1352 bonitatem
1522 1287 1712 1368 accedunt,
1738 1298 1779 1354 ιιι
1802 1287 1954 1357 sciamus
1974 1291 2094 1379 ipsum
2109 1290 2221 1367 talem

1236 1409 1328 1468 esse,
1362 1386 1452 1456 sicut
1473 1387 1643 1478 scriptum
1667 1401 1719 1458 est
1739 1386 2036 1485 (lacob.2,18.):
2077 1391 2220 1462 Miseri·

1236 1488 1356 1557 cordia
1371 1501 1530 1579 xsuperat
1553 1490 1745 1574 iudicium,
1782 1491 1820 1560 id
1843 1505 1912 1578 cst,
1943 1494 2100 1584 rigorem
2117 1495 2223 1569 iuris.

1235 1588 1323 1660 ltem
1341 1588 1443 1683 (Luc.
1453 1592 1488 1674 6,
1503 1591 1598 1687 37.)
1619 1592 1822 1678 Remittite,
1843 1610 1878 1664 ει
1891 1597 2091 1671 remittetur
2106 1597 2223 1671 vobis.

1337 1692 1385 1761 Et
1406 1693 1604 1786 amplitudo
1626 1695 1889 1768 misericordiae
1913 1699 2044 1769 illustri
2063 1700 2222 1792 imagine

1237 1795 1446 1866 describitur
1462 1793 1606 1890 (Matth.
1625 1800 1683 1881 18,
1699 1797 1893 1896 23-35.)
1910 1801 1948 1870 in
1962 1804 2130 1887 domino,
2158 1803 2223 1897 qui

1237 1897 1386 1966 remittit
1407 1924 1510 1968 servo
1532 1897 1656 1990 ingens
1684 1900 1862 1987 debitum,
1900 1917 1935 1972 et
1962 1919 2084 1996 postea
2116 1906 2224 1997 punit

1238 2025 1380 2070 servum
1401 2025 1476 2069 non
1496 2002 1756 2086 remittentem,
1777 2018 1818 2075 ut
1831 2007 2088 2097 intelligamus,
2112 2022 2149 2077 ει
2163 2033 2223 2080 ex·

1238 2104 1363 2180 cellere
1386 2104 1425 2171 in
1447 2103 1524 2194 ipso
1546 2106 1828 2175 misericordiam
1862 2122 1897 2176 et
1925 2109 2014 2177 velle
2046 2136 2149 2196 enm,
2181 2124 2223 2182 ut

1237 2230 1304 2275 nos
1332 2230 1474 2299 quoque
1496 2207 1778 2277 misericordiam
1807 2224 1954 2302 propter
1980 2211 2096 2304 ipsum
2124 2240 2224 2286 exer-

1239 2332 1399 2391 ceamus,
1425 2312 1631 2399 praesertim
1648 2336 1727 2381 cum
1745 2312 1783 2380 in
1797 2314 1928 2383 nostris
1945 2315 2068 2386 officiis
2083 2318 2225 2390 miseri·

1239 2410 1381 2479 cordiae
1414 2410 1499 2479 velit
1532 2437 1605 2482 esse
1635 2414 1852 2506 agnitionem
1873 2431 2079 2488 nostrorum
2098 2445 2225 2514 pecca·

1240 2527 1380 2598 torum,
1421 2527 1456 2582 et
1487 2515 1627 2584 divinae
1661 2519 1952 2603 condonationis,
2002 2518 2100 2591 iuxta
2134 2525 2224 2594 illud

1241 2612 1386 2710 (Matth.
1402 2612 1438 2698 5,
1456 2615 1526 2711 7.):
1561 2619 1664 2688 Beati
1685 2621 1951 2706 misericordes,
1978 2624 2061 2717 quia
2083 2626 2224 2696 miseri·

1241 2718 1398 2787 cordiam
1434 2737 1708 2815 consequentur.
1775 2721 1862 2792 ltem
1897 2724 2142 2799 Nazianzenus
2155 2729 2223 2820 ¹¹):

1240 2824 1270 2893 ei
1284 2816 1324 2893 δὲ
1338 2816 1443 2901 οἶδας
1456 2820 1583 2916 ὄφλων
1597 2822 1659 2896 καὶ
1675 2817 1886 2918 πρόχρησον
1899 2824 1942 2900 τὸ
1957 2833 2092 2926 πρᾷον,
2110 2833 2225 2930 οἴκτῳ

1239 2920 1314 3021 γὰρ
1330 2923 1450 3003 οἴκτος
1461 2921 1524 2995 καὶ
1540 2926 1620 3021 θεῷ
1636 2924 1892 3017 σταθμίζεται.

1340 3024 1514 3118 Reliquae
1543 3030 1865 3100 demonstrationes
1895 3032 2103 3124 perspicuae
2127 3048 2225 3120 sunt,

1240 3138 1280 3196 ut
1294 3129 1338 3195 de
1355 3128 1571 3217 gratitudine
1590 3132 1683 3202 inter
1700 3129 1876 3203 homines.

1289 3229 1492 3400 Neplessaria
1525 3246 1577 3301 est
1607 3236 1820 3329 aequalitas,
1862 3250 1901 3306 ιιι
1930 3250 2227 3331 servetur-genus

1370 3356 1553 3405 umanum.

1290 3432 1437 3504 Sublata
1453 3438 1688 3527 gratitudine,
1714 3441 1850 3510 tollitur
1868 3437 2075 3536 aequalitas.

1290 3534 1386 3628 Ergo
1400 3541 1595 3610 neccssaria
1613 3554 1665 3612 est
1680 3544 1871 3635 gratitudo.

1666 3691 1792 3763 ltem:

1290 3811 1496 3888 Necessaria
1511 3811 1690 3904 copulatio
1708 3826 1759 3881 est
1778 3838 1901 3883 causae
1919 3828 1954 3884 ει
1969 3815 2125 3888 effectus.
2156 3906 2159 3911 ,
2203 3900 2208 3913 Ι

1293 3918 1524 3998 Benefactor,
1550 3928 1591 3985 ut
1604 3915 1700 3984 Deus
1714 3915 1770 3984 vel
1785 3911 1914 4002 homo,
1941 3931 1993 3990 est
2009 3944 2115 3989 causa
2133 3904 2223 3990 salii.

1345 4011 1390 4090 tis
1410 4017 1523 4088 alteri.
1749 4016 1752 4022 ’
1963 4008 1968 4015 ’
2197 4107 2220 4117 ..
2243 4037 2244 4041 ¹

1290 4120 1387 4223 Ergo
1418 4132 1577 4191 servatus
1607 4119 1711 4188 debet
1741 4146 1930 4214 agnoscere
1961 4121 2060 4192 illam
2083 4122 2224 4228 coptda3

1345 4224 1493 4294 tionem.
2090 4220 2095 4229 '

1347 4326 1393 4397 Et
1415 4325 1531 4398 sanxit
1544 4319 1642 4395 Deus
1664 4322 1757 4393 inter
1775 4319 1939 4396 homines
1959 4304 2224 4423 gratitudinem,

1245 4441 1285 4499 ut
1301 4453 1532 4520 agnoscamus
1548 4428 1616 4520 ipsi
1631 4454 1774 4521 quoque
1789 4428 1909 4497 deberi
1923 4428 2190 4520 gratitudinem.

1491 4564 1580 4635 ..De
1604 4561 1950 4657 ²Temperantia:

1295 4686 1423 4759 Omnis
1433 4700 1563 4757 natura
1581 4698 1633 4755 est
1649 4687 1890 4756 conservatrix
1907 4688 1963 4758 sui
1977 4702 2076 4760 recto
2088 4689 2227 4763 ordine.

1297 4790 1549 4882 Temperantia
1563 4781 1683 4859 servat
1700 4789 1909 4860 animantia.

1295 4894 1391 4984 Ergo
1407 4906 1459 4962 est
1475 4892 1694 4962 necessaria.
2195 4944 2199 4951 -

1346 4995 1521 5066 Sedulitas
1543 4995 1651 5063 etiam
1675 4996 1721 5061 ad
1743 4992 1913 5062 iustitiam
1937 4994 2111 5084 pertinet,
2134 5019 2228 5088 quae

1246 5110 1298 5169 est
1311 5099 1423 5169 virtus
1437 5111 1621 5191 praestans
1634 5096 1852 5186 diligentiam
1870 5097 1907 5164 in
1925 5097 2052 5167 officio.
2101 5096 2230 5187 Extre-

1245 5224 1304 5270 ma
1329 5215 1429 5286 sunt,
1461 5200 1602 5294 ignavia
1628 5212 1663 5266 ει
1682 5196 2037 5306 πολεπραγμοσύνη.
2093 5198 2230 5277 Paulus

1281 5401 1330 5469 ιι)
1349 5404 1500 5471 Gregortar
1518 5399 1722 5463 Nazianzenus.
