4544 5766
103 178 207 253 usa
317 176 406 248 uu
456 177 741 251 cammaro
773 175 1034 251 omrronrs
1067 174 1319 249 crennonrs
1351 176 1452 249 eno
1483 176 1660 251 roscio
1692 179 1926 254 amomo.
2033 182 2140 257 mss

209 348 322 441 513.
347 344 534 446 ammas]
558 350 798 442 Amplificatio
816 353 958 423 sceleris
974 355 1100 422 adver·
1123 411 1126 445 ,
1152 351 1231 420 eine
1241 350 1370 420 Tonne
1378 351 1512 440 goldes,
1539 366 1708 423 emuntur
1721 357 1862 426 duobus
1876 355 2046 437 millibus,
2074 352 2141 425 hoc

103 455 296 526 sariorum.
1122 450 1126 511 l
1151 465 1213 535 θεῖ,
1231 454 1371 523 duobus
1387 454 1570 536 sestertiis,
1587 451 1655 526 hoc
1670 470 1733 540 est,
1750 455 1800 528 50
1815 457 1973 528 florenis.
2050 462 2143 529 Haec

210 557 297 647 Cap.
318 553 377 626 Vl.
419 552 528 645 515.
567 560 698 628 Sextus
718 560 876 650 Roscius]
915 555 1098 637 Narratio,
1122 517 1127 669 Ι
1150 557 1278 647 omnia]
1302 553 1494 627 Excusatio
1512 557 1640 650 Syllae.

105 684 197 754 quae
215 654 324 727 habet
348 657 605 750 expositionem
629 660 732 742 facti,
763 673 813 728 est
838 660 941 728 valde
962 657 1125 751 perspi·
1254 654 1285 747 5
1298 664 1359 733 22.
1385 663 1589 752 Praeparat]
1617 663 1653 731 id
1671 675 1743 744 est,
1770 674 1822 732 est
1838 659 2141 754 occupatissimus,

106 788 193 844 cua,
221 774 256 831 et
272 763 437 851 superior
452 761 551 831 locus
566 786 706 852 semper
718 758 826 830 habet
848 764 984 831 semina
1011 762 1098 829 infe·
1121 765 1125 881 Ξ
1150 761 1213 853 qui
1227 786 1320 831 unus
1336 763 1510 853 gubernet
1528 766 1662 832 omnia.
1738 767 1911 858 Spectant]
1939 765 1974 835 id
1989 774 2060 845 est,
2087 762 2141 830 in-

104 865 224 934 rioris.
301 866 497 957 Municeps]
525 864 628 934 Cives
643 866 829 947 dicuntur,
857 865 919 958 qui
942 862 1098 935 honores
1121 884 1125 929 ι
1149 876 1327 936 tueantur.
1379 864 1436 934 Sic
1453 879 1635 936 construe:
1670 866 1794 961 Neque
1817 869 1912 936 enim
1937 865 2084 947 mirum,
2109 865 2140 934 si

104 981 139 1038 et
163 991 277 1036 onera
299 967 405 1037 simul
429 967 585 1056 capiunt.
650 968 868 1060 Municipes,
904 968 966 1061 qui
991 967 1097 1036 simul
1121 944 1124 1067 ἰ
1149 967 1306 1060 aliquid,
1345 982 1411 1038 etc.
1513 971 1767 1064 Simulatque]
1810 967 1888 1062 ἅμα
1918 966 1982 1041 καὶ
2003 967 2139 1036 Graece

104 1070 252 1162 capiunt
276 1070 418 1151 munia,
451 1072 607 1138 sednon
630 1067 805 1152 honores,
840 1066 908 1139 hoc
932 1082 1003 1153 est,
1034 1068 1097 1163 qui
1120 1082 1123 1123 ἰ
1149 1070 1361 1140 dictumest.
1439 1073 1664 1163 Despeaerit]
1689 1073 1724 1140 id
1749 1086 1818 1154 est,
1845 1097 1920 1141 non
1937 1071 2140 1141 considera·

103 1174 211 1244 simul
228 1171 393 1243 militant.
452 1172 567 1253 Socii,
594 1175 657 1266 qni
676 1177 819 1243 loedere
841 1186 924 1243 sunt
947 1174 1095 1242 coniun-
1120 1150 1124 1263 i
1148 1174 1259 1255 verit,
1284 1197 1359 1241 non
1376 1175 1561 1266 aspexerit.
1636 1178 1796 1268 Seruum]
1820 1175 1936 1265 Vulgo
1956 1174 2049 1242 enim
2070 1172 2141 1240 dici

104 1277 162 1346 cti.
215 1273 430 1365 vectigales,
458 1275 519 1367 qui
535 1299 651 1368 neque
668 1272 867 1358 honorum,
891 1299 1007 1370 neque
1028 1275 1095 1343 mi·
1120 1266 1123 1333 l
1148 1277 1255 1346 solet:
1284 1276 1383 1366 Quot
1399 1277 1512 1358 servi,
1540 1291 1594 1346 tot
1610 1273 1797 1372 hostesffl).

103 1380 201 1448 litiae
218 1377 407 1471 participes
425 1391 527 1461 sunt,
552 1381 613 1448 sed
629 1382 788 1470 pendent
802 1381 946 1450 tributa.
1009 1374 1123 1465 Mu]
1251 1375 1281 1469 5.
1300 1380 1361 1451 23.
1397 1381 1567 1471 Optimus]
1598 1376 1730 1449 leonia.
1812 1380 1983 1470 Insciens]
2016 1379 2139 1457 idest,

105 1474 239 1576 niceps]
273 1482 402 1563 idest,
444 1480 573 1573 aliquis
597 1481 636 1549 in
657 1482 867 1574 municipio.
952 1476 1094 1576 Gratia]
1119 1468 1123 1553 f
1147 1483 1338 1571 superbus,
1365 1484 1642 1553 contumeliosus
1659 1482 1698 1551 in
1715 1482 1808 1553 cives
1823 1506 1918 1552 siros.

103 1584 167 1655 l‘st
182 1582 393 1673 significatio
414 1582 646 1654 reverentiae.
1119 1572 1122 1659 Ξ
1250 1584 1336 1674 Cap.
1351 1580 1409 1654 lx,
1438 1582 1469 1675 5.
1485 1584 1547 1658 24.
1574 1587 1692 1677 Mors]
1717 1578 1853 1666 πάθος.

210 1682 321 1775 516.
362 1681 448 1782 Hic]
485 1687 616 1756 scilicet
639 1688 843 1756 interiectus
875 1701 926 1756 est
954 1698 1123 1769 tantum,
1252 1683 1282 1777 5.
1298 1682 1360 1760 25.
1384 1691 1631 1780 Decurionum]
1658 1686 1879 1757 Decuriones
1901 1699 1984 1756 sunt
2008 1683 2139 1775 princi-

105 1789 256 1870 scelere‚
283 1813 357 1858 non
371 1802 519 1879 propter
533 1789 679 1860 bellum.
760 1785 939 1885 llamultu]
964 1789 1097 1858 scilicet
1120 1774 1123 1851 l
1147 1814 1209 1880 pes
1226 1789 1264 1858 in
1278 1788 1494 1881 municipiis.
1545 1788 1587 1858 ln
1602 1793 1680 1860 iure
1699 1803 1832 1859 vocant
1853 1788 2064 1859 decuriones
2087 1809 2140 1855 se·

105 1892 253 1985 Syllano
282 1905 317 1960 θῖ
350 1891 529 1961 Mariano.
619 1889 939 1990 Proscrilerentur]
975 1891 1097 1972 idest,
1119 1866 1123 1965 i
1147 1904 1311 1976 natores‚
1337 1886 1556 1963 Rahtherrn.
1619 1895 1790 1963 Consules
1806 1893 1844 1962 in
1859 1890 1980 1985 parvis
1999 1887 2140 1980 oppidis

105 1996 319 2064 eiicerentur
335 1995 373 2061 in
390 1994 546 2063 exilium.
599 1995 695 2063 Haec
711 1996 815 2077 dicit,
841 2009 881 2065 ut
898 1996 1024 2065 reddat
1044 2018 1097 2064 se·
1120 1988 1123 2045 i
1148 1997 1371 2066 vocabantur
1394 1995 1586 2067 duumviri.
1661 1998 1891 2088 imprudente]
1918 1995 2051 2075 idest,
2086 1990 2141 2059 in-

105 2094 250 2192 quentia
269 2097 489 2166 verisimilia.
1120 2082 1241 2187 {scio,
1276 2100 1465 2168 nesciente.
1526 2099 1621 2166 Haec
1645 2100 1749 2181 dicit,
1784 2124 1829 2167 ne
1852 2101 2016 2166 videatur
2040 2118 2141 2162 :accu-

209 2195 318 2287 517.
346 2196 456 2296 Quas]
483 2199 573 2292 Quis
590 2200 710 2269 fecerit
725 2200 830 2270 istam
847 2202 1005 2281 caedam,
1032 2198 1098 2266 sci·
1120 2194 1124 2279 i
1148 2225 1227 2269 sare
1242 2200 1397 2293 Syllam,
1425 2202 1603 2289 ctreddat
1625 2203 1732 2271 etiam
1758 2226 1901 2270 cansam
1922 2197 2142 2292 probabilio-

106 2304 187 2370 licet
203 2300 307 2370 Titus
321 2300 481 2372 Roscius.
559 2308 675 2398 Neque
695 2299 807 2400 enirn]
833 2301 905 2372 Res
931 2300 1097 2383 ostendit,
1121 2314 1124 2391 g
1149 2327 1237 2372 rem.
1314 2306 1464 2396 Allepat]
1498 2305 1534 2373 id
1562 2318 1634 2387 θεῖ,
1668 2304 1778 2373 mittit
1800 2307 1846 2374 ad
1871 2329 1950 2385 eos,
1985 2296 2142 2371 schicket

106 2429 217 2498 quam
250 2405 374 2471 acerbe
407 2405 511 2474 istum
554 2405 690 2486 oderit,
732 2406 816 2498 quia
848 2404 936 2474 alter
969 2402 1099 2474 occidit
1121 2400 1125 2475 ἶ
1148 2408 1198 2475 εἰθ
1217 2401 1397 2475 zuihnen.

106 2532 201 2576 enm.
292 2504 510 2604 Polmarum]
551 2508 588 2575 id
625 2521 697 2587 est,
745 2510 877 2577 multos
912 2500 1124 2605 interiecit}
1253 2504 1361 2597 526.
1387 2510 1548 2601 Antiqui]
1576 2506 1692 2589 idest,
1719 2509 1819 2591 boni,
1846 2507 2141 2578 nondumassue·

105 2603 319 2700 Metaphora
351 2622 419 2693 est,
459 2634 528 2704 qua
559 2611 636 2680 vrrlt
663 2610 861 2701 significare
887 2636 968 2680 eum
992 2609 1098 2678 luisse
1121 2614 1124 2651 ³
1148 2612 1233 2679 lacti
1257 2613 1303 2680 ad
1323 2611 1539 2691 fallendum,
1566 2612 1609 2679 ad
1627 2613 1824 2680 mendacia.
1905 2607 2142 2698 Gonfimoret]

106 2711 287 2782 sicarium.
331 2711 458 2781 Palma
476 2713 544 2782 luit
558 2714 697 2803 signum
716 2713 898 2783 victoriae.
939 2711 1098 2793 Lanista,
1121 2656 1125 2801 1
1150 2714 1185 2781 id
1211 2726 1280 2796 θεῖ,
1315 2714 1551 2805 promitteret.
1638 2716 1793 2805 Tabulis]
1827 2713 1862 2781 id
1888 2725 1956 2794 θεῖ,
1988 2707 2142 2801 proscri-

107 2816 169 2909 qui
196 2813 405 2883 instituebat
426 2816 651 2906 gladiatores.
729 2817 832 2909 Eum]
857 2817 893 2885 id
916 2830 986 2899 est,
1014 2814 1099 2883 alte·
1122 2818 1125 2899 ζ
1150 2816 1328 2908 ptionum.
1431 2819 1587 2908 inorata]
1630 2815 1666 2883 id
1701 2830 1771 2899 θεῖ,
1812 2839 1887 2883 non
1921 2813 2058 2905 perlata
2096 2810 2142 2879 ad

107 2944 187 2988 rum
210 2915 393 2987 Roscium.
497 2921 667 3011 Pupnom]
705 2917 838 3001 idest,
876 2932 958 2987 ante
989 2917 1099 2986 inter·
1121 2926 1125 3009 ξ
1150 2919 1296 3013 Syllam.

106 3024 238 3090 fectum
252 3017 435 3089 Roscium.
511 3022 709 3112 Supernuit]
736 3022 867 3104 idest,
898 3034 949 3091 est
969 3020 1125 3109 meliori
1253 3021 1339 3114 Cap.
1372 3020 1415 3089 X.
1456 3017 1486 3110 5.
1517 3020 1579 3093 27.
1626 3021 1783 3111 Nepotis]
1830 3019 1962 3090 scilicet
1993 3015 2140 3086 Metelli.

107 3123 272 3205 sicorim,
299 3146 408 3215 quam
424 3147 508 3193 suus
521 3124 710 3214 magister,
740 3125 842 3217 quasi
863 3124 975 3193 dicat:
1003 3137 1099 3192 uter·
1122 3130 1125 3179 Ι
1150 3129 1316 3211 Honoris]
1350 3123 1468 3192 meine
1493 3122 1641 3213 gnedige
1665 3120 1807 3192 Frawe.
1901 3118 2069 3211 Muliere]
2105 3117 2141 3187 id

109 3251 178 3320 qne
197 3238 250 3294 θεῖ
262 3223 420 3295 sicarius.
1151 3240 1214 3311 est,
1240 3227 1336 3296 illam
1353 3226 1458 3295 fidem
1475 3226 1589 3295 voluit
1602 3227 1709 3294 etiam
1723 3238 1903 3319 praestare
1922 3223 2007 3306 filio,
2032 3245 2140 3316 quam

213 3323 320 3417 518.
347 3327 461 3418 Hunc]
488 3327 748 3397 scilicetfiliurn
763 3328 947 3400 Roscium.
1151 3332 1323 3400 debuerat
1347 3329 1441 3419 patri
1464 3340 1612 3419 propter
1636 3329 1842 3399 amicitiam.
1942 3326 2071 3418 Officii]
2105 3324 2141 3393 id

213 3426 322 3519 5.19.
348 3431 518 3522 Primam]
546 3430 582 3499 id
604 3445 674 3513 est,
701 3431 850 3522 vesperi.
926 3431 1100 3522 Diluculo]
1123 3430 1126 3481 ἶ
1152 3446 1224 3517 θεῖ,
1263 3433 1432 3501 officiosa.
1518 3434 1667 3524 Hospite]
1706 3432 1743 3499 id
1777 3444 1847 3514 est,
1889 3430 1962 3498 filio
1997 3424 2142 3517 hospiti.

109 3534 227 3614 idest,
253 3557 371 3603 mane.
434 3534 624 3627 fossuram]
651 3535 688 3602 id
704 3546 774 3616 est,
799 3537 920 3603 decem
931 3532 1098 3602 milliaria
1155 3533 1330 3627 Tempore]
1356 3534 1486 3618 idest,
1519 3533 1715 3603 occasione.

109 3636 338 3705 Germanica.
408 3637 528 3728 Cisiis]
554 3636 677 3718 idest,
704 3638 832 3718 carris,
860 3640 957 3729 quod
970 3632 1101 3706 habeat
1255 3637 1342 3728 Cap.
1357 3633 1415 3707 XI.
1449 3631 1479 3727 5.
1493 3634 1554 3709 29.
1595 3637 1684 3721 Quid
1702 3636 1867 3727 primum]
1900 3631 2141 3726 Amplilicatio

108 3741 196 3808 duas
211 3750 321 3806 rotas.
926 3779 928 3782 ·
1151 3740 1392 3830 indignitatis,
1419 3764 1489 3832 qua
1507 3739 1641 3829 colligit
1655 3739 1780 3807 ordine
1797 3738 1856 3806 illa
1875 3736 2022 3829 flagitia,
2049 3759 2141 3829 quae

215 3835 726 3931 §.20.11aios]scilicetfi1ii.
791 3842 958 3934 Societas]
984 3841 1101 3924 idest,
1123 3888 1127 3963 q
1151 3842 1293 3915 suntin
1318 3837 1573 3933 hocnegotio,
1613 3853 1751 3934 patrem
1782 3839 2005 3923 occiderunt,
2045 3839 2141 3906 bona

110 3956 334 4025 contractus,
366 3937 516 4025 handel,
551 3939 801 4034 gesellschafft‚
836 3945 898 4037 qui
923 3967 996 4014 una
1017 3967 1102 4011 con·
1152 3948 1377 4039 eripuerunt,
1409 3946 1502 4013 vitae
1525 3945 1684 4016 insidiati
1704 3956 1803 4026 sunt,
1838 3944 1944 4011 etiarn
1954 3942 2002 4035 ⁰¹)
2027 3940 2062 4007 in
2087 3939 2141 4008 iu-

110 4042 313 4115 trahebant.
365 4043 461 4114 Haec
477 4045 672 4128 immiscet,
700 4060 740 4116 nt
762 4049 890 4116 reddat
911 4045 1101 4117 verisimile
1152 4050 1246 4120 dicio
1263 4048 1422 4118 occidere
1439 4049 1576 4117 volunt.

110 4147 283 4218 Roscium
296 4171 372 4216 non
389 4147 573 4217 occasione
590 4149 862 4240 proscriptionis
877 4149 1033 4243 potuisse
1048 4148 1102 4216 in·
1256 4148 1287 4243 5.
1304 4151 1365 4223 30.
1397 4152 1550 4242 Crimen]
1576 4147 1688 4239 Leges
1712 4145 1863 4215 recitant
1884 4141 1979 4215 hunc
2003 4155 2138 4213 textum

111 4253 243 4320 vadere
267 4250 375 4319 bona.
1153 4254 1346 4325 Ciceronis.
1423 4253 1574 4345 Desunt]
1608 4252 1646 4319 id
1671 4262 1741 4334 θεῖ,
1773 4248 1905 4317 idonei.
1982 4245 2142 4339 Sason]

216 4353 304 4445 Cap.
319 4349 410 4422 Vlll.
445 4350 475 4443 5.
494 4356 556 4426 91.
591 4356 772 4447 Manceps]
802 4353 972 4444 Manceps
995 4353 1102 4444 signi-
1153 4358 1323 4449 Magnam
1341 4359 1484 4426 laudern
1500 4366 1707 4426 consecutus
1721 4364 1773 4421 est
1782 4350 1906 4420 Cicero
1924 4375 1967 4420 ex
1981 4344 2049 4418 hac
2063 4370 2144 4417 ora-

112 4460 213 4538 licat,
247 4457 310 4548 qui
344 4455 430 4524 emit
463 4457 600 4550 aliquid
623 4482 642 4524 a
667 4458 822 4548 populo,
854 4468 913 4539 nt,
948 4457 978 4526 si
1009 4468 1104 4524 emat
1154 4462 1272 4544 tione,
1317 4481 1393 4527 non
1424 4471 1574 4550 propter
1602 4454 1844 4550 eloquentiam
1873 4466 2035 4535 tantum,
2081 4454 2142 4522 sed

113 4559 243 4653 aliquis
265 4559 412 4628 alienius
432 4559 623 4650 proscripti
641 4558 750 4629 bona.
803 4558 975 4650 Manceps
994 4557 1102 4626 etiam
1154 4565 1260 4633 etiam
1275 4575 1426 4655 propter
1440 4563 1546 4631 iidem
1564 4572 1599 4630 et
1612 4557 1860 4630 constantiam.

113 4663 266 4742 dicitur,
307 4662 371 4755 qui
396 4661 563 4730 conducit
593 4661 740 4755 aliquod
768 4687 858 4756 opus
887 4662 1104 4744 iaciendum,
1258 4663 1289 4757 5.
1308 4665 1369 4735 sl.
1394 4665 1559 4757 Fecerins]
1585 4659 1786 4733 Concessio.
1865 4649 2046 4750 Quoniam]
2071 4653 2144 4724 Ad-

114 4760 185 4836 hoc
206 4776 277 4847 est,
305 4765 366 4858 qui
389 4776 531 4856 accepta
550 4765 698 4855 pecunia
717 4789 737 4834 a
755 4765 937 4858 republica
952 4762 1105 4833 admini-
1155 4770 1209 4840 dit
1224 4771 1267 4837 de
1284 4792 1349 4838 suo
1365 4767 1501 4850 officio,
1527 4769 1619 4836 etde
1634 4788 1697 4835 sna
1713 4784 1877 4856 persona.

111 4864 280 4939 strationi
305 4865 411 4935 alicui
430 4878 589 4959 praeest,
622 4879 663 4936 ut
687 4868 866 4953 aedilicio,
900 4881 963 4937 aut
984 4866 1105 4950 simili,
1258 4868 1289 4962 5.
1306 4871 1367 4945 32.
1405 4865 1565 4966 Patrem]
1600 4862 1836 4958 Mimitice“)
1867 4858 1955 4931 hacc
1984 4856 2145 4951 loquitur

115 4983 184 5042 etc.
219 4969 349 5040 Graeci
363 4982 493 5038 vocant
501 4963 729 5114 lacsoogzdu.
760 4970 886 5041 Cicero
900 4982 1007 5040 vocat
1021 4968 1108 5039 alibi
1155 4974 1222 5045 sub
1240 4998 1392 5066 persona
1412 4972 1546 5044 Roscii.

113 5073 372 5164 redemptores.
405 5069 441 5142 9.
465 5067 622 5164 Philipp.
668 5072 697 5167 ).
798 5077 893 5146 Haec
918 5072 1023 5166 bona]
1050 5073 1107 5142 Sic

113 5175 384 5268 legendumest:
412 5173 508 5243 llaec
522 5174 617 5243 bona
634 5177 790 5269 sexagies
806 5176 981 5259 sestertio,
999 5176 1109 5269 idest,
1149 5164 1155 5175 ’
1190 5177 1299 5311 ⁹225
1315 5177 1366 5296 ¹32⁰
1382 5176 1532 5239 pras-eron
1551 5171 1605 5225 vta
1620 5168 1733 5233 ,Em-¹
1757 5166 1837 5229 Μ·
1862 5160 1926 5211 ⁰⁸¹¹·
1947 5158 1978 5210 ¹¹·
2002 5163 2074 5211 ⁰⁸²⁸·
2094 5160 2139 5210 ΙΙΙ·

1130 5302 1134 5407 l
1195 5335 1245 5394 ss)
1263 5331 1361 5393 niu]
1379 5331 1430 5385 m.
1447 5332 1523 5384 isse.
1542 5332 1571 5380 a
1587 5328 1650 5376 ιιι.

155 5430 206 5489 92)
222 5427 280 5481 (tls.
298 5428 371 5479 ortt.
389 5426 502 5488 l’ttltpp.
521 5424 571 5490 lx,
590 5425 618 5490 7,
637 5427 678 5477 tt.
1130 5411 1135 5466 l
1196 5421 1247 5479 9ο)
1262 5419 1304 5469 lto
1321 5418 1428 5468 ιῖιοεῖ
1450 5418 1503 5468 stt.
1521 5423 1607 5480 sopra
1622 5422 1649 5472 p.
1666 5404 1742 5458 tm.
1763 5405 1829 5454 nott
1840 5400 1884 5451 Ιι

125 5515 308 5579 Menam.
331 5510 438 5574 Orsa.
462 5509 548 5575 Vol..
570 5511 661 5575 XVI.
1504 5492 1553 5564 72
