4544 5766
55 216 129 286 101

58 386 179 455 minus
201 383 379 456 attribuit.
431 382 603 474 Superior
623 381 810 476 probibuit
822 384 1051 467 mutationes,

57 503 236 582 tanquam
259 487 298 557 in
312 485 545 578 praefecturis
560 485 644 557 suis.
694 487 793 579 Ergo
806 488 883 558 sine
898 487 973 558 eius
988 512 1051 557 vo-

55 591 200 661 luntate
215 614 292 659 non
305 589 469 659 iacienda
482 603 537 659 est
552 588 717 661 mutatio.

162 693 222 761 Ad
254 692 430 762 maiorem
459 693 680 784 respondeo,
712 693 758 762 sit
782 716 868 761 sane
897 715 980 762 vera
1006 693 1050 759 de

56 794 275 865 utilitatibus
297 810 333 864 et
355 794 528 866 fnactibus
553 794 711 864 ditionis.
762 794 879 863 Habet
903 794 1050 876 reditus,

57 893 166 967 habet
190 900 381 967 commoda
397 896 567 979 inferior,
590 921 681 991 quae
704 898 866 967 concedit
886 898 1050 989 superior

58 1001 242 1070 dominus.
282 1000 352 1071 Sed
368 1023 445 1069 non
464 1012 517 1069 est
531 1023 616 1068 vera
632 1001 675 1068 de
693 1000 913 1070 confessione
931 999 1049 1068 Evan-

58 1103 160 1193 gelii,
188 1116 252 1173 aut
272 1103 354 1197 ullis
377 1102 545 1195 operibus
569 1126 590 1170 a
610 1102 687 1171 Deo
712 1103 903 1173 mandatis.
956 1102 1049 1171 Con-

56 1207 164 1276 fessio
190 1218 245 1275 est
265 1230 375 1297 supra
389 1218 425 1275 et
440 1218 538 1274 extra
554 1229 679 1275 omnes
693 1205 773 1276 illos
788 1207 918 1296 gradus
933 1200 1049 1273 horrui-

56 1334 165 1392 num,
202 1309 341 1400 pariter
364 1308 493 1391 servis,
526 1307 608 1376 filiis
630 1308 868 1391 familiarum,
885 1306 1048 1398 'privatis

57 1426 91 1479 et
111 1411 384 1500 magistratibus
399 1410 575 1503 praecipit
587 1410 683 1481 Deus
704 1412 981 1493 contessionem,
1007 1422 1048 1478 ut

56 1509 190 1584 Matth.
210 1514 279 1597 10,
297 1512 392 1609 (57.)
420 1525 584 1583 testatur:
613 1512 687 1605 Qui
711 1527 808 1583 amat
828 1524 967 1605 patrem
986 1524 1049 1581 aut

55 1629 213 1685 matrem
235 1617 315 1707 plus
337 1642 445 1710 quam
463 1641 540 1698 me,
567 1639 642 1683 non
667 1629 719 1685 est
737 1642 793 1685 me
817 1617 956 1706 dignus.
1007 1612 1048 1683 ln

59 1719 195 1787 familia
217 1720 379 1789 confiteri
398 1718 635 1808 Evangelium
658 1719 765 1787 etiam
789 1719 883 1789 servi
907 1719 1048 1801 debent,

60 1837 100 1891 ut
122 1817 253 1913 loseph
274 1823 461 1890 dominum
479 1847 583 1890 suum
606 1823 652 1888 ad
668 1846 789 1891 veram
806 1822 874 1891 Dei
896 1821 1047 1910 agnitio-

64 1950 143 1993 nem
163 1925 336 1995 traduxit.
387 1924 547 1993 Danielis
571 1922 739 2018 socii-⁰⁸),
764 1950 971 2019 quanquam
995 1938 1048 1993 θεἰ

67 2040 139 2096 seut
156 2027 274 2109 serti,
309 2041 429 2097 tamen
451 2027 551 2117 regio
576 2026 690 2095 edicto
714 2030 757 2096 dc
779 2041 896 2097 statua
923 2029 1047 2097 adver-

65 2130 128 2198 sati
141 2143 237 2201 sunt.

160 2232 296 2301 Plenae
331 2245 416 2300 sunt
448 2231 692 2322 exemplorum
717 2255 838 2301 sacrae
864 2226 1046 2312 historiae,

67 2358 152 2426 quae
177 2335 374 2403 ostendunt
389 2333 573 2403 inferiores
588 2360 663 2403 uon
679 2335 793 2404 solum
811 2359 897 2401 voce
913 2335 1047 2424 proles-

68 2463 118 2505 sos
139 2462 236 2520 esse,
261 2449 303 2506 ut
323 2450 483 2528 oportet,
510 2437 709 2507 doctrinam
732 2436 939 2526 Evangelii,
964 2460 1047 2503 con-

70 2553 115 2607 tra
133 2540 250 2609 edicta
267 2564 391 2630 regum
409 2553 443 2608 et
458 2542 730 2630 imperatorum,
751 2538 934 2609 sedetiam
951 2537 1045 2605 idola

70 2644 227 2711 manibus
252 2642 430 2712 evertisse.
481 2640 523 2710 ln
545 2643 678 2733 oppido
698 2644 853 2734 quodam
868 2637 1046 2731 Phrygiae

71 2746 260 2835 praelectus
275 2745 476 2827 hdauctus,
496 2759 656 2837 tempore
675 2744 908 2825 Diocletiani,
924 2742 1046 2811 omnia

72 2848 153 2919 ilola
179 2849 331 2931 evertit,
356 2861 392 2917 et
407 2848 582 2939 persuasit
604 2848 791 2917 universae
814 2844 1047 2927 multitudini,

71 2964 102 3019 ut
121 2947 258 3021 Christi
288 2950 488 3021 doctrinam
521 2951 722 3043 acciperent
735 2949 794 3045 ⁶⁷).
855 2949 973 3041 Quam
1001 2949 1046 3016 ob

71 3078 204 3124 causam
225 3055 356 3123 deinde
378 3066 551 3147 tyrannus
574 3053 774 3146 oppugnari
795 3053 986 3143 oppidum,
1013 3065 1047 3120 et

71 3157 151 3227 cives
168 3182 298 3227 omues
316 3157 488 3227 trucidari
502 3157 614 3227 iussit.

158 3260 341 3352 Apollinis
372 3254 627 3330 simulachrum
655 3257 784 3328 Iuliani
814 3271 975 3349 tempore
1008 3256 1047 3324 in

69 3364 190 3435 sacello
210 3363 374 3431 omnium
391 3376 475 3434 tunc
492 3362 744 3443 celeberrimo,
769 3386 844 3430 uon
860 3361 986 3452 procul
1002 3360 1046 3429 ab

69 3461 272 3549 Antiochia,
312 3466 403 3534 filius
438 3461 570 3534 ethnici
601 3465 789 3541 sacrificuli
821 3465 984 3533 avulsum
1025 3487 1045 3530 a

60 3568 131 3646 lusi
146 3569 293 3639 collisit.
399 3636 404 3645 ,

155 3670 444 3740 Declaraverunt
469 3683 505 3739 et
531 3671 670 3761 puellae
696 3672 809 3739 robur
830 3668 915 3738 fidei
939 3668 1048 3737 simili

67 3774 306 3863 magnitudine
339 3772 463 3842 animi.
520 3772 611 3843 Filia
646 3772 776 3842 Licinii
808 3772 1047 3865 imperatoris,

65 3871 177 3959 bene,
204 3872 297 3945 nihil
315 3877 426 3947 verita
441 3876 842 3968 truculentiampauis,
867 3876 930 3968 qui
945 3871 1048 3944 Chri·

61 3980 174 4049 stiano
193 3979 336 4048 nomini
350 3979 615 4051 inimicissimus
628 3992 724 4060 erat,
750 3980 843 4048 lares
859 3978 1047 4070 etreliqua

59 4078 276 4153 simulachra
299 4082 336 4153 in
356 4081 515 4172 paternis
538 4083 684 4152 aedilms
708 4083 881 4172 singulari
906 4081 1048 4150 sortitu·

58 4187 139 4254 diue
155 4184 330 4253 contrivit
344 4197 381 4253 et
396 4185 536 4254 abiecit.

159 4287 361 4380 Praecipue
377 4313 461 4357 vero
478 4288 518 4356 in
532 4287 753 4356 consessione
775 4285 977 4376 principum
994 4287 1047 4354 lu-

56 4416 137 4461 cere
160 4392 295 4460 debent
317 4392 498 4483 exempla,
531 4405 621 4484 quae
644 4391 857 4459 confirment
879 4402 1048 4471 caeteros,

55 4510 96 4563 ut
114 4494 176 4561 vir
196 4493 328 4564 nobilis
345 4493 383 4562 in
399 4495 487 4563 urbe
504 4494 726 4575 Nicomedia,
743 4492 962 4582 inspectante
982 4516 1049 4582 po-

56 4598 164 4687 pulo,
199 4596 401 4687 concerpsit
431 4597 590 4688 publicas
620 4595 743 4665 literas
775 4619 794 4661 a
822 4592 1047 4664 Diocletiano

56 4699 263 4791 propositas
280 4712 404 4768 contra
421 4696 662 4770 Christianam
678 4697 899 4790 religionem.

162 4801 456 4884 Valentinianus,
489 4804 552 4895 qui
577 4813 698 4892 postea
720 4802 918 4893 imperator
936 4803 1048 4870 factus

58 4920 128 4987 est,
157 4931 239 4974 cum
261 4919 353 4975 esset
373 4905 537 4975 tribunus
557 4903 732 4987 militum,
758 4904 954 4974 sacrificulo
972 4899 1048 4971 eth·

60 5008 139 5075 uico
162 5009 327 5077 afferenti
353 5008 535 5079 lustralem
557 5032 707 5101 aquam,
734 5005 923 5100 colaphum
938 5008 1048 5100 impe-

94 5274 145 5333 66)
163 5248 285 5325 lttt'tres
302 5270 449 5323 israelitae
466 5286 493 5335 p.
511 5269 569 5321 1⁰0.
589 5271 654 5319 note
670 5268 713 5320 65.
727 5266 869 5320 nominati.
897 5333 901 5341 ν

96 5374 147 5433 st)
163 5377 334 5439 serpunt]
352 5376 394 5426 uc
412 5373 495 5427 uuirt.
514 5372 586 5436 spat.
606 5373 683 5423 roto.
701 5374 730 5423 et
749 5369 839 5433 aaron
857 5370 941 5435 ruite
960 5373 1048 5433 pecua

134 5446 209 5496 1³22.
228 5452 256 5495 et
280 5445 353 5496 rato.
373 5445 537 5506 reciperent.
855 5484 858 5489 .

613 211 641 287 l.
692 208 1043 287 efflosoelttaa
1068 206 1283 283 uentus
1306 207 1536 283 retroue

2004 220 2093 297 ⁵1⁰2

1104 382 1172 474 git,
1195 397 1381 474 praesente
1394 381 1533 453 Iuliano
1550 384 1781 477 imperatore.
1808 387 1956 460 Talibus
1973 415 2090 462 exem-

1102 486 1170 578 plis
1185 480 1226 553 hi
1237 484 1417 578 principes
1433 486 1542 557 etiam
1557 500 1717 558 caeteros
1733 488 1864 581 impios
1877 494 2089 564 confirmare

1102 589 1305 659 voluerunt.

1204 691 1296 760 Cum
1309 690 1418 780 igitur
1431 688 1528 760 Deus
1544 691 1680 783 flagitet
1696 695 1961 770 consessionem,
1970 696 2089 769 Evan-

1102 794 1185 884 gelii
1209 794 1254 861 ab
1279 792 1444 862 omnibus
1465 795 1615 865 summis
1634 807 1671 864 et
1684 796 1834 881 infimis,
1862 800 1907 868 ab
1923 801 2089 874 omnibus
2196 870 2204 883 ,

1101 891 1289 965 hominum
1319 895 1504 966 ordinibus
1537 909 1572 964 et
1596 898 1782 988 gradibus,
1815 902 1979 973 aliberis
2009 918 2086 974 eta

1101 1001 1225 1080 servis,
1238 1020 1314 1065 non
1330 1010 1383 1066 est
1399 993 1468 1067 huc
1485 1000 1677 1070 adserenda
1693 1001 1753 1069 illa
1770 1003 1960 1090 cavillatio,
1976 1030 2088 1100 quan-

1102 1113 1177 1169 tum
1204 1100 1353 1169 inferior
1374 1101 1462 1171 iuris
1486 1094 1628 1173 habeat.
1680 1103 1865 1176 Confessio
1889 1108 2024 1198 pariter
2042 1112 2087 1178 ad

1102 1227 1225 1273 omnes
1240 1205 1370 1293 gradus
1385 1204 1550 1294 pertinet.
1606 1242 1609 1249 ·
1947 1228 1949 1233 ·

1201 1305 1340 1375 Deinde
1357 1306 1520 1396 superior
1536 1307 1704 1380 dominus
1726 1311 1902 1383 mandans
1920 1315 2087 1398 officium,

1100 1431 1174 1475 non
1188 1420 1305 1499 potest
1320 1432 1399 1476 eam
1416 1421 1572 1499 partem,
1598 1436 1690 1503 quae
1708 1425 1760 1482 est
1773 1413 1880 1482 officii
1895 1417 2087 1509 praecipua

1100 1522 1136 1578 et
1151 1513 1197 1577 ad
1212 1510 1287 1579 eius
1301 1510 1535 1580 substantiam
1552 1513 1628 1581 iure
1643 1514 1766 1584 ditino
1784 1528 1819 1584 et
1834 1519 1991 1587 naturali
2008 1544 2088 1612 per·

1100 1612 1209 1694 tinet,
1236 1607 1439 1703 prohibere.
1493 1613 1640 1684 Constat
1662 1628 1780 1685 autem
1802 1621 1924 1689 omnia
1941 1622 2088 1713 politica

1100 1740 1249 1785 munera
1273 1716 1429 1785 conferri
1445 1718 1574 1786 debere
1591 1719 1635 1786 ad
1651 1720 1801 1809 gloriam
1818 1720 1898 1792 Dei.
1950 1722 2087 1794 Omnes

1100 1819 1327 1908 magistratus
1349 1819 1553 1910 superiores
1578 1832 1615 1888 et
1638 1821 1825 1892 inferiores
1846 1850 1911 1894 suo
1936 1826 2086 1922 quisque.

1098 1921 1178 1989 loco
1208 1921 1340 1993 debent
1368 1945 1495 2013 parere
1524 1925 1679 1992 secundo
1711 1928 1882 1996 mandato
1913 1931 2086 2022 decalogi,

1099 2019 1168 2093 hoc
1193 2036 1264 2105 est,
1292 2035 1456 2094 externas
1477 2021 1745 2116 blasphemias,
1762 2028 1890 2122 quibus
1904 2030 2002 2102 Deus
2025 2035 2087 2101 ad-

1036 2170 1039 2175 *
1100 2127 1216 2195 ficitur
1234 2126 1470 2210 contumelia,
1494 2123 1686 2218 probibere
1704 2142 1739 2198 et
1753 2131 1894 2221 punire.
1935 2135 2008 2204 Nec
2025 2136 2087 2203 ob-

1099 2230 1372 2321 temperandum
1390 2242 1442 2299 est
1457 2231 1634 2322 superiori
1656 2234 1825 2317 domino,
1852 2235 1880 2304 si
1900 2231 1992 2305 hanc
2006 2262 2087 2328 par-

1099 2345 1170 2400 tem
1198 2332 1304 2399 officii
1329 2332 1420 2401 nolit
1443 2334 1616 2416 exerceri,
1641 2349 1680 2405 ut
1704 2335 1733 2403 si
1756 2336 1949 2427 flagitiosas
1969 2334 2087 2407 libidi-

1098 2459 1162 2504 ues
1178 2435 1355 2524 approbet
1371 2459 1412 2502 ac
1427 2437 1594 2506 stabiliat.

1201 2535 1380 2605 Hactenus
1396 2538 1513 2606 maior
1528 2540 1727 2628 argumenti
1750 2541 1835 2611 satis
1851 2544 2003 2613 refutata
2023 2558 2088 2616 est.

1098 2637 1152 2705 De
1167 2638 1308 2707 minore
1324 2633 1416 2707 nihil
1429 2639 1639 2731 disputabo,
1665 2656 1838 2733 praesunt
1853 2645 1891 2711 in
1906 2671 1971 2715 suo
1988 2647 2087 2737 prin-

1098 2740 1213 2831 cipes,
1240 2753 1276 2808 et
1292 2736 1426 2809 habeut
1440 2742 1640 2812 dominium
1658 2744 1767 2826 utile,
1794 2745 1881 2827 etin
1896 2748 2022 2838 primis
2040 2752 2087 2817 ad

1098 2843 1259 2940 ipsorum
1290 2842 1445 2912 officium
1477 2846 1654 2935 pertinet,
1687 2870 1762 2914 non
1787 2849 2013 2939 permittere,
2047 2864 2087 2922 ut

1098 2945 1260 3038 tyrannis
1285 2946 1534 3017 constituatur.
1591 2947 1695 3018 Nunc
1723 2950 1865 3035 nescio,
1892 2976 1939 3020 an
1961 2955 2087 3023 memi-

1097 3049 1219 3117 nerint
1235 3072 1271 3117 se
1286 3048 1418 3118 liberos
1435 3074 1519 3121 esse.

1200 3150 1308 3221 Multi
1320 3152 1430 3236 enim,
1445 3153 1509 3246 qui
1523 3176 1600 3220 non
1612 3155 1827 3244 profitentur
1833 3181 1961 3249 puram
1970 3156 2088 3227 Evan-

1099 3252 1181 3342 gelii.
1213 3254 1443 3338 doctrinam-,i
1470 3255 1536 3325 etsi
1569 3256 1774 3327 desiderant
1798 3261 2087 3332 emendationem

1098 3354 1289 3440 Ecclesiae,
1316 3369 1351 3426 et
1364 3357 1571 3450 improbant
1585 3361 1843 3446 crudelitatem,
1869 3375 1989 3433 tamen
2005 3378 2089 3434 sunt

1100 3459 1206 3528 otiosi
1236 3471 1474 3550 spectatores,
1515 3461 1638 3531 sinunt
1672 3465 1826 3552 grassari
1857 3467 2086 3558 tyrannidem

1099 3561 1175 3630 sine
1195 3562 1286 3643 fine,
1313 3586 1394 3631 cum
1416 3588 1478 3633 sua
1501 3563 1693 3633 autoritate
1721 3565 1908 3658 episcopos
1930 3582 1965 3636 et
1986 3594 2088 3660 reges

1100 3664 1146 3731 ad
1165 3665 1472 3747 moderationem,
1506 3669 1551 3733 ad
1573 3667 1816 3757 cognitionem
1839 3693 1962 3740 veram
1984 3697 2086 3742 revo-

1099 3790 1180 3835 care
1209 3767 1390 3840 deberent.
1450 3768 1528 3837 lloc
1556 3769 1725 3838 convenit
1752 3766 1908 3843 heroicis
1930 3775 2087 3859 lanuliis,

1099 3870 1189 3939 sicut
1202 3867 1356 3940 Achilles
1378 3871 1514 3963 inquit:
1541 3868 1591 3940 lta
1609 3896 1645 3940 se
1663 3873 1993 3966 obtemperaturum
2013 3904 2085 3947 esse

1099 3971 1253 4055 Atridis,
1292 3973 1323 4043 si
1352 3969 1502 4043 honesta
1531 3974 1696 4058 iubeant,
1730 3978 1786 4045 sin
1816 3990 1934 4047 antem
1967 3980 2084 4070 turpia

1099 4075 1341 4167 praecipiant,
1366 4101 1407 4145 se
1419 4100 1494 4144 non
1513 4077 1841 4169 obtemperaturum
1860 4103 1945 4150 esse.

1202 4177 1311 4270 Quod
1334 4201 1419 4247 vero
1442 4180 1660 4270 amplificant
1684 4181 1905 4249 obedientiae
1929 4182 2085 4267 laudem,

1099 4303 1266 4370 magnam
1298 4306 1370 4351 esse
1398 4281 1588 4373 pietatem,
1616 4282 1761 4350 obedire
1786 4282 1982 4369 Ecclesiae,
2009 4312 2084 4355 ma-

1100 4408 1209 4474 guum
1232 4385 1339 4453 decus
1362 4384 1522 4476 imperiis
1545 4407 1690 4476 parere,
1717 4379 1805 4453 haec
1829 4387 1985 4477 speciosa
2005 4413 2085 4457 ora·

1101 4486 1151 4554 tio
1185 4487 1405 4578 praetexitur
1438 4509 1597 4556 summae
1630 4487 1866 4578 turpitudini,
1905 4488 2084 4583 Epicureo

1101 4590 1321 4681 contemptui
1344 4588 1538 4677 religionis.
1589 4589 1673 4658 Non
1695 4591 1790 4660 euim
1813 4605 1910 4661 recto
1933 4595 2083 4664 consilio

1100 4693 1309 4784 praedicant
1322 4690 1584 4774 obedientiam,
1600 4695 1662 4762 sed
1678 4706 1741 4762 aut
1756 4695 1981 4787 tyrannidem
1999 4720 2084 4765 con-

1100 4799 1241 4864 firmare
1258 4806 1452 4877 conantur,
1473 4807 1534 4863 aut
1551 4808 1728 4889 quaerunt
1742 4797 2002 4867 excusationem
2017 4800 2083 4869 im-

1099 4899 1242 4991 pietatis
1268 4909 1330 4966 aut
1353 4896 1552 4967 timiditatis
1582 4923 1622 4967 ac
1642 4898 1817 4990 ignaviae.
1876 4901 1961 4971 Pios
1983 4903 2085 4973 decet

1100 5000 1302 5069 meminisse
1317 5000 1413 5071 vocis
1430 5001 1644 5092 apostolicae
1671 5001 1766 5097 (Au.
1779 4999 1823 5086 6,
1838 5002 1936 5098 29.):
1963 5004 2085 5097 Opor-

1100 5116 1151 5172 tet
1166 5103 1243 5171 Deo
1268 5103 1380 5193 magis
1402 5104 1564 5186 obedire,
1592 5128 1700 5198 quam
1719 5101 1935 5177 hominibus.
1987 5106 2082 5179 Obe-

1101 5206 1233 5276 dientia
1265 5206 1496 5276 ecclesiastica
1524 5231 1753 5302 nequaquam
1788 5223 1840 5279 est
1864 5211 2080 5302 conspiratio

1101 5311 1146 5378 ad
1170 5309 1413 5394 idololatriae,
1448 5308 1658 5394 libidinum,
1692 5323 1727 5380 et
1748 5311 1977 5382 Neronianae
2002 5339 2081 5386 cru-

1100 5412 1254 5483 delitatis
1275 5411 1528 5554 defensionem.
1581 5413 1672 5483 Cum
1693 5415 1895 5505 pontifices,
1930 5416 1994 5508 qui
2015 5417 2082 5489 im·

1409 5517 1431 5585 7
