4544 5766
186 204 259 281 491

448 195 650 272 SCRIPTA
675 194 751 268 PH.
778 188 892 270 MEL.
917 193 984 267 al)
1013 192 1225 271 nl'tsscEN
1251 195 1319 270 El
1344 195 1603 283 Pomlcnll
1627 199 1939 278 SPECTANTIA.

2116 197 2216 278 ‘2⁹2

190 405 297 480 quem
311 375 504 446 Dracolam
517 368 700 441 Huniadcs
715 383 838 462 postea
855 385 999 465 captum
1022 370 1175 442 interfici
1225 396 1330 464 saepe
1351 373 1519 444 dicuntur
1536 376 1580 445 de
1602 374 1806 447 discrimine
1829 377 2014 471 potestatis
2036 376 2219 470 politicae,

190 482 315 562 iussil³
334 531 344 552 .

214 596 221 605 '⁹
296 486 505 692 (inaesilum
522 603 575 661 est
589 590 697 683 igitur
711 605 746 661 el
764 605 846 685 post
870 594 1027 679 cladem,
1052 618 1100 663 an
1124 594 1177 664 iu·

1228 487 1263 544 et
1277 476 1467 546 ministerii
1481 480 1686 569 evangelici.

1328 578 1591 670 FuitLeontius
1607 597 1791 692 episcopus
1807 600 1844 669 in
1853 600 1968 698 Mysia
1985 601 2032 669 ad
2042 596 2222 695 Istrum⁶),

192 722 285 783 stum
300 700 425 781 luerit,
447 707 550 788 pacta
566 695 767 765 iuramento
785 696 920 768 sancita
935 722 1011 767 non
1024 721 1178 769 servare.
1230 698 1293 793 qni
1307 699 1346 769 in
1360 702 1557 797 synod0⁷)‚
1588 728 1669 772 cum
1692 703 1889 795 imperator
1904 703 2133 774 Constantius
2157 706 2220 772 ad.

293 838 523 928 Disputgtum
547 843 600 902 est
620 844 737 901 aulem
761 833 805 902 de
826 845 1000 924 potestate
1021 833 1180 903 Romani
1231 815 1331 888 esset,
1359 817 1393 875 et
1407 803 1469 873 'alii
1487 830 1568 875 eum
1585 805 1776 875 laudarent
1786 807 2026 898 postulantem
2044 807 2128 901 quid
2147 805 2221 884 vel-

192 943 391 1042 pontilicis,
431 949 466 1005 el
493 936 536 1003 de
568 935 644 1004 iure
671 935 863 1006 sociorum.
927 935 1069 1027 Agilata
1097 948 1182 1009 sunt

196 1050 292 1122 enim
308 1048 380 1115 duo
397 1050 619 1130 arglrmenta.
654 1068 671 1111 ·.

217 1168 488 1239 iuramentum
524 1157 734 1227 inferiorum
764 1181 840 1227 non
872 1173 924 1231 est
954 1173 1072 1230 ratum
1104 1157 1180 1230 sine

297 1262 590 1357 comprobatione
607 1260 832 1352 superiorum
851 1262 1181 1354 incausapublica,
1234 1315 1339 1412 ἕτερα
1361 1313 1500 1403 διέπειν
1518 1314 1691 1412 ταχθεὶς,
1724 1317 1829 1413 ἕτερα
1855 1318 2092 1416 gamag).
2143 1318 2221 1390 Hae

1234 1443 1320 1489 voce
1337 1423 1637 1492 commonefactus
1650 1420 1867 1514 imperator,
1893 1422 2051 1494 discessit
2072 1446 2221 1493 excon-

1234 1546 1342 1618 sessu.
1392 1524 1489 1594 Hae'c
1505 1524 1643 1596 Suidas.

296 1383 338 1440 ul
354 1370 483 1436 docent
500 1360 671 1434 historiae
689 1364 843 1435 foederis
855 1363 1071 1462 Luctatii⁴),
1096 1367 1180 1436 ilem

298 1467 511 1544 Numantini
529 1465 681 1535 foederis
688 1465 719 1561 ⁶)
736 1478 801 1540 etc.

248 1577 363 1665 Reges
376 1584 459 1642 sunl
477 1569 662 1638 inferiores
676 1571 855 1665 pontifice.
924 1572 927 1578 ’

248 1678 360 1771 Igitur
375 1699 449 1744 non
465 1673 606 1742 valebat
622 1673 710 1742 illud
731 1685 893 1764 pactum,
918 1675 1084 1765 pontifice
1107 1698 1183 1742 non

301 1778 535 1871 approbante.

300 1914 369 1983 Sed
383 1913 503 1980 minor
518 1908 724 2001 simpliciter
736 1911 899 2000 neganda
917 1924 986 1994 est,
1012 1911 1096 2006 quia
1117 1911 1183 1979 mi-

198 2016 319 2088 nistris
341 2011 526 2104 Evangelii
555 2036 630 2080 non
651 2024 703 2081 est
723 2015 892 2081 mandata
917 2014 1062 2104 politica
1085 2027 1184 2105 pote-

199 2111 300 2202 stas,
316 2119 376 2187 sed
392 2112 486 2184 hane
509 2139 589 2182 curn
611 2115 679 2184 sibi
695 2129 841 2185 sumunt
864 2117 1040 2208 episcopi,
1067 2143 1185 2187 erum-

193 2233 291 2315 punt
306 2233 403 2288 extra
418 2230 530 2287 metas
546 2242 628 2286 suae
646 2219 860 2301 vocationis,
887 2233 923 2289 et
936 2233 1102 2313 peccant,
1135 2222 1185 2290 al-

198 2337 315 2393 terum
332 2324 478 2416 pedem,
504 2331 544 2389 ul
558 2320 706 2404 dicitur,
732 2317 902 2390 habentes
925 2322 964 2391 in
988 2324 1107 2405 cirria,
1134 2326 1185 2393 al-

199 2438 315 2495 terum
347 2424 386 2493 in
415 2423 560 2514 templo.
627 2424 679 2492 Ac
701 2448 841 2515 semper
863 2423 901 2491 in
924 2439 1114 2517 conspectu
1141 2427 1186 2496 sit

199 2527 401 2599 dulcissima
426 2550 496 2595 vox
515 2525 598 2594 Filii
619 2526 688 2595 Dei
710 2524 850 2621 (loann.
867 2528 930 2612 20,
954 2528 1049 2625 21.):
1088 2529 1186 2598 Sicut

198 2632 298 2702 misit
317 2655 374 2699 me
393 2630 502 2699 Pater
525 2629 701 2712 coelestis,
732 2630 783 2701 sie
806 2656 871 2722 ego
892 2631 996 2713 mitto
1020 2657 1094 2702 vos.
1146 2630 1186 2701 ld

200 2747 271 2818 est,
304 2733 395 2804 sicul
416 2731 514 2801 misit
534 2757 592 2802 me
612 2733 721 2802 Pater
744 2733 921 2819 coelestis,
955 2747 997 2804 ut
1020 2759 1185 2804 sonarem

199 2862 323 2906 vocem
339 2833 528 2925 Evangelii
546 2835 585 2902 in
607 2859 734 2925 genere
757 2830 936 2921 humano,
970 2850 1005 2906 et
1026 2837 1093 2907 suit
1115 2840 1186 2907 effi·

199 2965 265 3009 cax
279 2963 343 3030 per
358 2961 476 3005 meam
493 2962 636 3020 vocem,
667 2937 716 3007 sic
740 2962 803 3027 ego
826 2939 930 3007 mitto
955 2965 1038 3023 vos,
1065 2953 1107 3009 ut
1130 2966 1186 3010 so·

199 3041 292 3112 netis
306 3039 563 3129 Evangelium,
591 3052 625 3107 et
642 3063 705 3129 ego
721 3039 794 3130 ipse
812 3064 873 3108 ero
898 3043 1018 3111 efficax
1042 3066 1105 3133 per
1128 3068 1186 3111 ve-

201 3157 313 3214 stram
328 3166 474 3225 vocem,
501 3154 707 3210 convertam
727 3144 834 3211 corda
851 3145 896 3211 ad
913 3144 1050 3227 Deum,
1082 3158 1117 3214 et
1133 3146 1186 3216 lu-

202 3271 297 3329 cem,
330 3243 521 3326 iustitiam,
557 3256 593 3313 et
616 3244 726 3313 vitam
748 3258 930 3315 aeternam
954 3247 992 3317 in
1014 3249 1187 3317 credenti-

200 3349 267 3418 bus
286 3348 501 3423 accendam„

304 3485 373 3556 Sed
401 3486 444 3554 de
478 3482 630 3577 imperio
654 3485 800 3576 politico
823 3487 945 3582 inquit
969 3485 1109 3581 (loann.
1128 3491 1187 3572 18,

203 3587 300 3685 86.);
339 3587 506 3679 Regnum
537 3611 656 3657 meum
682 3613 757 3657 non
786 3602 838 3660 cst
871 3592 914 3659 de
948 3586 1017 3659 hoc
1039 3594 1186 3663 mundo.

201 3687 324 3784 Itaque
347 3692 444 3783 quod
466 3692 512 3758 ad
535 3690 678 3781 politica
703 3692 849 3777 attinet,
884 3717 983 3784 reges
1005 3718 1079 3763 non
1106 3709 1188 3764 sunt

203 3792 391 3864 inferiores
421 3793 607 3885 pontifice,
650 3806 685 3862 et
718 3807 804 3863 nota
833 3809 934 3880 sunt,
975 3822 1066 3890 quae
1101 3799 1188 3874 alias

202 3968 409 3986 μ-

239 4062 271 4121 8)
291 4060 432 4112 llunlrtles
450 4054 544 4121 paucis
563 4058 658 4108 diebos
677 4064 740 4122 post
758 4062 862 4112 cloden
880 4064 1053 4114 Varneoscm
1069 4062 1097 4113 in
1114 4064 1190 4117 Wa-
1297 4074 1299 4077 ’

271 4131 362 4182 laollia
380 4128 456 4179 (locis
468 4125 665 4191 (Woiwodce)
678 4131 783 4180 llralrol
802 4133 876 4182 iussn
892 4136 1007 4196 captus,
1025 4136 1122 4195 postea
1138 4145 1190 4184 alr-

274 4204 329 4250 tem
354 4211 415 4249 cnm
438 4197 545 4257 magnis
571 4198 650 4247 donis
678 4198 823 4264 dimissus,
856 4201 931 4251 circa
955 4213 980 4253 a.
1002 4203 1076 4254 1446.
1101 4204 1190 4253 subito

273 4269 375 4319 bellum
392 4265 453 4315 lnlic
475 4265 536 4314 duci
560 4265 667 4332 intulit3
697 4268 752 4317 vill.
770 4270 884 4320 stallati
909 4270 961 4321 l.l.
986 4271 1016 4323 Τ.
1031 4271 1063 4323 ll.
1089 4285 1116 4335 p.
1129 4272 1188 4325 228.

274 4336 362 4387 mill
378 4350 405 4398 p.
422 4335 448 4386 6.
465 4335 491 4383 9.
511 4333 569 4384 lta.

241 4443 272 4499 4)
291 4441 321 4488 t.
347 4435 473 4487 blrtatlus
500 4436 615 4486 catulos
637 4441 732 4489 consul
756 4451 782 4493 a.
795 4441 848 4491 242
863 4451 890 4491 a.
905 4439 969 4494 clar.
994 4443 1066 4493 bello
1090 4443 1191 4495 Punico

274 4508 362 4570 primo
380 4505 416 4554 ad
434 4506 555 4566 Aegates
573 4505 678 4557 insulas
696 4509 963 4574 carthrglnlenslnm
987 4513 1107 4562 classem
1125 4515 1191 4563 vicit

275 4586 378 4635 eosque
394 4573 485 4633 cogit,
515 4576 545 4621 ut
568 4585 660 4636 paoem
686 4579 851 4628 altomonte
870 4583 1004 4641 peterent.
1047 4581 1084 4629 lis
1101 4585 1192 4632 autem

275 4644 351 4707 pacis
367 4642 585 4704 conditionibus,
604 4644 637 4694 de
654 4648 749 4708 quillus
768 4649 839 4697 iuter
856 4649 993 4698 Lutatinm
1012 4650 1040 4697 et
1053 4651 1192 4700 llamllca·

273 4724 334 4762 rem
353 4708 618 4772 Carthaginiensium
642 4717 735 4766 ducem
759 4721 943 4779 convenerat,
976 4720 1091 4767 senatus
1115 4720 1191 4771 llorn

276 4793 331 4831 non
356 4779 450 4841 stelit,
483 4792 578 4830 verum
603 4784 695 4834 decern
718 4785 828 4850 legatos
853 4785 880 4835 in
898 4786 1018 4836 siciliam
1035 4787 1127 4850 misit,
1159 4803 1192 4837 ex

275 4859 390 4914 qnorum
419 4850 557 4899 sententia
585 4855 802 4917 auctorltateqne
832 4855 907 4904 allud
936 4855 1017 4904 ictum
1040 4857 1137 4905 locdns
1162 4869 1194 4906 ao

274 4917 465 5037 pppprrpplum
494 4922 554 4984 est3
589 4921 643 4975 vid.
673 4923 770 4985 Polyb.
794 4923 822 4989 l,
855 4922 991 4977 62-64.
1026 4925 1098 4974 conl.
1131 4926 1192 4976 biv.

344 5018 352 5050 ,
406 5022 414 5038 .

240 5089 272 5158 ὁ)
292 5089 368 5140 llcllo
387 5087 551 5141 Numantino
572 5084 728 5146 lla-na.
745 5107 771 5145 s.
788 5094 850 5146 Cir.
874 5094 969 5157 plores
992 5107 1081 5145 annos
1099 5107 1117 5145 a
1134 5097 1192 5146 lto-

276 5158 365 5209 rnonls
388 5157 536 5208 infeliciter
562 5164 658 5224 gnato,
690 5168 835 5226 postquam
860 5175 953 5226 pacem
977 5175 994 5214 a
1016 5166 1051 5214 ll.
1078 5164 1194 5227 Popillio

277 5239 302 5279 a.
320 5226 377 5276 1³8.
401 5239 461 5276 cum
481 5229 651 5279 Nllrnrntlnls
670 5234 770 5283 iactam
788 5234 903 5284 senatus
922 5233 1029 5281 irritam
1048 5233 1108 5282 llerl
1129 5247 1194 5283 ren-

274 5296 386 5355 anerat,
405 5295 487 5344 etlam
506 5310 612 5360 pacem,
632 5312 711 5361 qlram
730 5303 760 5352 b.
781 5301 915 5352 Hostilius
933 5301 1075 5350 Malacinos
1094 5312 1120 5351 a.
1138 5303 1193 5352 1³7.

276 5376 336 5414 cnm
353 5363 388 5410 iis
407 5362 528 5423 iecerat,
553 5369 760 5430 ignominiosum
779 5376 867 5421 ratam
886 5381 947 5418 csse
965 5373 1078 5418 serlolnr
1098 5363 1194 5434 veluit,

269 5431 322 5477 vid,
339 5429 404 5480 alr.
414 5432 477 5484 hl.
492 5429 568 5486 all.
606 5436 684 5492 conl.
702 5452 787 5506 supra
807 5454 834 5506 p,
846 5438 906 5492 ⁴82.
926 5443 992 5490 nola
1003 5438 1046 5489 sl.

1230 904 1280 973 let
1301 932 1320 975 a
1342 907 1487 1001 syuodo
1514 908 1588 999 agi;
1639 932 1732 979 unus
1753 905 1925 980 Leontius
1953 909 2067 980 iussus
2099 909 2220 979 dicere

1231 1011 1463 1096 sententiam,
1489 1006 1718 1103 reprehendit
1738 1010 2010 1103 imperatorem,
2035 1013 2222 1106 inquiens:

1232 1109 1348 1182 Miror
1366 1126 1399 1184 te
1413 1114 1629 1205 imperator,
1652 1139 1732 1184 cum
1749 1114 1794 1182 ad
1817 1114 1886 1183 alia
1909 1114 2052 1206 negotia
2075 1116 2223 1185 ordina-
2252 1116 2259 1123 ’

1232 1227 1288 1284 tus
1316 1216 1385 1299 sis,
1421 1217 1491 1285 alia
1522 1230 1642 1285 tamen
1671 1216 1834 1308 aggredi,
1869 1211 2058 1311 θαυμάζω
2089 1240 2130 1290 σε
2163 1214 2221 1290 ὅτι

1302 1726 1511 1798 Alterum
1538 1741 1854 1818 argumentum
1881 1742 1950 1800 est
1975 1730 2026 1799 de
2045 1716 2153 1801 'iure

1606 1830 1850 1901 sociorum.
2059 1837 2062 1841 ’

1337 1982 1445 2054 Aliud
1460 1998 1511 2054 est
1534 1983 1634 2078 loqui
1654 1986 1697 2054 de
1719 2011 1792 2056 uno
1809 1984 1988 2072 Domino,
2023 1988 2085 2081 qui
2113 2004 2225 2084 quan-

1237 2112 1345 2182 quam
1363 2088 1560 2157 amicornm
1575 2088 1704 2159 auxilia
1721 2083 1848 2173 habet,
1868 2102 1995 2159 tamen
2017 2116 2092 2161 non
2115 2090 2227 2165 habet

1237 2191 1423 2261 adiunctos
1451 2203 1492 2260 ut
1521 2191 1655 2275 socios,
1698 2191 1826 2285 quibus
1853 2191 1928 2283 ipse
1959 2193 2134 2286 obligatus
2166 2199 2225 2282 sit,

1236 2294 1327 2364 sicut
1349 2292 1502 2363 Troiani
1523 2288 1703 2362 habebant
1725 2295 1854 2363 auxilia
1876 2294 2002 2364 Glauci
2011 2296 2043 2392 ⁰)
2075 2312 2110 2368 et
2135 2301 2225 2370 alio-

1236 2423 1336 2481 rum,
1362 2408 1396 2464 et
1410 2408 1552 2488 poterat
1568 2396 1733 2467 Priamus
1748 2397 1823 2466 sine
1845 2396 1914 2466 illis
1933 2400 2073 2489 pacisci.
2125 2402 2226 2475 Talis

1237 2499 1415 2569 Dominus
1441 2510 1476 2568 el
1496 2498 1696 2569 Vladislaus
1715 2499 1822 2570 fuisse
1843 2499 1995 2570 videtur.
2045 2501 2226 2584 Valebant

1237 2603 1346 2695 igitur
1373 2615 1498 2693 pacta,
1539 2613 1574 2670 et
1605 2615 1709 2673 erant
1736 2603 1926 2687 servanda,
1966 2601 2106 2676 etiamsi
2131 2634 2225 2679 nun-

1239 2729 1347 2800 quam
1364 2704 1515 2775 consulti
1531 2706 1675 2773 suerunt
1695 2705 1766 2789 illi,
1801 2705 1862 2798 qui
1886 2705 2014 2774 arixilia
2038 2709 2225 2786 miserant.

1236 2809 1333 2899 Ergo
1351 2832 1442 2901 quae
1460 2808 1503 2876 de
1518 2807 1685 2888 societate
1709 2820 1961 2900 opponuntur,
1992 2833 2077 2892 non,
2089 2814 2227 2886 faciunt

1238 2912 1283 2980 ad
1301 2907 1392 2980 hanc
1406 2935 1495 2981 rem.
1798 2926 1799 2931 ’

1339 3030 1403 3100 Sin
1419 3043 1538 3099 autem
1552 3028 1621 3099 luit
1636 3027 1806 3113 societas,
1838 3028 1876 3099 in
1898 3055 1967 3124 qua
1991 3045 2115 3103 mutua
2137 3037 2228 3106 obli-

1238 3132 1332 3226 gatio
1369 3132 1437 3202 fuit
1470 3132 1631 3202 omnium
1664 3132 1863 3218 sociorum,
1894 3132 1969 3202 etsi
2000 3158 2075 3204 non
2095 3140 2228 3228 ,potuit

1238 3260 1301 3305 sua
1318 3235 1482 3326 pactione
1499 3260 1561 3304 rex
1577 3233 1734 3324 obligare
1759 3236 1866 3320 alios,
1893 3247 2013 3304 lamen
2034 3252 2227 3335 postquam

1238 3338 1314 3431 ipse
1329 3362 1451 3430 pacem
1474 3339 1573 3421 fecit,
1609 3349 1643 3406 et
1665 3337 1865 3407 iuramento
1889 3341 2134 3425 confirmavit,
2163 3370 2228 3414 suo

1237 3442 1316 3510 loco
1351 3465 1492 3511 servare
1524 3453 1628 3534 pacta
1664 3441 1789 3524 debet,
1829 3440 1967 3540 etiamsi
1999 3441 2070 3512 alii
2094 3445 2229 3517 dissen-

1238 3557 1371 3616 serunt.

1340 3659 1403 3730 Sin
1418 3671 1538 3729 autern
1552 3668 1824 3741 consenserunt,
1849 3658 1994 3730 fuerumt
2007 3672 2043 3732 el
2058 3661 2126 3756 ipsi
2140 3666 2231 3735 obli.

1239 3762 1334 3855 gali,
1360 3763 1451 3834 sicut
1465 3761 1629 3830 credibile
1645 3773 1707 3830 est.

1340 3883 1470 3952 Postea
1483 3894 1582 3950 “vero
1607 3879 1805 3974 quaesitum
1829 3892 1882 3950 est
1903 3875 2085 3974 sophisma
2107 3884 2154 3953 ad
2175 3909 2230 3954 re-

1241 3984 1433 4056 scindenda
1448 3979 1537 4052 haee
1551 3995 1674 4075 pacta,
1700 3995 1891 4075 postquam
1914 4009 2048 4060 novam
2072 3987 2230 4057 occasio-

1241 4112 1324 4156 nem
1358 4087 1411 4156 rei
1442 4087 1531 4155 bene
1564 4086 1737 4175 gerendae
1769 4085 1924 4155 oblatam
1954 4113 2027 4158 esse
2051 4090 2231 4159 existima-

1242 4202 1346 4272 runt,
1383 4202 1425 4259 ut
1445 4190 1561 4259 solent
1584 4206 1682 4279 reges
1704 4182 1827 4257 ludere
1849 4188 2018 4262 faciendis
2042 4204 2077 4262 et
2096 4193 2231 4263 rescin-

1276 4449 1307 4516 6)
1325 4450 1446 4530 Auctore
1469 4446 1554 4528 §oilla
1571 4457 1593 4497 s.
1607 4458 1635 4497 v.
1653 4441 1802 4527 acinace,
1826 4445 1870 4496 lrlo
1885 4444 2018 4526 beontlos
2040 4444 2092 4526 ipit
2110 4445 2230 4510 'tripolis

1312 4515 2059 4647 lltlltslltlllaltll“aillamis‘¹¹²¹
2074 4515 2111 4565 “¹
2127 4516 2230 4567 “²¹⁸⁸

1277 4688 1311 4748 7)
1328 4689 1462 4738 Fortasse
1486 4687 1536 4735 lloc
1559 4687 1660 4735 lactum
1686 4688 1730 4735 cst
1754 4686 1779 4732 ln
1804 4683 1911 4746 synodo
1936 4683 2104 4733 seleuciensi
2126 4696 2153 4736 a.
2171 4686 2229 4736 &itt

1312 4757 1475 4808 Constantio
1494 4755 1645 4816 imperante
1670 4754 1776 4815 hahita,
1807 4754 1878 4814 qrrod
1903 4753 1976 4801 inter
2000 4764 2064 4815 eos,
2098 4754 2144 4816 qul
2168 4755 2232 4804 fidel

1314 4825 1509 4887 expositionem
1528 4825 1556 4872 in
1575 4825 1624 4872 liae
1642 4822 1750 4887 synodo
1769 4821 1868 4870 edituro
1887 4822 2128 4884 subscripserant,
2148 4823 2233 4872 etiam

1313 4893 1444 4944 brontins
1472 4893 1617 4954 episcopus
1636 4888 1740 4955 iapssr
1763 4889 1919 4951 invenitur,
1951 4889 2004 4937 vid.
2023 4892 2158 4940 Moratori
2183 4904 2232 4941 slt-

1314 4973 1387 5014 cror.
1404 4961 1545 5011 concilior.
1564 4970 1635 5010 nors
1652 4959 1822 5020 etamplius.
1841 4958 1965 5008 collectio
1984 4960 2014 5011 l.
2027 4959 2072 5009 lll;
2090 4973 2117 5022 p.
2129 4961 2191 5012 322.

1278 5067 1313 5126 Β)
1328 5057 1462 5130 θαυμάζω
1480 5087 1515 5098 -
1533 5057 1702 5127 ἐπιχειρεῖς]
1725 5058 1768 5109 sio
1784 5057 1867 5111 Editl.
1885 5059 1964 5107 loliis
1981 5061 2233 5122 commentationlr3

1316 5133 1416 5182 suidas
1443 5132 1485 5184 ed.
1504 5129 1665 5189 Bernhardy
1688 5142 1713 5176 s.
1729 5140 1755 5177 v.
1774 5123 1908 5184 Λεόντιος
1931 5127 2056 5188 scripsit:
2085 5125 2234 5196 θαυμάζω,

1314 5199 1384 5266 ἔφη,
1402 5195 1476 5257 ὅπως
1494 5195 1572 5266 ἕτερα
1591 5192 1693 5258 διέπειν
1711 5192 1824 5262 ταχθεὶς
1842 5192 1942 5262 ἑτέροις
1958 5192 2110 5262 ἐπιχειρεῖς,

1279 5300 1312 5358 9)
1332 5300 1467 5359 Glaircus,
1487 5294 1645 5357 lllppoloclll
1663 5293 1751 5355 tillus,
1768 5294 1993 5358 Bellerophontis,
2007 5308 2111 5359 nepos,
2129 5298 2235 5363 [yslo.

1315 5381 1376 5417 ron
1393 5368 1504 5430 agnina
1520 5364 1629 5413 Priamo
1648 5363 1752 5413 ooxlllr
1768 5362 1879 5415 adduxit
1903 5365 1976 5430 lello
1995 5365 2132 5432 trolano,
2161 5370 2236 5420 conr.

1204 5481 1209 5489 .
1316 5439 1393 5488 lions
1412 5431 1570 5498 ll.ll,87a
1596 5431 1643 5495 Vl,
1664 5432 1785 5494 lliquq.
1821 5470 1823 5475 .
