4544 5766
123 187 197 261 899
630 181 1561 269 ‚Pflfflnauscttta'tarffltohootct
1669 214 1717 257 Α
1868 204 1907 249 :a
2051 182 2130 257 900

223 360 349 431 Oratio
374 371 425 429 est
445 356 581 447 generis
602 355 786 428 iudicialis.
837 359 956 429 Status
971 381 1098 428 causae
1132 354 1244 453 ιαμ)
1261 357 1337 448 lege
1354 357 1521 442 dicimus,
1549 354 1642 429 nihil
1654 357 1735 429 dico
1752 358 1925 451 amplius,
1955 378 2062 427 causa
2077 355 2130 425 di-

125 475 195 543 est,
229 464 323 556 quod
347 457 493 531 Archias
517 458 563 529 sit
583 457 668 528 civis
690 458 887 532 Romanus.
943 459 990 530 Ει
1010 457 1098 530 hace
1129 466 1203 528 ‘cta
1228 471 1290 529 est.

124 577 175 634 est
190 563 391 655 principalis
408 560 623 654 propositio,
650 563 696 630 ad
718 587 826 656 quam
846 566 976 633 referre
995 588 1098 655 argu·
1251 561 1389 630 Deinde
1422 562 1582 663 sequitur
1617 561 1858 647 confirmatio,
1902 573 1986 632 ante
2020 583 2128 655 quam

125 681 242 735 menta
261 678 411 757 oportet.
462 662 608 733 Haecin
625 675 699 733 tota
725 665 887 736 oratione
909 667 954 736 ob
978 668 1099 738 oculos
1129 664 1224 732 ''non
1259 665 1389 757 repetit
1421 665 1702 759 propositionem
1735 666 2021 759 suprapositam
2047 673 2127 731 ante

124 769 258 838 versari
279 770 399 836 debet:
442 768 539 837 euius
561 764 592 834 si
615 766 692 860 quis
716 767 844 839 oblitus
866 756 990 854 suerit,
1024 794 1099 839 non
1149 766 1412 853 narrationem,
1436 769 1498 838 sed
1515 780 1654 838 tantum
1668 768 1765 863 de¹¹)
1780 768 1920 838 minore
1936 768 2129 847 adseverat,

122 869 293 960 intelliget
308 870 479 965 reliquam
493 868 708 940 orationem.
759 871 852 943 Nam
875 873 913 940 in
936 872 1099 943 omnibus
1152 869 1235 962 quia
1251 869 1426 966 minorfl)
1444 883 1495 942 est
1510 865 1741 966 κρινόμενον,
1765 872 1844 941 ideo
1861 867 1970 941 habet
1986 867 2128 962 opus²³)

125 975 236 1042 causis
265 973 427 1065 inprimis
458 982 599 1064 oportet
624 972 856 1066 principalem
887 975 1099 1068 propositio·
1151 973 1374 1062 probatione.
1438 971 1488 1041 Ει
1517 986 1558 1043 ut
1586 998 1709 1043 causae
1738 997 1914 1044 summam
1944 968 2129 1064 complecti

124 1098 205 1143 nem
223 1076 433 1146 meminisse.
476 1073 540 1145 Est
553 1087 670 1143 autem
686 1088 795 1147 status
808 1077 992 1148 iudicialis.
1034 1078 1100 1145 Ar·
1151 1074 1272 1142 animo
1290 1074 1421 1166 possis,
1447 1075 1688 1167 syllogismum
1704 1102 1808 1168 supra
1830 1075 1986 1169 positum
2007 1072 2129 1143 memi-

126 1191 290 1266 gnmenta
308 1181 410 1249 ducta
428 1176 637 1266 suntalege
653 1190 686 1245 et
704 1204 722 1245 a
740 1180 895 1251 testibus.
946 1179 1038 1252 Nam
1061 1176 1101 1249 hi
1151 1177 1243 1246 nisse
1267 1182 1424 1269 oportet:
1459 1177 1593 1257 Omnes
1616 1178 1775 1271 inscripti
1797 1179 1836 1247 in
1856 1178 1960 1249 sociis
1980 1175 2128 1247 civitati-

124 1280 261 1371 proprii
275 1280 342 1349 loci
359 1292 442 1351 sunt
457 1278 703 1374 quaestionum
719 1280 947 1353 iudicialium.
1151 1278 1217 1349 hus
1232 1278 1316 1363 ete,
1342 1292 1425 1350 snnt
1439 1279 1542 1351 cives.
1581 1277 1730 1351 Archias
1746 1294 1797 1352 est
1811 1280 2019 1374 inscriptus,
2046 1304 2127 1370 ergo

226 1381 295 1451 Sed
308 1395 448 1474 praeter
461 1378 567 1465 haec,
593 1381 838 1473 longissimum
854 1397 1102 1475 argumentum
1151 1378 1303 1460 Archias
1331 1394 1383 1461 est
1415 1382 1511 1457 civis.
1573 1381 1692 1453 Maior
1714 1380 1804 1453 nihil
1824 1380 1931 1453 habet
1954 1381 2128 1473 ambigui;

126 1507 146 1551 a
163 1510 312 1576 persona
322 1481 484 1569 Archiae,
511 1496 546 1554 et
561 1485 604 1553 ab
621 1489 750 1556 artium
766 1488 935 1579 dignitate
950 1500 1103 1557 tractum
1154 1485 1403 1554 minorantem
1421 1497 1472 1555 est
1486 1484 1632 1555 incerta.
1690 1487 1884 1579 Propterea
1907 1499 1982 1555 tota
2007 1485 2131 1555 confir-

126 1599 188 1657 est.
238 1585 320 1683 lllae
336 1589 458 1658 laudes
472 1586 616 1681 proprie
627 1588 671 1684 ¹⁴)
697 1590 740 1657 ad
758 1615 867 1682 genus
883 1592 1103 1661 demonstra·
1153 1586 1264 1657 matio
1282 1587 1494 1657 versaturin
1511 1587 1649 1657 minore
1665 1590 1868 1681 probanda:
1894 1601 1931 1660 et
1950 1584 2061 1657 hahet
2083 1588 2131 1656 lo·

126 1687 239 1759 tivum
267 1691 463 1781 pertinent3
503 1691 565 1761 sed
594 1689 675 1761 inde
705 1707 911 1763 mutuamur
925 1690 970 1788 ¹⁶)
999 1717 1103 1784 saepe
1156 1715 1249 1759 cosa
1275 1689 1419 1761 testibus
1444 1702 1478 1757 et
1501 1690 1648 1775 tabulis,
1681 1694 1778 1787 quod
1798 1692 1844 1762 sit
1857 1690 2049 1762 Heracleae
2073 1691 2129 1759 ad-

127 1806 334 1883 argumeuta
364 1794 410 1864 ad
441 1793 622 1863 iudiciales
651 1818 791 1879 causas,
840 1794 922 1893 quia
952 1796 1104 1886 dignitas
1155 1790 1327 1883 scriptus,
1342 1794 1452 1887 'quod
1469 1793 1514 1865 sit
1524 1795 1713 1885 professus.
1764 1794 1894 1865 Postea
1916 1794 2015 1863 addit
2039 1791 2129 1861 veri·

126 1917 359 1986 personarum
374 1894 538 1966 conciliat
551 1895 710 1966 favorem
732 1898 910 1982 indicum,
936 1912 971 1969 et
988 1896 1106 1967 reddit
1156 1893 1269 1965 simile
1289 1918 1330 1963 cx
1345 1892 1559 1992 minore”):
1591 1895 1697 1965 Multi
1720 1896 1781 1967 alii
1801 1897 1977 1967 leviorum
2001 1895 2130 1966 artium

127 2020 267 2067 causam
284 1998 396 2090 magis
413 1998 631 2091 probabilem
651 2014 686 2069 et
700 2001 939 2072 verisimilem.
998 1998 1049 2069 lta
1071 2013 1106 2069 et
1156 1997 1274 2089 periti,
1298 1996 1468 2088 adscripti
1481 1996 1669 2092 sontium)
1684 1999 1788 2071 sociis
1803 1998 2021 2069 civitatibus:
2050 2021 2131 2089 ergo

128 2093 186 2166 hic
217 2114 483 2191 argumentatur
506 2100 645 2171 Cicero:
687 2102 780 2195 Quia
804 2100 953 2174 Archias
975 2126 1105 2194 magna
1157 2098 1346 2170 verisimile
1365 2111 1468 2169 estet
1491 2096 1586 2171 hunc
1610 2101 1827 2195 adscriptum
1849 2126 1934 2174 esse.
1992 2100 2132 2172 Postre-

128 2200 294 2270 facnltate
310 2203 441 2295 ingenii
459 2203 638 2296 praeditus
656 2218 727 2289 est,
759 2230 843 2297 ergo
866 2206 1031 2283 credibile
1055 2217 1108 2276 est
1157 2227 1217 2272 mo
1233 2201 1333 2271 addit
1348 2200 1448 2295 signa
1465 2201 1620 2273 Romani
1637 2202 1741 2276 civis:
1773 2203 1873 2275 Adiit
1886 2200 2132 2285 haereditates,

131 2326 210 2370 eum
228 2302 367 2374 civitate
382 2307 552 2376 donatum
572 2331 656 2378 esse.
708 2304 813 2379 ltem:
848 2308 941 2403 Quia
967 2308 1030 2377 tali
1054 2319 1106 2378 est
1158 2316 1407 2375 testamentum
1431 2307 1534 2392 lecit,
1567 2305 1607 2375 in
1626 2306 1805 2381 beneficiis
1828 2306 1928 2404 adw)
1953 2306 2130 2377 aerarium

130 2403 293 2494 ingenio,
320 2423 475 2479 meretur
489 2410 634 2479 retineri
654 2409 692 2479 in
717 2412 867 2482 civitate.
919 2412 1040 2482 Genus
1055 2410 1107 2479 di·
1157 2408 1294 2477 delatus
1309 2421 1380 2493 est,
1405 2409 1442 2477 id
1450 2408 1497 2505 ²⁷)
1519 2422 1590 2495 est,
1615 2409 1755 2481 aerario
1777 2408 1965 2503 pecuniam
1986 2406 2133 2480 donarit

130 2507 232 2574 cendi
251 2510 286 2576 in
310 2505 375 2579 hac
401 2511 561 2583 oratioue
582 2513 684 2583 initio
705 2514 951 2598 summissum,
983 2526 1036 2597 et,
1067 2524 1109 2582 ut
1159 2534 1201 2580 er
1222 2510 1455 2581 testamentis.

130 2623 277 2695 vocant,
299 2612 455 2687 Atticum
471 2629 533 2687 est.
576 2614 700 2711 Neque
719 2617 814 2699 enim
829 2617 944 2708 longis
960 2616 1108 2691 circum·
1261 2611 1355 2707 Quia
1371 2638 1475 2687 causa
1491 2638 1556 2706 per
1570 2638 1607 2689 se
1621 2614 1737 2695 tenuis
1751 2626 1787 2684 et
1807 2615 1930 2705 exigua
1951 2626 2026 2697 est,
2059 2613 2134 2681 red·

130 2709 375 2799 ductionrhus,
396 2733 458 2788 aut
474 2718 767 2813 expolitionibus,
802 2731 864 2790 aut
885 2719 1005 2811 liguris
1025 2742 1108 2810 pro-
1159 2714 1212 2784 dit
1224 2713 1271 2810 ²⁸)
1301 2740 1379 2785 eam
1409 2715 1685 2810 splendidiorem
1706 2729 1742 2786 ει
1762 2716 1990 2787 illustriorem
2012 2716 2131 2785 addito

132 2814 189 2883 cul
209 2818 382 2891 accersitis
402 2847 485 2893 usus
512 2836 575 2893 cst.
637 2822 773 2891 Multae
796 2824 922 2897 breves
945 2833 1028 2891 sunt
1048 2843 1108 2911 pe·
1159 2818 1238 2886 loco
1255 2821 1438 2889 communi
1451 2821 1495 2890 de
1516 2821 1620 2892 laude
1638 2819 1849 2899 litterarum.
1905 2818 2058 2890 Etcum
2080 2844 2133 2887 su-

131 2916 243 3001 riodi,
270 2934 304 2990 et
317 2925 462 3015 propria
478 2926 605 2994 oratio.
657 2924 787 2994 Postea
803 2923 894 2993 eirca
916 2926 1023 3015 tinem
1045 2919 1109 2989 ali-
1160 2943 1226 3011 pra
1243 2935 1451 3013 argumenta
1469 2948 1488 2991 a
1505 2947 1544 2993 re
1558 2947 1621 2993 seu
1636 2946 1739 2993 causa
1754 2919 1920 3007 traxerit,
1944 2917 2003 2991 hic
2021 2946 2041 2989 a
2059 2944 2134 3012 per·

133 3035 266 3113 quanto
276 3021 320 3117 ¹⁶)
341 3024 503 3097 floridior
517 3039 570 3099 est
588 3027 715 3096 oratio.
1160 3046 1247 3094 sona
1264 3025 1361 3094 ducit
1377 3039 1641 3117 argumentum:
1669 3020 1818 3097 Archias
1840 3036 1893 3094 est
1911 3020 2024 3094 homo
2045 3022 2133 3091 litte-

232 3124 398 3198 Narratio
438 3130 595 3200 continet
631 3126 891 3222 propemodum
922 3120 1108 3195 historiam
1160 3136 1258 3194 ratus
1274 3139 1309 3195 et
1323 3141 1446 3219 poeta,
1471 3153 1554 3220 ergo
1579 3143 1631 3198 est
1653 3129 1778 3218 dignus
1802 3152 1908 3221 quem
1931 3127 1970 3195 in
1993 3125 2132 3197 civitate

132 3222 225 3293 vitae
239 3224 390 3299 Archiae
408 3243 444 3301 ει
455 3231 801 3325 peregrinationum,
829 3253 872 3299 ex
888 3227 1015 3322 quibus
1029 3250 1110 3317 pcr-
1160 3227 1387 3302 retineamus.
1445 3230 1630 3302 Transiert
1651 3231 1759 3323 igitur
1782 3230 1982 3307 orationem
2006 3229 2054 3298 ab
2076 3224 2134 3319 hy-

131 3327 303 3414 veniteo,
330 3345 370 3402 ut
383 3335 527 3418 doceat,
553 3335 734 3430 quomodo
752 3332 806 3401 ius
822 3330 972 3399 civitatis
990 3353 1110 3398 conse·
1160 3326 1300 3423 pothesi
1314 3334 1361 3401 ad
1373 3328 1505 3417 thesin,
1538 3335 1575 3402 id
1593 3348 1662 3418 εει,
1694 3337 1741 3403 ad
1759 3334 1878 3402 locum
1900 3356 2135 3409 communem,

133 3441 232 3500 cutus
246 3434 290 3502 sit
307 3436 450 3527 exlege.
497 3435 545 3506 Et
560 3449 611 3509 est
626 3438 671 3504 ad
686 3437 791 3504 tinem
806 3431 1021 3503 narrationis
1041 3431 1111 3524 syl·
1161 3433 1307 3504 scilicet:
1349 3434 1483 3508 Omnes
1506 3437 1656 3508 studiosi
1677 3451 1761 3507 sunt
1788 3436 1938 3506 colendi.
2006 3435 2078 3504 Sed
2100 3445 2134 3503 ut

132 3529 300 3625 logismus
315 3539 473 3623 additus,
499 3539 562 3610 ubi
576 3537 694 3632 primo
707 3539 786 3606 loco
808 3536 954 3628 ponitur
970 3534 1111 3603 conclu·
1160 3539 1319 3608 modeste
1343 3540 1522 3633 praedicet
1534 3536 1723 3625 Archiam,
1762 3564 1807 3609 ue
1830 3537 2044 3609 immodicae
2066 3538 2134 3607 lau·

132 3632 202 3704 sio:
244 3637 336 3708 Data
367 3654 419 3711 est
449 3640 590 3722 civitam
638 3640 766 3709 deinde
795 3639 929 3707 maior:
975 3638 1110 3709 Omnes
1148 3640 1222 3727 ,des
1238 3656 1391 3713 noceant
1404 3644 1457 3727 ei,
1483 3645 1647 3713 transfert
1662 3668 1737 3711 rem
1754 3641 1792 3710 in
1813 3666 1914 3711 suam
1935 3664 2134 3733 personam,

133 3736 197 3830 qui
212 3735 258 3836 ¹⁷)
281 3740 321 3809 in
340 3743 443 3812 sociis
466 3742 665 3813 civitatibus
686 3739 855 3833 adscripti
878 3751 980 3823 sunt,
1016 3739 1110 3811 siin
1162 3742 1248 3813 dicit
1258 3770 1295 3815 se
1310 3746 1457 3838 plurimi
1471 3747 1585 3815 facere
1597 3742 1778 3815 Archiam.
1819 3742 1938 3839 Estw)
1955 3768 2042 3834 ergo
2058 3765 2133 3835 pro-

132 3833 251 3926 ltalia,
275 3866 356 3913 cum
377 3844 433 3913 lex
452 3846 622 3930 ferretur,
654 3842 874 3914 domicilium
895 3838 1110 3926 habueruut,
1160 3847 1309 3939 positio:
1341 3847 1420 3941 Ego
1434 3848 1554 3940 magni
1568 3846 1715 3943 sacio³⁰)
1730 3841 1909 3917 Archiam.
1972 3843 2134 3940 Sequitur

133 3953 169 4011 et
181 3944 330 4034 professi
346 3959 429 4019 sunt
445 3947 539 4017 intra
565 3946 639 4017 dies
654 3945 770 4041 LX10)
792 3944 888 4036 apud
908 3955 1110 4036 praetorem
1161 3950 1253 4021 ratio
1274 3946 1545 4044 enthymematis
1559 3952 1691 4022 forma:
1728 3950 1822 4043 Quia
1837 3949 1912 4021 eius
1925 3948 2043 4029 studia
2058 3969 2133 4039 pro·

133 4056 216 4127 eto,
256 4062 338 4118 sunt
364 4050 466 4122 cives.
531 4046 680 4119 Archias
709 4046 905 4140 adscriptus
927 4058 979 4116 est
998 4044 1110 4147 Hera-
1162 4065 1244 4123 sunt
1258 4048 1348 4123 mihi
1364 4055 1410 4121 ad
1422 4052 1691 4123 delectationem
1704 4104 1726 4138 ,-
1746 4052 1874 4137 deinde
1889 4052 1996 4122 etiarn
2012 4052 2059 4121 ad
2073 4046 2132 4120 uti-

135 4147 247 4234 cleae,
273 4165 308 4220 et
323 4150 447 4231 habuit
463 4153 679 4224 domicilium
696 4150 855 4233 Romae,
882 4160 916 4215 et
933 4148 1110 4239 professus
1161 4155 1296 4225 litatem
1315 4157 1353 4223 in
1370 4153 1929 4239 hacsorensifacultatedicendi.
1983 4155 2031 4225 Et
2056 4150 2129 4222 huic

135 4262 206 4334 est,
244 4266 307 4324 etc.
368 4252 420 4325 Ita
454 4257 629 4327 clauditur
648 4255 826 4336 narratio,
859 4275 934 4319 non
958 4252 1108 4341 repetita
1162 4258 1295 4327 rationi
1309 4271 1362 4331 est
1376 4259 1530 4331 subiecta
1545 4257 1663 4329 brevis
1679 4259 1735 4328 vel
1748 4256 1994 4351 comprobatio
2016 4258 2072 4326 rel
2085 4279 2129 4323 re

135 4354 362 4425 conclusione
371 4360 524 4450 propriis
540 4361 675 4444 verbis,
701 4361 762 4430 sed
782 4356 937 4452 quadam
953 4358 1111 4444 generali

133 4453 415 4544 adseveratione,
442 4463 523 4555 quia
538 4462 731 4557 necessem)
750 4457 898 4548 intelligi
915 4455 1111 4529 conclusio·
1195 4497 1244 4555 2⁰)
1262 4496 1308 4559 ω]
1324 4493 1407 4545 ΕΜ
1424 4491 1500 4543 mo,
1512 4491 1557 4555 p„
1576 4490 1668 4556 1552,
1686 4491 1761 4544 ιω),
1779 4492 1839 4559 ¹¹4⁰·

132 4578 214 4623 nem
230 4559 377 4633 recitato
394 4563 612 4658 syllogismo:
642 4566 681 4637 si
700 4561 792 4637 nihil
813 4560 883 4631 nisi
903 4560 946 4628 de
967 4558 1110 4635 civitate
1194 4577 1617 4643 autumnitanorum

1195 4669 1246 4729 22)
1261 4668 1365 4727 minor]
1386 4666 1435 4714 tto.
1452 4664 1528 4717 155⁴.
1544 4664 1640 4713 mator.

1195 4752 1244 4821 22)
1262 4756 1342 4805 hehet
1360 4752 1442 4814 opes]
1458 4749 1596 4800 Ειι1568.
1617 4762 1685 4813 opus
1702 4750 1793 4804 astet

169 4828 216 4889 ¹⁴)
232 4826 359 4891 propere]
373 4827 600 4907 nunterston,
618 4830 711 4896 Μ,
729 4830 806 4881 ¹⁶⁵⁴·
820 4823 960 4891 proprus.
1196 4838 1245 4898 aa)
1262 4835 1384 4894 manare]
1402 4833 1443 4885 sto
1460 4832 1655 4889 omnesaue
1670 4836 1782 4895 poster
1798 4834 1884 4897 uuas.
1898 4837 1972 4901 mss,
1991 4842 2020 4891 a
2032 4840 2127 4897 cm,

164 4932 211 4988 td)
229 4931 552 4991 saturninianorum.
570 4936 735 4985 mutuantur.
1202 4908 1206 4915 ’
1230 4918 1300 4970 ‘1⁰⁸0
1316 4905 1427 4954 Μιθηῑῑ
1452 4900 1558 4952 ¹¹¹5110fl·

166 5036 211 5093 ¹⁶¹
228 5036 382 5099 aliquanto]
399 5034 482 5083 Μ’·
495 5034 585 5098 Μ’
609 5036 684 5087 ¹⁶⁹²·
702 5032 858 5098 ³¹¹l¹¹⁸¹²⁶⁰‘
1195 4991 1245 5134 iii
1262 4989 1351 5136 iiiii
1362 4985 1670 5131 ridiiiidioieiiiro.
1684 5072 1760 5127 ross.
1777 5074 1843 5125 recte
1860 5075 1888 5125 m
1905 5078 2059 5146 ammeta,
2075 5080 2111 5129 sa.

167 5137 213 5196 17)
232 5138 332 5189 omues
349 5135 408 5199 qul]
426 5135 475 5185 Ed.
490 5134 564 5185 1592.
583 5136 745 5196 Omnesque.
1195 5159 1243 5227 ῃ)
1261 5162 1304 5220 ig]
1319 5159 1370 5211 m
1386 5158 1460 5208 tooe.
1475 5158 1534 5207 1100,

162 5241 209 5299 18)
224 5241 289 5296 Lx]
316 5240 355 5287 stc
378 5250 471 5289 omnes
496 5236 579 5287 unat.
608 5234 728 5297 sxcsptts
753 5232 838 5282 rotat.
853 5230 928 5282 1592.
952 5234 977 5281 ct
996 5234 1107 5291 colon.
1195 5245 1243 5304 28]
1261 5239 1618 5304 restaurarentur„
1638 5242 1711 5294 toas.
1724 5242 1755 5294 P.
1773 5243 1877 5296 reddet.

194 5323 262 5373 t¹¹³⁰
280 5310 391 5358 ltl⁰¹¹l²
414 5306 473 5356 ΙΝ·
888 5340 895 5353 ·
1194 5331 1244 5389 ss)
1260 5332 1327 5390 ιιι]
1348 5327 1431 5378 noro.
1445 5325 1537 5387 raso..
1557 5327 1631 5377 rosa.
1649 5332 1677 5376 et
1694 5328 1806 5383 corone:
1827 5330 1903 5381 urst.

164 5414 210 5470 19)
228 5415 354 5473 successe]
371 5410 454 5462 ιιιιιι.
469 5411 560 5476 15151,
580 5408 673 5475 tote„
692 5402 767 5455 1622.
785 5412 899 5453 necem
916 5407 967 5453 cst
1193 5414 1242 5477 so)
1259 5411 1352 5481 magui
1367 5412 1455 5474 moto]
1470 5410 1522 5465 aa.
1535 5412 1610 5465 tm
1629 5413 1827 5478 ηιιιιιιιειιιιι,

134 4728 337 4753 αι--μ-
