4566 5760
144 213 192 287 41

142 384 255 477 possit
269 397 394 455 nostra
409 383 660 455 exercitatione
677 410 739 458 seu
756 388 1024 472 assuefactione,
1046 414 1126 461 cum

142 486 334 577 singularis
349 488 395 557 sit
409 487 462 557 vis
476 500 638 560 naturae.
677 489 734 559 Ad
748 486 817 561 hoc
834 492 1126 583 respondendum

142 602 215 673 est,
242 589 317 660 sive
338 589 479 674 adsint,
499 590 573 661 sive
596 591 712 662 desint
727 589 862 663 heroici
879 595 1050 686 impetus,
1074 609 1126 666 ta-

139 714 226 761 men
241 692 353 762 virtus
376 693 577 784 comparari
591 707 709 786 potest
724 709 846 765 nostra
862 698 1125 770 exercitatione.

137 790 218 863 lmo
241 818 381 864 necesse
407 808 460 865 εεῖ
487 791 650 866 adhiberi
672 798 871 868 doctrinam
897 813 933 869 et
957 803 1125 871 exercita-

138 896 297 980 tionem,
324 921 416 991 quae
441 898 547 966 efficit
568 900 776 971 excellentes
791 900 940 972 virtutes
953 903 992 971 in
1006 899 1125 973 heroi-

138 999 190 1068 cis
206 999 363 1083 uaturis,
389 999 428 1068 in
443 1000 522 1072 aliis
536 1015 655 1071 autem
668 1004 876 1074 mediocres.
915 1005 1014 1076 Sicut
1027 1007 1123 1074 enim

138 1101 248 1170 etiam
270 1102 420 1186 caeteri,
447 1102 509 1196 qui
531 1127 606 1172 non
622 1100 755 1174 habent
770 1107 978 1178 excellentes
992 1122 1123 1193 motus,

137 1204 267 1275 sinon
296 1206 368 1275 sint
396 1206 608 1276 monstrosis
629 1207 782 1298 ingeniis
800 1211 972 1301 praediti,
1003 1222 1124 1281 tamen

137 1308 319 1377 assuefieri
339 1320 506 1399 possunt,
532 1321 572 1377 ut
597 1310 826 1381 mediocriter
846 1311 1013 1404 pingant,
1040 1338 1122 1382 can-

135 1421 235 1491 tent,
261 1422 325 1480 aut
344 1433 467 1479 versus
487 1410 635 1480 faciant:
665 1412 714 1481 ita
740 1415 847 1484 etiam
870 1416 1028 1487 actiones
1050 1417 1122 1485 vir-

135 1523 253 1581 tutum
270 1511 499 1581 mediocriter
513 1514 604 1581 effici
619 1529 768 1605 possunt
784 1518 860 1588 sine
882 1513 1027 1588 heroico
1043 1545 1121 1588 mo-

135 1625 190 1683 tu.
225 1609 310 1681 ldeo
327 1613 424 1683 Deus
439 1614 517 1683 vult
530 1640 654 1687 omues
668 1613 833 1691 homines
846 1620 982 1710 legibus
997 1618 1121 1692 coher-

132 1714 209 1784 ceri
230 1728 266 1785 et
283 1717 377 1806 regi,
403 1727 439 1784 et
453 1716 512 1784 vix
527 1718 717 1812 quisquam
731 1734 804 1790 tam
820 1736 1043 1797 monstrosus
1056 1739 1119 1809 est,

130 1817 173 1886 in
199 1842 271 1912 quo
292 1842 367 1887 uon
389 1818 460 1888 siut
484 1819 625 1914 aliquae
649 1821 805 1923 στοργαὶ
822 1823 998 1921 φυσικαὶ,
1027 1852 1119 1922 quae

130 1932 219 1990 sunt
241 1921 357 1990 bonae
380 1920 628 1993 inclinationes
652 1929 892 1998 communiter
912 1927 1039 1999 insitae
1054 1925 1118 2000 ho-

129 2022 289 2093 minibus
305 2025 351 2093 ad
371 2025 557 2118 plerasque
574 2026 735 2098 virtutes.

235 2158 359 2228 Tertia
390 2183 495 2230 causa
525 2160 699 2234 adiuvans
730 2175 783 2233 est
814 2162 1020 2255 disciplina,
1056 2190 1118 2236 seu

130 2261 361 2347 assuefactio,
393 2287 457 2331 seu
485 2264 702 2338 exercitatio.
761 2265 858 2335 Haec
892 2267 987 2337 enim
1021 2267 1117 2339 idem

130 2362 342 2453 significant.
399 2363 546 2435 Utimur
577 2381 695 2438 autem
723 2393 846 2441 rursus
871 2372 1032 2462 exemplo
1060 2395 1117 2440 ar-

128 2465 244 2549 tium,
269 2467 308 2535 in
335 2465 464 2561 quibus
493 2468 687 2556 discendis,
719 2484 760 2541 ut
782 2473 828 2542 ad
852 2472 1052 2543 doctrinam
1081 2487 1118 2544 et

128 2580 297 2638 nutrirem
340 2581 482 2660 oportet
516 2575 683 2642 accedere
723 2574 1012 2644 exercitationem
1053 2600 1116 2644 seu

127 2693 256 2752 usum,
282 2671 329 2738 ita
348 2670 386 2737 in
410 2675 571 2762 paranda
587 2674 718 2743 virtute
735 2700 824 2766 opus
846 2687 990 2744 estnon
1004 2678 1113 2746 modo

128 2772 294 2841 doctrina
319 2782 354 2840 et
376 2774 531 2842 naturali
554 2775 708 2867 impetu,
740 2780 801 2847 sed
830 2777 936 2846 etiam
959 2781 1113 2872 quadar'n

126 2875 236 2963 longa
260 2875 532 2960 assuefactione,
556 2902 647 2972 quae
662 2878 779 2971 pariat
802 2891 838 2948 et
852 2882 1038 2950 confirmet
1052 2878 1114 2951 ha-

126 2978 235 3046 bitus.
294 2975 391 3046 llaec
422 2981 596 3050 sententia
618 2983 804 3052 manifesta
834 2995 905 3065 est,
932 2996 1113 3054 ettamen

128 3091 296 3171 apparet,
322 3103 430 3173 quam
445 3081 571 3151 leviter
589 3097 714 3153 curent
727 3109 805 3154 eam
819 3081 1002 3170 homines,
1029 3088 1112 3181 quia

125 3183 242 3252 multo
267 3182 387 3253 minus
408 3183 612 3275 diligentiae
637 3184 808 3257 adhibent
836 3188 882 3256 ad
902 3189 1112 3260 formandos

125 3309 264 3367 mores,
290 3309 399 3378 quarn
422 3287 573 3358 artifices
596 3289 641 3356 ad
664 3289 848 3361 discendas
871 3304 976 3361 artes.
1027 3289 1110 3362 Ideo

127 3389 311 3482 quondam
335 3388 469 3478 legibus
493 3390 591 3459 varia
617 3392 781 3462 exercitia
800 3392 993 3464 iuventutis
1012 3395 1112 3465 insti-

126 3502 204 3560 tuta
233 3502 353 3559 erant:
388 3502 424 3558 et
444 3490 541 3563 Deus
564 3494 712 3564 tradidit
737 3495 957 3566 ceremonias
981 3495 1020 3564 in
1046 3521 1109 3568 sua

123 3593 221 3683 lege,
246 3605 286 3662 ut
301 3592 476 3677 exercitiis
493 3594 705 3688 quibusdam
727 3599 928 3669 assuefieret
943 3600 1109 3691 populus.

121 3695 236 3764 Addit
257 3696 363 3764 etiam
389 3696 506 3766 omnis
530 3699 668 3788 generis
684 3700 911 3784 afflictiones,
937 3713 1109 3796 tanquam

123 3820 323 3882 carcerem,
339 3810 380 3868 ut
394 3813 484 3869 esset
500 3800 638 3873 occasio
656 3803 843 3874 exercendi
859 3803 1022 3874 omnium
1037 3804 1109 3873 vir-

122 3912 243 3973 tutum
259 3899 425 3973 actiones.

226 4033 361 4103 Extant
380 4049 499 4109 autem
514 4038 626 4109 multa
649 4039 857 4132 gravissima
881 4041 975 4113 dicta
996 4042 1040 4112 de
1055 4042 1108 4113 di-

123 4137 293 4230 sciplina,
319 4160 410 4231 quae
428 4134 486 4208 hic
502 4142 651 4213 recitare
668 4143 821 4215 nimium
838 4145 985 4237 longum
1001 4158 1106 4217 esset:

121 4241 297 4312 Aristides
323 4252 469 4309 venuste
494 4245 679 4316 coniunxit
701 4271 841 4333 causas,
869 4248 933 4343 qui
954 4248 1107 4319 interro-

123 4357 244 4438 gatus,
275 4344 459 4436 quomodo
483 4343 651 4418 virtutem
680 4364 888 4423 consecutus
911 4364 1020 4436 esset,
1052 4352 1107 4420 in-

122 4446 219 4544 quit:
246 4444 443 4537 Praecipua
465 4469 570 4517 causa
600 4463 653 4521 est
674 4465 825 4539 natura,
852 4467 887 4524 et
910 4479 978 4546 ego
1002 4467 1107 4524 uatu-

121 4574 203 4621 ram
217 4546 372 4618 studiose
388 4547 521 4620 adiuvi.

224 4683 403 4756 Hactenus
431 4687 476 4755 de
504 4682 761 4779 philosophicis
794 4688 985 4762 virtutibus
1016 4691 1106 4761 dixi-

119 4813 214 4860 mus.
262 4786 333 4857 Sed
345 4789 389 4856 de
405 4785 617 4860 Christianis
631 4792 715 4861 addi
732 4793 862 4864 debent
875 4819 1014 4877 causae,
1038 4818 1104 4865 no-

119 4891 201 4962 titia
229 4888 432 4980 Evangelii,
465 4903 501 4960 et
523 4893 676 4984 Spiritus
702 4909 843 4968 sanctus
867 4897 1041 4969 adiuvans
1069 4911 1105 4968 εῖ

119 4993 307 5086 impellens
328 4988 503 5064 humanas
524 4996 635 5078 vires,
668 4997 730 5068 ubi
753 4999 839 5068 dum
864 5001 1103 5070 considerabi-

118 5121 221 5179 mus,
255 5107 387 5189 quanta
413 5095 459 5166 sit
481 5096 668 5170 iufirmitas
692 5095 932 5172 humanarum
957 5103 1102 5186 virium,

119 5195 377 5287 intelligemus,
408 5198 495 5294 quid
522 5201 612 5271 desit
640 5198 907 5296 philosophiae,
932 5218 969 5275 et
988 5207 1102 5297 magis

118 5299 320 5372 amabimus
348 5296 586 5374 Christianam
617 5305 838 5391 doctrinam,
876 5331 967 5402 quae
997 5332 1101 5378 mon·

117 5416 210 5478 strat
230 5402 400 5476 auxilium
422 5403 572 5476 intanta
595 5405 850 5485 imbecillitate.
899 5408 970 5482 Sed
985 5412 1030 5483 de
1044 5407 1100 5483 his

698 211 725 288 1.
765 213 1118 288 PHILOSOPHIAF.
1144 210 1360 287 MORALIS
1384 210 1615 286 EPITOME.

2118 214 2169 290 42

1180 388 1294 461 causis
1315 387 1408 457 infra
1430 387 1546 459 dicam
1568 382 1746 478 copiosius
1771 383 1810 452 in
1830 383 2039 478 quaestione
2065 386 2109 455 de
2125 387 2168 454 li-

1177 492 1264 563 bero
1281 491 1445 563 arbitrio.

1467 659 1661 731 Materia
1695 659 1867 755 inqua.

1275 796 1406 868 Anima
1429 793 1588 868 hominis
1614 797 1673 868 est}
1689 794 1905 876 subiectum,
1932 793 1971 862 iu
1996 819 2069 888 quo
2093 798 2165 864 exi-

1175 913 1273 971 stunt
1294 901 1463 985 virtutes,
1488 898 1659 982 materia,
1687 897 1778 967 circa
1799 919 1907 991 quam
1927 910 2077 968 vocatur
2102 901 2164 966 ob-

1174 1003 1316 1076 iectum.
1367 1004 1458 1073 Sunt
1474 1004 1544 1074 alia
1562 1001 1714 1072 aliarum
1731 1001 1905 1071 virtutum
1922 999 2072 1071 obiecta.

1469 1173 1612 1244 Causa
1638 1171 1867 1244 formalis.

1275 1309 1390 1380 Causa
1411 1311 1572 1381 formalis
1593 1310 1775 1380 actionum
1800 1321 1852 1378 est
1877 1307 1952 1399 ipsa
1977 1308 2090 1388 actio,
2125 1308 2161 1375 id

1173 1424 1243 1495 est,
1268 1425 1388 1483 motus
1408 1413 1622 1497 voluntatis,
1649 1413 1711 1507 qui
1735 1414 1961 1502 obtemperat
1982 1423 2081 1480 recto
2109 1409 2161 1479 iu-

1173 1514 1286 1599 dicio,
1312 1528 1347 1584 et
1370 1510 1454 1586 huic
1477 1515 1594 1586 motui
1617 1515 1727 1586 servit
1751 1515 1881 1608 aliquis
1896 1525 2017 1583 motus
2029 1511 2161 1596 cordis,

1171 1618 1273 1688 utin
1298 1619 1514 1703 terroribus,
1549 1631 1585 1689 et
1611 1615 1758 1688 caeteris
1789 1615 1973 1687 affectibus
2002 1614 2161 1706 conspici

1170 1733 1298 1813 potest.
1357 1720 1451 1814 Quia
1476 1746 1538 1791 cor
1567 1735 1619 1792 est
1641 1742 1815 1813 organum
1845 1716 2027 1810 potentiae
2050 1742 2160 1808 appe-

1171 1822 1296 1907 tentis,
1318 1847 1381 1894 seu
1396 1825 1495 1895 sedes
1508 1825 1719 1905 affectuum,
1739 1836 1779 1893 ut
1794 1821 1888 1891 infra
1903 1821 2033 1891 dicam.
2067 1821 2158 1890 Cum

1171 1939 1289 1996 autem
1307 1927 1574 2019 propriissimae
1593 1925 1818 1997 definitiones
1835 1934 2024 1994 sumantur
2040 1945 2060 1991 a
2077 1946 2158 1991 cau-

1169 2028 1216 2099 sis
1228 2029 1457 2114 formalibus,
1482 2030 1644 2124 sequitur
1661 2051 1739 2098 eam
1755 2027 2022 2109 definitionem,
2048 2048 2157 2118 quam

1169 2156 1275 2225 supra
1300 2132 1452 2216 tradidi,
1478 2133 1633 2204 maxime
1657 2131 1859 2223 appositam
1889 2155 1983 2211 esse,
2017 2127 2080 2197 ubi
2104 2126 2156 2195 di-

1169 2236 1261 2305 citur
1288 2234 1457 2304 virtutem
1488 2260 1561 2306 esse
1592 2233 1853 2318 obedientiam,
1885 2255 1957 2326 qua
1988 2231 2155 2306 voluntas

1168 2340 1392 2430 obtemperat
1407 2350 1523 2408 rectae
1540 2337 1686 2409 rationi.

1486 2509 1629 2581 Causa
1660 2509 1834 2580 finalis.

1267 2639 1367 2711 quta
1384 2639 1636 2735 philosophos,
1663 2644 1776 2712 virtus
1798 2642 1874 2732 ipsa
1899 2652 1952 2709 est
1966 2639 2066 2720 finis,
2093 2665 2151 2707 cx-

1164 2747 1319 2836 petenda
1341 2759 1490 2837 propter
1512 2772 1549 2817 se
1572 2746 1705 2838 ipsam,
1730 2746 1792 2814 sed
1807 2741 1936 2812 rectius
1955 2754 2007 2811 cst
2023 2743 2153 2809 addere

1165 2846 1275 2916 alium
1308 2848 1438 2932 finem,
1479 2873 1587 2943 quem
1617 2849 1675 2917 lex
1706 2846 1775 2917 Dei
1808 2842 1981 2928 ostendit,
2020 2843 2155 2914 scilicet

1164 2949 1302 3032 Deum,
1327 2950 1439 3036 uirtus
1461 2964 1514 3021 est
1538 2951 1733 3043 expetenda
1764 2959 1913 3042 propter
1940 2944 2081 3027 Deum,
2113 2946 2151 3013 id

1165 3065 1236 3135 est,
1265 3064 1307 3123 ut
1327 3050 1406 3121 Deo
1426 3065 1628 3144 praestetur
1653 3052 1770 3122 debita
1798 3049 2022 3134 obedientia,
2057 3061 2092 3117 et
2111 3062 2152 3117 ut

1163 3156 1277 3247 gloria
1292 3153 1361 3222 Dei
1374 3154 1590 3239 illustretur,
1612 3153 1649 3223 id
1665 3168 1735 3239 est,
1760 3166 1801 3225 ut
1816 3152 2013 3222 invitentur
2028 3150 2090 3220 alii
2105 3152 2152 3219 ad

1163 3258 1382 3349 agnitionem
1404 3257 1494 3343 Dei,
1519 3258 1648 3328 deiude
1672 3268 1756 3327 sunt
1776 3259 1864 3327 fines
1884 3256 2003 3325 minus
2017 3253 2151 3346 princi-

1162 3362 1260 3453 pales
1280 3360 1413 3430 scilicet
1436 3361 1597 3453 praemia
1619 3360 1807 3431 virtutum.
1858 3360 1953 3431 Nam
1974 3358 2067 3447 leges
2092 3380 2150 3424 ra-

1162 3463 1267 3555 piunt
1282 3465 1328 3531 ad
1343 3487 1498 3553 poenam
1521 3458 1739 3546 homicidas,
1764 3463 1860 3531 fures
1874 3474 1940 3531 etc.
1954 3461 2151 3529 defendunt

1162 3567 1269 3637 etiarn
1292 3565 1414 3635 iustos.
1464 3563 1562 3635 Deus
1578 3565 1686 3634 etiam
1709 3565 1878 3656 praemiis
1900 3562 2149 3653 corporalibus

1161 3682 1197 3739 et
1210 3667 1454 3760 spiritualibus
1467 3679 1562 3735 recta
1583 3669 1675 3736 facta
1694 3678 1818 3750 ornat,
1845 3678 1881 3735 et
1895 3660 1960 3735 hos
1979 3666 2066 3734 lines
2081 3665 2149 3731 mi-

1160 3795 1227 3841 nus
1248 3770 1462 3863 principales
1490 3769 1573 3838 licet
1598 3794 1663 3840 suo
1689 3769 1770 3839 loco
1795 3780 1979 3860 expetere,
2006 3768 2077 3849 ita,
2107 3780 2148 3836 ut

1159 3898 1235 3946 non
1251 3875 1436 3944 deseratur
1452 3871 1662 3965 principalis
1680 3871 1772 3945 finis.

1287 4085 1405 4154 Estne
1423 4081 1599 4153 voluntas
1622 4079 1793 4154 bumana
1817 4074 2022 4168 libera?⁴³)

1262 4233 1353 4304 Cum
1374 4233 1484 4303 modo
1506 4233 1550 4302 de
1569 4231 1683 4302 causis
1697 4229 1910 4311 dixerimus,
1936 4225 2142 4320 proximum
2224 4316 2231 4336 .

1158 4349 1230 4421 est,
1254 4348 1297 4407 ut
1320 4337 1363 4406 de
1383 4335 1546 4406 libertate
1562 4334 1756 4404 voluntatis
1779 4355 2012 4427 quaeramus,
2038 4329 2144 4398 ausit

1157 4440 1270 4511 libera
1296 4439 1461 4509 voluntas
1482 4433 1662 4519 humana,
1688 4431 1757 4504 hoc
1781 4446 1853 4518 est,
1879 4457 1926 4501 an
1943 4432 2056 4525 possit
2080 4433 2142 4501 ob-

1157 4555 1357 4635 temperare
1375 4541 1507 4611 iudicio
1528 4537 1699 4621 rationis,
1725 4550 1761 4607 et
1781 4560 1994 4629 repugnare.
2048 4535 2142 4604 Con-

1156 4657 1227 4715 stat
1248 4657 1367 4714 autem
1387 4638 1481 4713 hauc
1497 4642 1742 4736 quaestionem
1764 4652 1800 4709 εῖ
1819 4633 2083 4729 aPhilosophis
2107 4651 2143 4706 et

1156 4741 1351 4838 Theologis
1372 4769 1477 4838 saepe
1502 4744 1673 4836 agitatam
1696 4767 1789 4824 esse,
1814 4765 1856 4809 ac
1871 4766 1976 4833 saepe
1991 4764 2142 4830 magnos
2191 4799 2194 4808 .

1155 4851 1327 4921 tumultus
1343 4847 1522 4918 excitasse.
1570 4845 1656 4918 Ideo
1672 4849 1715 4917 de
1731 4870 1773 4916 ea
1786 4843 1965 4937 copiosius
1981 4842 2110 4912 dicam.

1256 4949 1363 5021 Initio
1394 4963 1513 5020 autem
1541 4975 1665 5021 veram
1696 4961 1732 5018 et
1755 4948 1896 5015 firmam
1927 4944 2140 5016 sententiam

1153 5078 1299 5146 ponam.
1346 5047 1579 5146 Philosophia
1612 5077 1688 5124 nou
1717 5047 1878 5146 loquitur
1909 5049 1952 5119 de
1982 5049 2140 5120 motibus

1185 5299 1234 5356 ta)
1253 5299 1283 5348 tn
1301 5296 1351 5346 Ed.
1371 5293 1447 5345 15³8.
1464 5293 1526 5343 bule
1543 5295 1572 5344 et
1589 5289 1764 5354 praecedeuti
1786 5291 1941 5354 qliaestiour
1959 5291 2139 5351 interpositae

1219 5369 1285 5416 sulit
1310 5367 1361 5415 hae
1387 5364 1470 5413 duee:
1504 5362 1609 5414 Recita
1636 5359 1853 5414 Aristotelicum
1875 5356 2080 5424 definitionem.
2104 5385 2138 5395 -

1219 5435 1297 5503 Quid
1314 5436 1402 5489 vocas
1418 5432 1552 5488 usuum
1570 5432 1734 5484 sausoure.
