4544 5766
122 177 227 270 1166
502 180 511 219 ··
538 196 542 207 ’
676 182 817 257 *nan
847 180 973 256 nrt..
1002 180 1582 263 maura-emorousae·
1604 204 1649 223 -···
1722 185 1764 195 ·
2046 177 2149 259 nas

122 362 464 441 dissimilitudinem,
491 383 554 429 cur
577 384 658 450 erga
684 359 773 430 alios
796 354 997 439 vehemens,
1024 382 1105 448 erga
1157 359 1311 429 Excusat
1342 363 1471 433 locum.
1520 361 1585 429 Est
1618 361 1712 429 enim
1744 357 1811 429 boc
1847 359 2016 428 iudicium
2049 361 2143 448 apud

123 469 218 542 bunc
251 467 433 535 videretur
465 462 606 541 mitior;
647 462 751 556 quasi
781 462 890 530 dieat:
927 460 1016 530 Cum
1049 485 1105 530 res
1157 463 1396 535 centumviros
1428 467 1571 533 factum.
1643 464 1815 533 Subsellia
1846 476 1928 532 sunt
1958 463 2140 530 minorum

122 572 309 668 poscebat,
351 567 401 637 fni
432 565 590 635 severus:
636 590 731 634 nunc
762 566 892 656 igitur,
926 589 1012 632 'curn
1048 589 1104 632 res
1159 565 1440 656 crsaigistratuurn.
1492 567 1614 635 Prima
1631 567 1803 636 sententia
1821 565 1966 635 exordia
1980 566 2049 635 fuit
2066 564 2140 632 illa:

122 674 291 771 requirit,
325 695 403 740 sum
424 667 514 737 lenis
538 681 572 737 et
607 670 760 737 clemens
792 693 876 758 erga
903 692 1003 747 eum,
1041 666 1104 761 qui
1156 668 1318 760 Suscipio
1353 669 1595 740 defensionem
1627 670 1762 762 Syllae,
1797 683 1836 738 ut
1867 670 2055 738 ostendam
2086 692 2141 735 me

123 779 311 849 videbatur
331 797 411 841 reus
437 772 693 841 coniurationis
708 770 767 865 ²³).
878 775 921 840 Et
949 774 1106 865 quonium
1158 796 1230 841 esse
1252 773 1368 840 lenem
1394 798 1476 864 erga
1495 773 1630 854 bonos,
1658 785 1693 840 et
1716 767 1962 840 vehementem
1979 794 2064 861 erga
2080 768 2144 836 im-

123 888 166 955 1..
189 885 389 971 Torqustus,
416 899 508 944 meus
517 874 721 966 familiaris]
745 872 911 942 Defensio
921 872 970 965 Μ)
987 871 1105 953 oflicii,
1157 876 1299 965 probos.
1325 873 1386 943 llla
1403 900 1477 944 aon
1495 888 1547 945 est
1560 876 1736 967 perpolita
1752 888 1788 943 et
1803 876 1969 966 perfecta.
2004 873 2143 942 Deinde

124 1006 233 1080 qnare
258 980 426 1047 defendat
449 978 574 1058 talem,
609 978 670 1070 qni
699 989 881 1045 accusetur
905 1000 985 1044 reus
1010 975 1105 1043 Cati·
1157 977 1239 1070 quia
1280 979 1495 1047 obtrectarat
1526 979 1733 1072 Torquatus
1772 977 2002 1059 Ciceronem,
2048 977 2143 1068 quod

123 1085 273 1156 linariac
305 1080 573 1149 coniurationis.
634 1078 801 1148 Defendit
831 1091 946 1147 audem
979 1077 1103 1147 Cicero
1158 1093 1246 1148 esset
1280 1079 1503 1164 inconstans,
1544 1081 1675 1151 scilicet
1704 1081 1913 1150 Ciceronem
1953 1080 2142 1148 defendere

123 1216 159 1261 se
180 1182 348 1274 exemplis
373 1182 546 1266 aliorum,
571 1196 693 1274 postea
717 1184 839 1251 eadem
865 1183 908 1249 de
930 1206 967 1250 re
992 1181 1104 1249 dictu·
1156 1178 1251 1250 hunc
1283 1209 1403 1266 rcum,
1438 1211 1516 1252 cuin
1548 1180 1877 1254 vehementissimus
1907 1182 2032 1252 fuisset
2062 1205 2141 1271 erga

123 1317 184 1362 rus
217 1286 425 1356 accuratius.
488 1282 616 1366 ἄλλως.
676 1285 858 1354 Secundus
885 1285 1003 1365 locus,
1042 1283 1105 1377 qni
1156 1285 1257 1367 alios,
1286 1286 1382 1354 etita
1400 1287 1726 1357 volnitdefensioni
1743 1286 1924 1356 Ciceronis
1941 1279 2140 1365 detrahere,

124 1391 283 1465 continet
307 1388 484 1457 rationem
518 1387 573 1456 sui
603 1388 729 1469 officii,
763 1388 799 1457 in
831 1411 902 1480 quo
935 1385 1104 1477 exemplis
1157 1389 1240 1481 quia
1272 1391 1423 1459 rnrdtum
1456 1391 1630 1459 momenti
1668 1404 1811 1482 poterat
1839 1388 1963 1458 Cicero
1998 1387 2140 1455 afferre:

124 1498 276 1567 aliorum
299 1516 336 1561 se
357 1504 487 1561 tuetur.
540 1489 668 1571 ἄλλως.
720 1491 901 1560 Secundus
929 1490 1027 1559 loeus
1053 1501 1105 1559 est
1156 1487 1213 1559 hic
1237 1493 1447 1582 respondet,
1475 1505 1510 1561 et
1536 1493 1688 1585 opponit
1709 1494 1869 1584 exempla
1896 1491 2077 1560 aliorum:
2110 1489 2141 1558 si

123 1596 280 1670 defensio
297 1594 419 1663 officii:
447 1601 559 1662 Antea
578 1593 675 1663 fuisti
691 1619 844 1664 severus.
897 1592 1104 1684 Respondet
1157 1593 1219 1661 alii
1239 1595 1325 1662 boni
1349 1595 1419 1663 viri
1450 1606 1615 1678 tuentur,
1651 1620 1713 1664 cur
1744 1590 1835 1664 mihi
1865 1619 1939 1662 non
1973 1594 2079 1676 licet,
2117 1593 2141 1662 si

125 1705 169 1772 ab
197 1699 357 1790 exemplo
386 1696 555 1766 aliorum:
581 1693 658 1765 lmo
676 1721 755 1765 mea
774 1696 931 1766 defensio
947 1721 1020 1764 non
1037 1694 1104 1763 erit
1155 1696 1314 1766 iudicant
1334 1722 1435 1767 reum
1459 1697 1715 1768 coniurationis
1746 1723 1849 1789 posse
1880 1696 2043 1780 defendi,
2084 1719 2140 1765 cur

124 1808 199 1877 sine
230 1800 439 1882 autoritate,
475 1812 509 1866 et
536 1794 681 1867 habebit
710 1801 794 1869 satis
820 1798 980 1881 roboris,
1019 1797 1102 1892 qnia
1156 1823 1220 1890 ego
1240 1823 1313 1867 non
1332 1799 1552 1870 iudicarem?
1604 1798 1711 1870 Istam
1727 1801 1904 1869 rationem
1925 1801 2000 1891 ipse
2018 1798 2140 1890 ampli·

125 1909 185 1978 alii
214 1926 357 2000 quoqne
387 1897 530 1970 honesti
559 1902 629 1969 viri
666 1926 804 1973 mecum
836 1899 1103 1991 defenduntw).
1155 1903 1236 1970 ficat
1247 1926 1313 1994 per
1329 1903 1580 1986 inversionem,
1605 1928 1696 1998 quae
1713 1903 1838 1973 callide
1854 1916 2006 1971 tractata
2023 1900 2139 1993 est⁸¹).

125 2015 197 2098 Quo
216 2011 348 2103 quidem
366 1999 511 2100 quaere]
539 2003 576 2071 id
599 2016 669 2085 est,
696 2005 739 2073 de
763 2029 819 2073 me
840 2028 914 2073 non
938 2003 1104 2085 dicerem,
1156 2009 1265 2099 Atque
1280 2004 1326 2099 ⁸²)
1356 2018 1394 2076 ut
1426 2002 1614 2103 1616111966]
1653 2007 1892 2098 Amplificatio
1907 2005 1955 2102 ⁸⁸)
1991 2029 2058 2096 per
2093 2004 2138 2071 ia-

123 2113 193 2184 nisi
223 2107 462 2178 adversarius·
477 2100 567 2173 mibi
607 2107 808 2198 imponeret
833 2101 924 2187 banc
956 2105 1105 2175 necessi·
1156 2107 1376 2189 versionem,
1403 2109 1503 2200 quasi
1529 2109 1639 2178 dicat:
1667 2110 1725 2178 Tu
1742 2109 1927 2201 Torquate
1945 2107 2139 2188 contendis,

123 2229 245 2286 tatem.
347 2204 594 2305 Protnmm]
624 2209 726 2302 quasi
750 2210 860 2278 dicat:
889 2208 925 2277 Si
952 2209 1020 2277 erit
1042 2209 1105 2276 ali·
1158 2212 1254 2302 quod
1275 2234 1350 2278 non
1373 2210 1478 2281 liceat
1509 2213 1629 2282 adesse
1656 2210 1870 2294 coniuratis,
1905 2211 1942 2280 id
1971 2212 2141 2287 fatemur;

125 2342 193 2414 qna
218 2316 303 2386 fides
321 2313 357 2381 in
378 2337 458 2381 mea
474 2313 706 2395 defensione,
725 2337 827 2382 causa
846 2312 961 2405 Syllae
978 2311 1105 2380 melius
1156 2336 1231 2380 non
1253 2312 1362 2404 igitur
1386 2313 1554 2384 affuimus
1577 2314 1674 2396 aliis,
1707 2309 1790 2383 huic
1815 2317 2002 2383 adsumus:
2037 2312 2139 2404 igitur

125 2433 249 2513 agetur
260 2416 319 2508 ⁹⁶).
1156 2416 1328 2485 sentimus
1358 2442 1437 2484 enm
1471 2441 1544 2485 nou
1573 2417 1678 2487 fuisse
1708 2416 1968 2486 coniurationis
1994 2415 2137 2485 socium.

227 2517 258 2611 ξ.
276 2519 311 2589 3.
339 2515 445 2610 ΔΝ)
464 2512 634 2615 primum]
652 2518 912 2608 Argumentum
930 2518 974 2585 ab
990 2540 1106 2584 exem·
1157 2517 1429 2588 Observandum
1458 2532 1527 2602 est,
1562 2521 1744 2613 quomodo
1773 2520 1968 2611 prudenter
2002 2519 2039 2585 in
2073 2541 2137 2587 una

124 2627 207 2720 plis:
250 2623 288 2691 Si
311 2630 461 2690 nonest
484 2619 743 2703 inconstantia,
780 2622 877 2714 quod
902 2621 958 2689 isti
986 2621 1105 2687 defen·
1158 2645 1299 2714 quaque
1324 2646 1362 2689 re
1385 2623 1616 2707 immoretur,
1650 2635 1685 2691 et
1715 2618 1806 2691 nibil
1829 2634 1949 2692 assuat
1971 2621 2137 2700 alienum,

123 2733 228 2799 duntt
257 2725 365 2816 igitur
378 2746 444 2791 nec
469 2737 521 2792 est
540 2724 790 2805 inconstantia,
816 2722 845 2792 si
861 2747 925 2813 ego
942 2723 1104 2791 defendo.
1158 2735 1193 2791 et
1216 2721 1307 2793 nibil
1326 2725 1440 2808 dicat,
1476 2728 1572 2820 quod
1595 2725 1757 2795 videatur
1783 2739 1881 2794 extra
1905 2723 2137 2815 propositum.

124 2824 273 2925 666666]
300 2829 470 2897 Seeernas
498 2827 638 2917 legitur.
741 2829 858 2897 Meum
870 2831 1011 2920 denique
1020 2848 1106 2916 yra-
1261 2822 1291 2916 ἓ.
1316 2826 1350 2897 6.
1385 2830 1473 2912 outa
1500 2841 1652 2900 nostrum
1668 2824 1807 2925 Ι661611]
1840 2827 1943 2920 quasi
1964 2826 2064 2895 dicat
2078 2825 2136 2918 ⁸⁴):

124 2939 289 3005 61666666
312 2923 497 3024 iudicium]
524 2928 777 3020 scilicetquam
795 2928 960 3010 aliorum,
984 2927 1104 2996 idest:
1157 2928 1245 2999 Aliis
1270 2954 1344 2997 non
1369 2932 1577 3013 adfuerunt,
1604 2928 1686 3000 hnic
1712 2933 1851 3000 adsunt.
1956 2935 2038 2999 Non
2055 2933 2138 2999 essin

125 3036 295 3105 Debeone
325 3056 391 3122 ego
421 3036 564 3120 gravius
594 3042 629 3098 et
666 3031 868 3120 diligentius
897 3031 1106 3122 expendere,
1158 3037 1228 3101 ium
1249 3028 1360 3129 se³³)]
1387 3030 1451 3100 Illa
1475 3033 1594 3103 brevis
1618 3033 1841 3103 oratiuncula
1864 3044 2008 3123 sumpta
2031 3045 2085 3101 est
2104 3055 2138 3100 es

126 3138 188 3233 qui
212 3132 288 3204 mhi
311 3135 357 3204 sit
378 3134 618 3203 defendendus
648 3158 747 3215 rens,
783 3156 892 3226 qnam
914 3132 1105 3201 Hortensio
1157 3135 1236 3202 loco
1261 3136 1459 3204 communi:
1496 3136 1603 3206 Nulla
1636 3137 1740 3205 debet
1768 3135 1878 3205 nobis
1897 3159 1969 3205 esse
1993 3135 2137 3203 societas

124 3239 311 3318 Lucullus,
338 3248 402 3304 etc.
505 3242 560 3308 116
581 3231 712 3332 inquit]
747 3234 963 3326 Occupatio:
997 3235 1106 3304 Dissi-
1159 3263 1237 3311 cum
1263 3237 1352 3320 illis,
1379 3238 1441 3331 qui
1463 3262 1587 3330 pacem
1612 3239 1789 3330 publicam
1815 3239 2053 3321 conturbant,
2078 3236 2138 3316 vel,

125 3343 209 3412 mile
226 3353 289 3423 est,
317 3339 455 3408 etiamsi
471 3337 549 3409 aliis
566 3338 648 3406 licet
664 3338 851 3407 defendere
868 3338 959 3421 illos,
986 3351 1106 3407 tamen
1159 3339 1222 3435 qui
1252 3340 1442 3410 coniurant
1479 3356 1603 3415 contra
1645 3342 1817 3433 patriam,
1862 3340 1946 3434 quia
1985 3337 2138 3409 seditiosi

127 3446 192 3514 tibi
223 3466 299 3512 non
334 3443 435 3525 licet,
479 3443 542 3536 qui
576 3441 769 3532 patefecisti
809 3441 1106 3511 coniurationem.
1159 3443 1358 3513 dissolvunt
1372 3445 1494 3514 omnia
1509 3445 1651 3514 vincula
1673 3442 1850 3514 societatis
1872 3441 2076 3525 humanae,
2111 3453 2139 3508 et

230 3546 317 3638 Cap.
340 3543 382 3616 ll.
409 3541 440 3635 ξ.
465 3543 500 3615 4.
527 3549 658 3631 Quaero
680 3546 764 3614 illud
787 3540 911 3641 etium]
936 3543 1046 3613 Redit
1062 3545 1109 3613 ad
1160 3546 1322 3616 omnium
1368 3547 1588 3630 officiorum,
1627 3547 1665 3615 id
1708 3548 1805 3641 qnod
1848 3545 1934 3615 dicit
1964 3544 2137 3615 Homerus

127 3651 299 3741 exempla.
403 3652 481 3717 Non
496 3653 667 3718 enimuna
682 3659 732 3718 cst
747 3645 857 3747 rutis]
884 3647 921 3716 id
943 3661 1007 3731 est,
1033 3671 1108 3716 non
1159 3647 1260 3718 lliad.
1282 3647 1317 3718 9.
1332 3648 1399 3744 ⁸⁶):

127 3766 265 3824 tantum
291 3763 414 3819 orator
435 3750 611 3830 defendit,
638 3751 698 3818 sed
722 3750 828 3818 etiam
849 3751 929 3833 alii,
963 3749 1026 3845 qui
1047 3752 1108 3818 ad·
1245 3760 1413 3850 ἀφρήτωρ,
1436 3760 1631 3846 ἀθέμιστος,
1652 3760 1797 3840 ἀνέστιός
1819 3763 1906 3830 ἐστιν
1927 3761 2059 3843 ἐκεῖνος,

127 3869 210 3930 sunt
232 3855 270 3922 in
290 3851 442 3937 iudicio,
468 3851 606 3920 etiamsi
621 3864 760 3937 tacent,
787 3866 907 3922 tamen
924 3878 986 3923 sua
1007 3867 1108 3923 anto·
1245 3862 1446 3950 densitates
1467 3865 1580 3951 ἔραται
1602 3867 1788 3952 ἐπιδημίου,
1810 3863 2008 3953 ὀκρυόεντος.

124 3959 231 4031 ‘ilafe
252 3957 418 4027 Videntur
441 3955 533 4024 lueri
552 3953 720 4048 aliquem·
821 3960 891 4028 Pro
911 3982 973 4027 Μ
990 3952 1108 4054 Pam]
1159 3973 1235 4043 Hos
1257 3997 1378 4043 versus
1398 3972 1567 4044 Eobanus
1588 3975 1719 4046 Hessus
1743 3976 1792 4045 sic
1816 3975 1991 4045 reddidit:

126 4060 317 4156 scilicetffl)
352 4058 491 4128 etiamsi
519 4082 594 4127 non
622 4058 743 4126 dicant
764 4057 843 4149 ipsi,
874 4072 995 4128 tamen
1011 4058 1109 4129 taciti
1203 4092 1377 4170 phgffim,
1398 4091 1478 4150 ,nim
1497 4103 1559 4169 w,
1579 4094 1755 4172 aeleram„
1775 4095 1903 4169 inumb,
1924 4110 2044 4168 em,
2137 4140 2139 4145 ,

127 4191 190 4238 811³
214 4163 405 4233 autoritate
421 4161 468 4258 ’i)
493 4174 649 4231 luemus·
1205 4194 1343 4272 Quisquis
1361 4206 1440 4253 66161
1460 4195 1576 4272 populis
1596 4195 1677 4255 bella
1696 4197 1836 4257 intestina
1856 4212 1987 4273 morere,

229 4264 260 4358 S·
282 4263 318 4337 5·
344 4270 402 4336 Aa
422 4259 518 4362 W]
544 4262 955 4382 R‘Pelllllfiusdeffl)
970 4275 1108 4363 sellim·
1202 4298 1288 4365 Quae
1309 4295 1387 4354 mule
1408 4285 1490 4355 66616
1511 4292 1612 4357 ferunt
1631 4316 1750 4377 seeum,
1771 4315 1932 4378 usumque
1951 4297 2096 4357 melorum

125 4370 212 4439 tiae:
247 4369 284 4437 Si
315 4366 385 4438 illis
413 4366 515 4450 licet,
547 4380 583 4437 et
604 4363 692 4436 mrln
717 4366 808 4436 beet.
911 4363 1108 4465 subselliis]
1205 4400 1376 4458 lunum.
1397 4399 1462 4458 ,ine
1486 4399 1546 4458 fine
1566 4411 1669 4460 ,emm
1690 4401 1820 4462 thiubu,
1839 4398 1997 4479 aman).

126 4509 331 4529 mnu-u—

161 4604 211 4664 66)
228 4605 306 4654 lianc
324 4607 498 4655 6616616616
516 4606 566 4656 66.
590 4605 663 4655 1666.
681 4606 770 4654 tabet.
1196 4604 1245 4660 61)
1264 4602 1357 4654 rrius
1374 4601 1513 4652 sententis
1530 4603 1687 4667 6661611-
1705 4605 1824 4654 11661616
1843 4607 1911 4664 est]
1931 4603 2141 4658 6166616661

161 4676 211 4733 64)
228 4673 374 4733 Defensio]
397 4675 458 4724 11616
476 4676 538 4725 voci
556 4674 583 4723 16
601 4674 650 4725 Ed.
669 4674 744 4723 1666.
762 4673 911 4736 praefixum
929 4673 973 4722 est
990 4672 1112 4722 auctoris
1231 4674 1297 4722 cett.
1314 4670 1332 4720 6
1350 4671 1432 4722 66111.
1451 4683 1500 4733 pro
1519 4670 1560 4719 tsts
1578 4672 1678 4722 166661
1695 4674 1796 4722 vestu:
1823 4674 1909 4724 settse
1926 4674 2039 4724 curules
2059 4672 2141 4723 16616·

195 4753 310 4794 nonen:
328 4741 444 4806 Ptstttpp.
461 4744 594 4794 61616661.
800 4756 801 4761 “
1231 4752 1290 4789 rum
1307 4742 1356 4789 sut
1371 4740 1567 4789 honoratorum
1584 4741 1802 4803 magistratuum.

159 4814 208 4871 16)
226 4813 284 4861 ltus
308 4813 368 4861 tres
393 4814 473 4861 66166
498 4812 630 4864 11116016.
654 4812 747 4862 vertis
771 4813 1035 4876 616666166616.
1059 4811 1111 4860 66·
1196 4809 1245 4868 66)
1263 4811 1370 4874 Atque]
1389 4809 1497 4860 61666.
1520 4810 1593 4858 1666
1612 4810 1706 4860 6166.
1727 4811 1831 4875 01611,
1848 4811 1933 4863 66111.
1952 4811 2039 4875 1666,
2060 4810 2139 4868 1666,

195 4880 467 4943 intumuisse.
485 4883 608 4942 61116616
625 4879 770 4931 66161666
786 4881 870 4932 66111.
888 4882 993 4931 1661661
1010 4882 1111 4931 nubent
1235 4879 1309 4928 1661.
1329 4879 1375 4928 As.

195 4951 356 5002 secundm:
386 4951 550 5014 „secundus
575 4951 668 5012 turus,
692 4949 738 5015 qui
762 4950 884 5000 66611661
907 4950 1041 5001 cutonem
1066 4947 1110 4999 sut
1196 4947 1246 5006 66)
1264 4945 1461 5008 duplicastis]
1478 4945 1539 4996 6616
1556 4946 1617 4997 vost
1634 4945 1663 4996 tn
1672 4947 1724 4999 66.
1738 4947 1813 5000 1666.
1830 4947 1980 5011 praessum
1992 4952 2039 4999 est
2051 4952 2141 5000 66616·

195 5019 293 5084 611611,
312 5019 340 5068 in
357 5030 409 5082 quu
428 5018 560 5082 exemptis
576 5019 694 5070 stlocum
711 5032 742 5069 se
760 5013 880 5069 tuetur.”
1232 5016 1272 5066 rts
1290 5027 1402 5065 nomeu:
1421 5013 1489 5064 rsit.
1507 5015 1640 5066 61616661.

157 5089 208 5146 66)
225 5088 301 5138 11666
311 5090 377 5139 6616
389 5091 417 5139 61
430 5088 499 5139 duss
512 5089 660 5153 sequentes
673 5088 701 5137 tu
714 5087 775 5138 suls
783 5085 1109 5138 66166616666166161.
1196 5084 1245 5144 61)
1265 5083 1343 5148 qussi
1361 5082 1448 5144 61661]
1465 5083 1508 5133 616
1525 5083 1573 5134 66.
1594 5083 1666 5134 1666.
1675 5099 1685 5149 3
1704 5085 1731 5134 tn
1748 5087 1813 5136 cett.
1830 5084 1849 5135 6
1866 5085 1951 5134 66111.
1969 5085 2078 5139 desunt.

159 5156 208 5216 m
226 5156 400 5216 61161666.
421 5157 514 5220 1666.)
531 5158 582 5208 Ed.
602 5155 687 5209 orell.
706 5156 755 5209 dc.
1197 5152 1245 5210 66)
1264 5154 1325 5205 tam
1340 5155 1385 5212 se]
1413 5153 1454 5202 stc
1478 5152 1561 5204 66111.
1583 5152 1676 5220 1666,
1702 5152 1794 5214 1666,
1820 5153 1895 5203 1661.
1917 5155 1947 5203 61
1969 5155 2019 5205 116.
2046 5155 2140 5211 orella

158 5226 208 5284 Β)
226 5225 346 5284 66111661]
364 5227 405 5276 616
421 5227 471 5277 66.
491 5225 584 5290 1666,
603 5225 631 5275 16
649 5225 714 5276 6611.
731 5223 749 5274 6
766 5222 849 5274 66111
868 5223 955 5274 deest.
1231 5222 1280 5274 66
1301 5220 1376 5271 1666.
1394 5234 1426 5272 66
1442 5221 1509 5272 tuus.

157 5296 458 5356 66)·666616611616]
477 5294 519 5345 stc
535 5295 585 5344 66
606 5291 697 5357 1666,
721 5294 786 5344 6611.
802 5290 821 5342 6
842 5291 1112 5344 reinsumimus
1196 5291 1247 5350 66)
1266 5293 1344 5341 tlon.
1365 5290 1395 5342 u
1414 5287 1470 5355 lx,
1486 5290 1530 5342 66.
1547 5290 1591 5341 61.

192 5373 252 5415 sus.
775 5414 778 5421 ,
1196 5360 1245 5420 67)
1263 5360 1324 5423 vel,
1349 5358 1394 5420 qul
1417 5357 1564 5409 contursut
1585 5362 1683 5412 uoutrs
1705 5360 1824 5425 6611161
1841 5384 1874 5398 -
1893 5359 2019 5421 61νί11666
2038 5361 2138 5417 sessu]

156 5431 207 5490 66)
223 5431 360 5493 6166661]
377 5432 417 5482 616
433 5431 484 5481 66.
503 5430 594 5493 1666.)
611 5431 676 5482 6611.
696 5429 715 5481 6
731 5428 830 5483 sutus
846 5429 1008 5494 mortuns.
1233 5430 1300 5479 6666
1318 5429 1380 5478 suls
1398 5428 1447 5480 66
1467 5427 1544 5481 1666.
1562 5430 1650 5482 suess.
1959 5461 1967 5475 ,
