4544 5766
121 194 198 281 tae
391 198 592 278 SCRIPTA
615 200 693 276 en.
718 200 1156 279 transnatamus
1182 198 1542 278 armamenta
1555 192 1906 279 s'l’rttntn'tla-
2066 203 2141 278 tao

121 377 314 450 habuerint
331 378 462 472 ubique
487 375 709 469 imperandi,
745 378 807 446 sed
831 377 913 471 qnia
937 378 1107 448 latissime
1259 379 1351 448 Sunt
1381 374 1491 468 igitur
1520 376 1729 468 excogitata
1744 374 1886 446 vincula
1911 396 2002 473 quae
2023 376 2145 445 iniice·

123 493 373 575 regnaverunt.
438 472 562 550 Voluit
585 480 679 548 enim
702 477 799 549 Deus
821 505 986 571 peream
1010 505 1109 551 occa·
1159 491 1283 551 rentur
1305 492 1426 550 tantae
1447 481 1635 570 potestati,
1670 480 1916 550 additae-sunt
1938 481 2033 571 leges
2054 480 2145 570 regi⁴

125 588 262 657 sionem
296 584 417 652 orbem
446 592 624 652 terrarum
650 580 846 673 Evangelio
877 585 1036 675 aperire,
1075 596 1110 651 et
1158 584 1243 667 bus,
1269 595 1310 653 ut
1326 607 1368 652 ex
1382 582 1514 674 scripto
1529 581 1605 651 iure
1620 583 1860 673 gubernarent
1873 582 2145 674 rempublicam.

123 690 237 757 multa
259 708 367 776 regna
394 685 628 776 coniungere,
669 696 710 753 ut
736 685 873 756 facilius
902 688 947 755 ad
978 687 1109 756 multos
1159 684 1223 755 Est
1238 685 1439 776 igituralia
1461 684 1563 774 regni
1587 685 1718 775 species
1738 710 1917 756 summum
1942 685 2147 777 imperinm,

125 788 312 883 pervenire
335 801 454 879 posset
469 788 716 878 Evangelium.
767 788 873 880 Apud
888 789 1051 881 Assyrios
1076 800 1111 857 et
1160 789 1221 857 sed
1242 800 1339 858 certo
1361 788 1442 857 iure
1460 787 1777 878 circumscriptum.
1829 787 2015 881 Quaedam
2031 787 2147 856 natio-

124 893 251 961 Persas
268 891 337 959 late
352 904 547 982 propagata
564 903 616 960 est
630 889 699 959 Dei
716 892 889 981 cognitio,
919 904 1109 985 postquam
1161 915 1224 960 nes
1245 891 1353 960 etiam
1378 889 1593 959 addiderunt
1614 891 1961 981 custodes-regibus,
2002 889 2065 983 qui
2094 889 2148 960 ius

125 994 257 1063 Daniel
271 994 309 1061 in
326 991 542 1062 Chaldaeam
560 994 731 1062 abductus
747 1006 809 1064 est.
865 992 917 1062 lta
935 994 1110 1063 Romanis
1162 989 1335 1062 haberent
1349 991 1545 1082 redigendi·
1557 1017 1617 1061 eos
1637 992 1675 1059 in¹
1698 993 1872 1062 ordinem.
1925 993 2023 1063 Sicut
2038 990 2151 1061 Lace-

128 1097 349 1187 temporibus
370 1097 514 1187 patebat
527 1096 631 1164 'orbis
651 1108 847 1180 terrarum,
879 1109 914 1165 et
935 1111 1011 1166 erat
1035 1108 1109 1165 tuta
1162 1094 1342 1164 daemonii
1356 1096 1570 1164 addiderunt
1585 1086 1751 1186 ephoros,
1772 1095 1900 1189 quibus
1917 1091 2152 1172 scribit'lhm

127 1192 369 1291 peregrinatio
386 1197 585 1290 Apostolis,
610 1210 650 1267 ut
662 1198 793 1291 ubique
811 1201 938 1267 docere
955 1211 1110 1291 possent.
1162 1197 1377 1293 cydides⁶⁷)=
1394 1197 1534 1267 licuisse
1565 1222 1690 1288 capere
1712 1223 1851 1289 regem.
1913 1198 2019 1268 Tales
2047 1222 2146 1287 reges

126 1302 283 1371 Possunt
305 1313 340 1370 et
361 1301 450 1369 aliae
473 1325 596 1371 causae
617 1300 745 1392 colligi.
796 1301 971 1372 Fortassis
995 1315 1111 1372 osten·
1162 1326 1237 1370 non
1252 1294 1864 1395 snut'omnino·odronpdcopsc-scu
1879 1296 2149 1384 ἀνυπεύθυνοι,-

128 1407 212 1472 dere
227 1404 342 1472 voluit
356 1402 453 1472 Deus
474 1404 511 1472 in
531 1399 598 1472 hac
613 1427 807 1494 regnorum
822 1405 1044 1474 mutuatione
1052 1403 1111 1498 1ςῦ),
1162 1400 1231 1472 hoc
1248 1418 1317 1487 est,
1341 1399 1566 1472 nonhabent
1583 1401 1631 1469 ita
1649 1427 1832 1472 summam.
1848 1414 2083 1493 potestatem,
2109 1412 2149 1470 ut

129 1508 226 1600 quod
255 1505 328 1596 ipsc
359 1531 468 1597 regna
497 1504 704 1590 constituat,
747 1509 844 1599 quod
873 1532 949 1577 non
977 1507 1113 1599 possint
1161 1507 1298 1575 nemini
1313 1506 1473 1576 liceatde
1489 1505 1539 1575 eis
1560 1504 1736 1589 iudicare,
1768 1518 1831 1575 aut
1853 1529 1977 1575 corum
2000 1504 2160 1585 actioni2

127 1604 286 1678 humana
302 1608 338 1675 vi
353 1609 511 1679 retineri.
568 1608 693 1678 Voluit
710 1612 909 1700 excnrplum
926 1611 1112 1681 ostendere
1161 1611 1227 1678 bus
1249 1609 1441 1679 adversari.
1505 1607 1557 1676 Ac
1578 1608 1651 1675 lere
1673 1632 1769 1676 nunc
1797 1608 1882 1676 talia
1911 1632 2019 1699 regna
2053 1618 2158 1677 sunb·

130 1737 240 1805 quum
263 1711 393 1802 eripuit
412 1736 522 1802 regna
544 1711 798 1801 potentissimis
820 1714 981 1805 populis,
1015 1714 1111 1806 quod
1162 1711 1420 1780 Habent-enim
1435 1712 1548 1801 leges,
1574 1704 1708 1779 habent
1724 1712 1954 1781 etcustodes.
2004 1706 2046 1777 ln
2060 1710 2152 1779 Ger·

127 1815 256 1905 puniat
268 1814 418 1883 iniustos
435 1826 499 1883 etc.
552 1814 740 1884 Caeterum
756 1810 824 1883 hoc
841 1829 946 1907 auget
967 1815 1111 1884 mirabi-
1163 1815 1280 1883 mania
1303 1827 1387 1883 sunt
1414 1813 1600 1894 electores,
1639 1814 1677 1881 in
1700 1812 1816 1882 Gallia
1850 1813 1937 1882 certi
1968 1811 2156 1903 principes

127 1917 209 1985 liter
224 1916 407 1985 doctrinae
423 1913 635 1986 christianae
650 1917 897 2002 autoritatem,
926 1919 1115 2012 quodsola'
1164 1918 1280 1986 curiae
1296 1915 1528 2008 parlamenti,
1554 1929 1725 2008 tanquam
1747 1911 1874 2007 ephori
1895 1940 2031 2006 regum.
2079 1915 2152 1984 Sed

129 2020 302 2110 scriptura
334 2017 459 2087 ordine
486 2018 663 2110 praedixit
690 2021 924 2090 successiones
944 2021 1111 2112 imperio·
1163 2020 1247 2089 alibi
1259 2019 1357 2111 plus,
1384 2018 1470 2088 alibi
1483 2020 1602 2087 minus
1616 2032 1775 2108 possunt.
1826 2018 1950 2113 Neque
1972 2018 2068 2086 enim
2094 2030 2154 2086 tu·

128 2145 229 2203 rum,
256 2143 440 2213 quaecum
465 2121 515 2191 sic
535 2121 747 2206 acciderint,
781 2135 919 2193 constat
939 2136 974 2192 et
997 2123 1110 2193 aDeo
1164 2135 1238 2192 tum
1263 2134 1315 2190 est
1337 2121 1519 2192 adversari
1546 2145 1669 2210 regum
1699 2121 1961 2212 cupiditatibus.
2023 2117 2157 2213 ltaque·

129 2224 297 2292 traditam
320 2248 393 2294 esse
415 2225 627 2315 scripturam
637 2223 703 2318 ⁶⁶),
738 2238 772 2294 et
790 2224 909 2295 Deum
930 2231 1119 2295 auctorem
1161 2225 1270 2293 facile·
1289 2218 1376 2292 haec
1403 2224 1543 2293 vincula
1565 2237 1814 2315 perrumpunt.
1877 2225 2036 2294 Tantum
2066 2223 2155 2290 reli--

128 2350 202 2395 esse
223 2325 468 2416 imperiorum.
534 2326 655 2419 Quare
676 2327 943 2399 meminerimus
972 2353 1112 2421 semper
1164 2328 1267 2418 gione
1286 2327 1406 2420 aliqua
1424 2350 1466 2395 ex
1480 2340 1582 2418 parte
1597 2322 1775 2395 coherceri
1790 2352 1826 2396 se
1844 2327 2042 2417 patiuntur.
2078 2323 2150 2406 lta·‚

128 2428 328 2519 praesentia
361 2428 511 2520 imperia
539 2429 703 2521 religiose
735 2432 899 2500 venerari
931 2444 966 2500 et
997 2434 1111 2501 colere
1164 2456 1232 2524 qne
1250 2430 1353 2499 valde
1369 2431 1558 2498 commoda
1574 2441 1627 2497 cst
1640 2425 1728 2497 haec
1743 2429 1947 2521 principum
1963 2442 1997 2497 et
2013 2428 2157 2529 episcoq-

128 2545 276 2622 propter
303 2529 439 2615 Deum,
482 2532 546 2625 qui
574 2532 624 2602 sic
655 2546 760 2602 ornat
787 2535 1032 2626 magistratus,
1071 2547 1112 2604 ut
1163 2558 1293 2625 porum
1306 2545 1565 2624 temperatura,
1588 2544 1671 2600 sunt
1688 2531 1783 2600 enim
1799 2530 2153 2625 appositi-episcopi,-

127 2634 277 2724 gloriam
308 2634 362 2704 sui
392 2634 548 2705 nominis
579 2636 629 2706 eis
656 2636 856 2727 impertiat,
891 2663 970 2707 cum
995 2638 1113 2733 inquit
1164 2649 1335 2730 tanquam
1354 2631 1481 2725 ephori
1504 2636 1549 2703 ad
1572 2635 1829 2704 moderandam
1855 2635 1928 2703 vim
1950 2637 2067 2725 regiae
2084 2659 2149 2725 po-

127 2736 276 2829 (Psalm.
291 2737 351 2817 82,
367 2736 437 2832 6.);
477 2737 555 2828 Ego
577 2738 670 2821 dixi,
702 2738 764 2807 Dii
795 2739 889 2809 estis.
945 2740 1114 2809 Testatur
1164 2738 1309 2808 testatis.
1359 2736 1407 2805 Et
1421 2732 1518 2807 haud
1532 2736 1626 2819 scio,
1652 2761 1697 2805 an
1722 2738 1760 2806 in
1781 2751 1896 2807 statua
1911 2738 2072 2807 Danielis
2096 2739 2150 2806 lu·

127 2839 222 2906 enim
250 2863 312 2909 sua
337 2838 528 2908 autoritate
553 2840 763 2910 constitutos
788 2866 861 2910 esse
884 2843 1112 2933 magistratus
1164 2854 1237 2909 tum
1255 2838 1451 2909 admixtum
1468 2842 1563 2908 ferro
1588 2838 1697 2933 (Dan.
1714 2845 1750 2923 2,
1766 2841 1827 2911 33.
1843 2840 1943 2936 34),
1976 2841 2149 2931 significet

128 2965 258 3034 eosque
278 2941 353 3009 vice
368 2939 437 3008 Dei
452 2941 546 3008 inter
559 2936 723 3012 homines
738 2942 850 3033 fungi.
1163 2940 1255 3013 hanc
1270 2943 1308 3012 in
1323 2942 1488 3013 omnibus
1502 2941 1619 3032 regnis
1633 2942 1882 3035 episcoporum
1897 2958 1931 3013 et
1943 2944 2148 3036 principum

561 3057 564 3063 “
812 3053 815 3061 ’
934 3060 936 3066 “
1164 3047 1368 3115 mixturam.
1479 3087 1481 3090 -

1215 3172 1219 3187 ³
1264 3149 1417 3237 Magnae
1436 3140 1495 3214 hic
1515 3146 1740 3240 quaestiones
1767 3161 1984 3232 tractantur,
2024 3161 2147 3218 utrum

228 3248 305 3317 Rex
333 3248 480 3340 proprie
513 3262 565 3319 est
592 3276 731 3320 summa
759 3264 934 3343 potestas,
975 3253 1018 3320 de
1042 3275 1111 3346 qua
1163 3249 1310 3342 privatis
1332 3244 1537 3318 hominibus
1556 3249 1660 3317 liceat
1681 3263 1853 3342 tyrannos
1874 3252 2055 3334 occidere,
2086 3277 2150 3321 seu

125 3350 244 3420 nullus
266 3352 429 3442 superior
452 3352 679 3444 magistratus
702 3355 844 3426 iudicat.
896 3355 1025 3425 Variae
1050 3379 1112 3423 au·
1162 3367 1282 3423 utrum
1306 3352 1411 3423 liceat
1433 3351 1505 3420 vim
1530 3353 1673 3421 allatam
1697 3377 1718 3420 a
1742 3355 1889 3422 domino
1913 3367 2037 3423 contra
2067 3379 2150 3440 suas

125 3467 196 3521 tem
221 3478 345 3544 regum
368 3455 500 3546 species
530 3457 722 3526 extiterunt
752 3458 789 3526 in
818 3461 975 3543 mundo,
1027 3457 1110 3551 quia
1163 3458 1256 3547 leges
1274 3457 1311 3524 vi
1326 3455 1520 3547 depellere,
1547 3481 1657 3549 quum
1673 3456 1837 3526 videatur
1851 3458 2012 3528 subditus
2036 3457 2069 3527 ei
2088 3482 2147 3527 ea·

126 3550 289 3626 homines
305 3570 453 3648 propter
470 3558 626 3629 diversos
647 3585 772 3651 regum
796 3586 933 3645 mores,
960 3562 1047 3631 alias
1070 3559 1112 3628 li·
1164 3573 1265 3629 tenus
1290 3558 1478 3628 obstrictus
1496 3581 1589 3642 esse,
1631 3571 1804 3652 quatenus
1833 3563 2026 3632 secundum
2053 3561 2156 3651 leges·

125 3659 246 3726 beram
264 3672 474 3749 potestatem
490 3662 539 3731 eis
557 3664 805 3752 permiserunt,
833 3664 919 3733 alias
935 3665 1113 3733 duxerunt
1163 3662 1327 3753 imperat.
1376 3661 1431 3730 De
1445 3655 1512 3728 hac
1526 3661 1732 3753 quaestione
1750 3663 1861 3734 facilis
1884 3676 1936 3732 est
1959 3664 2147 3755 responsio

126 3761 416 3850 adstringendam
433 3774 467 3831 et
482 3764 737 3834 moderandam
756 3791 841 3836 esse.
873 3766 996 3836 Prima
1005 3765 1112 3857 regni
1163 3762 1385 3835 Christianis.
1443 3762 1535 3833 Nam
1552 3763 1786 3855 Evangelium
1808 3791 1952 3835 omnem
1967 3766 2147 3859 privatam

126 3863 259 3955 species
281 3876 350 3946 est,
378 3864 491 3956 qualis
514 3867 583 3935 fnit
604 3862 756 3937 heroicis
779 3869 1017 3960 temporibus,
1050 3868 1112 3937 ubi
1162 3867 1354 3935 vindictam
1380 3860 1565 3957 prohibet,
1604 3879 1639 3934 et
1663 3863 1823 3938 Christus
1851 3868 1970 3963 inquit
1998 3865 2147 3964 (Matth.

125 3991 225 4058 reges
243 3966 318 4036 sine
334 3968 436 4037 certis
451 3968 586 4059 legibus
601 3969 878 4060 imperaverunt,
903 3974 964 4041 sed
983 3972 1027 4041 ad
1043 3971 1111 4041 nti-
1162 3971 1224 4053 26,
1239 3967 1337 4063 52.):
1363 3967 1436 4060 Qui
1460 3969 1633 4059 acceperit
1657 3970 1834 4059 gladium,
1861 3971 1978 4063 gladio
2002 3971 2148 4064 peribit.

124 4070 261 4139 litatem
283 4070 428 4160 populi,
455 4073 575 4164 qualis·
594 4084 645 4142 est
662 4073 875 4143 domesticus
890 4072 1111 4165 principatus
1163 4074 1283 4165 Quare
1311 4095 1386 4139 non
1415 4071 1499 4138 licet
1524 4066 1727 4141 Christiano
1758 4073 1916 4145 occidere
1945 4076 2147 4158 dominum,

125 4170 391 4264 patrisfamilias
412 4176 450 4243 in
471 4174 612 4246 liberos.
662 4173 758 4244 Haec
779 4178 892 4246 forma
915 4176 1110 4269 plurimum
1164 4173 1390 4270 quantumvis
1411 4185 1617 4266 tyrannum.
1674 4175 1865 4245 Praeterea
1889 4177 2049 4248 subditus
2070 4201 2146 4250 non

126 4270 235 4343 habet
249 4270 502 4360 humanitatis,
536 4281 598 4348 sed
621 4278 659 4345 in
682 4291 780 4346 tanta
805 4280 982 4370 paucitate
998 4280 1111 4348 hono·
1162 4292 1301 4348 tantum
1328 4275 1515 4347 obstrictus
1542 4289 1594 4346 est
1623 4277 1771 4346 domino
1803 4294 1950 4372 propter
1972 4281 2061 4351 illud
2083 4304 2148 4373 pa·

127 4400 209 4445 rum
231 4377 455 4470 principum,
481 4405 562 4449 rara
586 4395 648 4452 cst.
707 4380 908 4472 Degenerat
931 4396 1048 4452 autem
1073 4383 1111 4451 in
1163 4395 1278 4465 ctum,
1306 4381 1403 4474 quod
1417 4379 1510 4447 inter
1525 4379 1641 4470 ipsum
1658 4393 1693 4450 et
1708 4382 1894 4452 dominum
1910 4385 2063 4469 factum,
2096 4385 2147 4452 al·

128 4478 364 4550 deterioribus
385 4481 424 4551 in
447 4486 686 4575 tyrannidem.
748 4484 900 4576 Proprie
928 4486 1023 4554 enim
1049 4512 1112 4555 vo·
1162 4486 1249 4575 ligat
1263 4483 1450 4554 dominum
1465 4483 1511 4549 ad
1534 4496 1670 4554 certum
1691 4485 1764 4567 ius,
1789 4488 1851 4554 sed
1875 4485 1982 4556 etiam
2007 4485 2148 4580 cogitur

129 4593 211 4650 cant
227 4592 437 4672 tyrannum,
464 4586 525 4678 qui
541 4612 632 4658 nnus
655 4610 775 4657 rerum
799 4587 955 4680 potitur,
986 4602 1020 4657 et
1036 4590 1111 4657 sine
1162 4588 1286 4659 subiici
1306 4597 1455 4679 propter
1477 4586 1686 4656 mandatnm
1706 4585 1792 4670 Dei,
1838 4591 1935 4683 quod
1957 4589 2057 4660 iubet
2082 4584 2148 4668 ho,-

127 4683 265 4776 scriptis
281 4685 415 4774 legibus
431 4686 604 4778 imperat,
630 4705 665 4759 et
680 4691 715 4758 vi
729 4691 887 4760 continet
902 4691 1051 4774 invitos,
1078 4704 1112 4760 et
1161 4714 1250 4760 nore
1273 4692 1410 4759 allicere
1440 4686 1546 4758 etiam
1568 4690 1682 4760 m'alos
1706 4690 1950 4780 magistratus,
1990 4706 2026 4762 et
2046 4705 2147 4763 vetat

128 4791 175 4857 ad
198 4813 299 4858 suam
321 4789 511 4857 utilitatem
544 4794 679 4861 confert
705 4793 915 4886 imperium,
955 4795 1111 4886 postulat
1162 4795 1320 4887 privatos
1333 4791 1406 4859 m'm
1421 4792 1590 4862 adversus
1603 4792 1829 4884 magistratus
1845 4795 2033 4889 suscipere.
2067 4797 2146 4869 Hoc

126 4915 202 4960 non
220 4914 331 4984 aequa
350 4903 506 4976 tantum,
540 4898 601 4964 scd
622 4895 733 4965 multa
756 4898 861 4966 etiam
885 4911 1007 4967 contra
1029 4898 1111 4970 sub·
1161 4896 1262 4992 sequi
1272 4893 1497 4966 ¹tutissimum·
1509 4907 1561 4964 est
1580 4890 1795 4966 Christiano.

128 4994 285 5063 ditorum
303 4994 485 5064 utilitates.
1265 4998 1438 5070 Nonnulli
1452 5009 1622 5066 revocant
1637 4993 1705 5066 hoc
1719 4997 1939 5081 indubium,
1966 5023 2007 5068 ac
2026 5001 2148 5094 dispuss

1163 5114 1240 5170 tant
1255 5101 1360 5171 licere
1375 5100 1517 5191 privato
1528 5098 1606 5167 ‘vim
1622 5099 1789 5170 iniustam
1807 5124 1826 5167 a
1840 5102 2050 5192 magistratu
2068 5105 2147 5177 illa-

161 5211 410 5336 ⁶⁵2„¹{¹,}¹,}2¹⁸⁶⁰¹¹⁰]
427 5211 468 5262 sta
484 5210 570 5266 urin.
583 5213 658 5264 raas.
683 5217 711 5263 et
728 5214 830 5279 seete,
858 5215 928 5267 neit
949 5216 1024 5267 rato.
1048 5229 1110 5266 mu-
1162 5219 1233 5273 tam
1248 5204 1285 5274 vi
1300 5205 1495 5295 depellere,
1517 5202 1578 5292 sed
1595 5202 1621 5272 ii
1636 5199 1794 5273 humano
1811 5228 1911 5274 more
1929 5205 2145 5295 existimant,

159 5373 208 5432 66)
226 5368 405 5431 scripturam]
422 5365 463 5416 sle
480 5367 562 5417 natet
580 5366 655 5422 158⁰.
673 5371 701 5418 et
716 5367 817 5433 Basll.';
845 5368 917 5420 Edit.
937 5371 1011 5421 teat.
1037 5372 1109 5422 sert·

188 5445 282 5502 ptura.
1192 5437 1242 5505 57)
1259 5439 1381 5504 Titum.
1397 5439 1416 5489 l.
1431 5437 1569 5492 laecul-

268 3110 330 3179 De
356 3112 499 3181 variis
532 3135 685 3203 regum
719 3114 970 3206 speciebus.
