4544 5766
194 207 270 287 606
476 204 677 282 SCRIPTA
695 205 772 279 PH.
793 203 907 280 MEL.
930 200 999 277 Al)
1021 196 1229 281 trfflfflt
1253 200 1319 279 ΕΤ
1342 197 1596 282 POH'l'lOEN
1621 203 1929 282 spumeum.
2124 194 2205 277 Μ

199 383 419 456 enmstantiis
433 379 527 453 hunc
541 391 773 452 contractum.
824 378 894 450 Sed
912 394 954 451 ut
976 379 1015 449 in
1034 379 1176 449 ratione
1224 380 1276 451 ibi
1295 380 1517 473 probabilem
1537 381 1714 452 rationem
1737 375 1882 465 babuit,
1919 373 2007 474 'quia
2028 373 2126 447 ileos
2152 373 2207 443 ibi

201 489 333 573 victus,
358 510 462 556 nemo
477 509 551 554 non
572 483 765 580 aliquando
787 495 927 574 peccat,
960 483 1010 552 ita
1033 483 1072 551 in
1093 505 1176 551 con·
1226 483 1629 580 servaridiscrimina¹⁸)
1649 483 1866 555 familiarum
1887 479 2020 564 voluit,
2045 493 2086 550 ut
2106 490 2206 548 certo

201 592 370 662 tractibus
399 587 654 658 exactissimam
673 609 841 655 nonnam
862 585 1085 681 aequalitatis
1105 609 1177 656 ser·
1227 587 1375 658 sciremr
1390 587 1494 679 stirps
1509 586 1677 672 Messiac‚
1702 587 1816 656 voluit
1835 599 1869 656 et
1886 597 2040 655 caeteras
2053 581 2208 652 familias

202 719 287 764 vare
309 694 347 760 in
369 703 466 759 tanta
490 689 694 760 confusione
718 688 829 773 vitae,
869 701 904 758 et
932 688 1178 781 imperiorum,
1228 691 1362 761 servari
1376 690 1553 761 florentes.
1573 712 1574 717 ’
1603 687 1687 759 ideo
1701 690 1878 760 restitutio
1900 690 2093 758 fundorum
2111 683 2209 753 ordi—

202 796 340 867 difficilc
356 806 418 864 est.
470 792 546 862 lloc
561 792 669 882 igitur
684 803 900 884 praestetur,
924 815 971 860 ne
984 791 1109 884 procul
1124 812 1179 859 re·
1228 805 1312 862 nata
1327 805 1397 876 est,
1423 792 1567 886 quaein
1582 793 1704 884 exigua
1722 805 1825 884 gente
1840 790 2017 884 possibilis
2030 801 2101 872 est,
2127 787 2209 858 snb—

202 901 346 968 cedatur
361 897 406 964 ab
422 895 645 989 aequalitate,
671 907 706 965 et
718 919 763 964 ne
780 893 825 963 sit
841 917 987 964 enorme
1000 893 1179 964 delictum.
1230 897 1318 965 iecta
1333 895 1397 965 uni
1409 895 1540 978 iudici,
1564 907 1599 965 et
1619 919 1694 964 non
1717 895 1922 964 conveniret
1945 893 2022 963 aliis
2046 891 2209 984 gentibus

202 1001 306 1074 Nunc
321 999 428 1090 igitur
441 999 640 1091 respondeo
658 999 703 1066 ad
717 1009 976 1088 argumentum.
1009 997 1179 1087 Neganda
1231 1000 1269 1067 in
1289 993 1605 1090 haedissipationc
1627 998 1879 1090 imperiorum,
1918 996 2039 1066 sedin
2057 993 2119 1065 illo
2145 1016 2210 1084 po-

204 1117 258 1174 est
275 1103 413 1185 minor,
440 1124 481 1170 ac
501 1100 791 1183 asseverandum,
818 1101 916 1194 quod
939 1123 1023 1169 vcra
1046 1099 1179 1191 emptio
1230 1101 1316 1195 pulo
1344 1101 1400 1172 lex
1428 1112 1505 1171 erat
1533 1101 1749 1192 pauperibus
1778 1100 1961 1184 salutaris,
2008 1121 2054 1167 ne
2083 1119 2211 1166 eornm

205 1205 316 1300 possit
336 1205 373 1273 in
395 1216 470 1273 toto
493 1227 641 1295 corpore
663 1204 842 1272 bonorum
869 1202 1053 1287 constitui,
1091 1201 1182 1272 sicut
1230 1202 1333 1273 fundi
1360 1227 1381 1271 a
1410 1202 1577 1273 divitibus
1605 1204 1715 1295 empti
1744 1203 1983 1273 retinerentur
2015 1212 2050 1269 et
2077 1199 2147 1291 ipsi
2169 1221 2212 1267 cr

205 1309 355 1381 servitus
376 1305 493 1399 aliqua
518 1305 683 1376 constitui
713 1305 751 1375 in
778 1306 888 1375 fundo
909 1318 1044 1397 potest,
1085 1316 1182 1373 actus
1234 1305 1379 1376 aedibus
1392 1306 1618 1397 pellerentur.
1669 1306 1896 1398 significabat
1909 1317 1943 1374 et
1961 1299 2041 1374 hoc.
2092 1301 2211 1371 Deum

205 1424 268 1482 aut
281 1411 359 1480 iter.
399 1408 451 1479 Ac
467 1408 760 1503 potestdominus
774 1409 909 1477 donare
924 1408 1029 1477 alicui
1044 1420 1182 1499 partem
1232 1405 1338 1479 huius
1351 1407 1496 1500 politiae
1514 1410 1693 1479 custodem
1709 1433 1802 1493 esse,
1831 1409 1914 1502 quia
1930 1406 1961 1478 si
1976 1406 2141 1477 distracta
2161 1428 2214 1473 es·

205 1514 385 1585 redituum
400 1537 566 1597 suornm,
593 1524 629 1581 ct
651 1507 719 1580 hoc
741 1535 831 1582 onus
854 1512 1020 1581 universo
1041 1508 1185 1601 corpori
1234 1524 1287 1582 set
1301 1510 1458 1603 imperiis
1474 1511 1645 1596 externis,
1670 1535 1785 1606 neque
1799 1507 1967 1593 haeclex,
1990 1532 2108 1602 neque
2122 1506 2214 1577 aliae

206 1619 383 1687 bonorum
408 1615 614 1707 imponere,
655 1638 765 1707 quare
786 1614 892 1683 talem
914 1626 1052 1706 partem
1076 1613 1183 1682 etiam
1234 1614 1367 1683 multae
1398 1613 1533 1683 servari
1562 1614 1768 1706 potuissent.
1834 1613 1998 1683 Testatus
2022 1624 2075 1682 est
2095 1622 2215 1680 autem

208 1721 360 1789 vendere
390 1730 517 1811 potest.
576 1716 645 1786 Sed
668 1730 788 1785 tamen
814 1718 1012 1787 cavendum
1037 1728 1107 1800 est,
1139 1738 1184 1783 ne
1216 1715 1352 1801 Deus,
1376 1717 1489 1785 deleta
1512 1717 1636 1808 politia
1651 1715 1810 1801 Iudaica,
1842 1740 1938 1786 nunc
1960 1739 2034 1784 non
2053 1734 2215 1783 necessa-

208 1847 335 1915 corpns
350 1821 540 1890 immodice
555 1831 734 1889 oneretur.
1235 1819 1327 1888 riam
1359 1843 1431 1889 esse
1462 1819 1745 1890 observationem
1766 1818 2069 1902 ceremoniarum,
2107 1828 2144 1885 et
2165 1814 2216 1883 le·

310 1924 485 2011 Deinde,
511 1922 608 2015 quod
639 1920 677 1988 in
707 1915 776 1988 hoc
803 1917 908 1988 tertio
932 1943 1015 1990 casu
1034 1920 1080 1990 sit
1101 1943 1185 1988 vera
1238 1946 1320 2013 gum
1342 1921 1536 1991 forensium
1560 1921 1687 2006 Moisi,
1727 1946 1818 2016 qnae
1839 1946 1913 1990 non
1936 1933 2018 1993 erant
2040 1919 2128 1989 iuris
2149 1942 2214 1986 na-

210 2028 362 2118 emptio,
404 2025 485 2093 iude
507 2024 613 2092 etiam
639 2021 788 2112 intelligi
808 2033 945 2112 potest,
978 2024 1075 2117 qnod
1099 2023 1187 2092 dans
1237 2037 1349 2095 turae.
1400 2022 1451 2092 Ac
1468 2024 1510 2093 de
1525 2024 1726 2096 discrimine
1746 2020 1874 2096 harum
1896 2024 2014 2116 legum
2034 2046 2138 2115 saepe
2162 2019 2216 2090 di-

208 2128 416 2222 pecuniam,
442 2125 573 2194 amittit
588 2125 642 2197 ius
655 2125 866 2216 repetendae
879 2124 1062 2217 perantiae.
1118 2123 1188 2196 Ne·
1239 2140 1332 2197 ctum
1354 2140 1417 2199 est.

209 2257 302 2302 cesse
318 2242 369 2300 est
381 2229 490 2321 igitur
504 2227 657 2298 vicissim
675 2227 821 2322 aliquod
836 2226 891 2296 ius
913 2227 952 2295 in
971 2253 1051 2298 eum
1073 2239 1187 2296 trans·
1399 2301 1407 2320 ·
2119 2302 2127 2318 ι
2184 2299 2192 2316 ⁸

210 2335 322 2404 latum
345 2358 435 2416 esse,
471 2355 536 2400 nec
559 2329 808 2422 oppignoratio
834 2328 987 2400 aliorum
1008 2331 1186 2400 bonorum
1238 2300 1298 2372 ‘⁴¹⁸
1326 2309 1476 2374 '‘dmm‘'
1507 2306 1591 2376 ‘im
1620 2301 1717 2399 thd
1745 2308 1924 2391 ‘'stim'’
1960 2301 2044 2393 Peli
2073 2292 2218 2391 “him“

212 2436 408 2527 corrumpit
425 2434 654 2526 emptionem.
1397 2409 1519 2497 pmii
1544 2411 1586 2479 in
1608 2416 1735 2480 mutuo
1759 2429 1878 2498 supra
1901 2413 2052 2477 sortem.
2157 2435 2166 2451 ·

1342 2536 1573 2629 Respondeo:
1607 2536 1777 2609 Interesse
1791 2549 1967 2621 roratur,
1993 2535 2090 2629 qnod
2111 2532 2218 2601 debe·

1240 2649 1298 2707 tur
1321 2639 1444 2724 alicui,
1479 2641 1556 2725 vel,
1594 2642 1677 2736 quia
1695 2643 1834 2711 damno
1854 2640 2018 2722 affectus,
2053 2635 2110 2705 vel
2132 2634 2218 2729 quia

311 2742 513 2813 Periculum
542 2741 595 2811 rei
620 2740 784 2810 venditae
810 2738 965 2832 pertinet
988 2739 1032 2808 ad
1055 2750 1190 2832 empto·
1239 2740 1376 2811 lucrum
1393 2742 1538 2837 aliquod
1552 2741 1761 2837 impeditum
1779 2756 1842 2815 est.
1889 2740 1973 2813 Ideo
1991 2739 2221 2830 distinguitur

212 2871 308 2929 rem,
333 2846 372 2914 in
387 2842 455 2915 boe
470 2855 654 2913 contractu
669 2855 808 2912 tantum
824 2855 993 2933 gravatur
1014 2842 1190 2924 venditor,
1241 2843 1420 2929 interesse,
1441 2858 1504 2915 aut
1518 2846 1613 2916 enim
1631 2847 1745 2916 oritur
1758 2857 1905 2939 propter
1919 2847 2090 2914 damnum
2106 2863 2222 2911 emcr-

213 2949 296 3044 quia
312 2962 450 3040 emptor
466 2946 572 3038 exigit
591 2946 817 3038 pensionem,
856 2942 994 3014 etiamsi
1015 2944 1076 3012 illa
1095 2945 1190 3013 bona
1241 2969 1342 3037 gens,
1376 2959 1437 3017 aut
1456 2960 1604 3040 propter
1624 2950 1761 3020 lucrum
1785 2973 1933 3019 cessans.
1988 2945 2221 3036 Exemplum:

214 3053 346 3121 damno
363 3051 485 3120 affecta
500 3048 641 3143 suntffl).
666 3046 748 3119 Non
763 3059 815 3117 est
826 3045 934 3137 igitur
947 3070 1030 3115 vera
1046 3045 1190 3139 emptio.
1241 3049 1280 3118 Si
1301 3050 1380 3143 quis
1403 3050 1524 3119 debuit
1540 3047 1630 3120 mihi
1648 3052 1784 3124 solvere
1800 3051 1964 3121 Calendis
1982 3049 2071 3119 Maii
2083 3051 2134 3123 20
2158 3073 2220 3119 an-

214 3152 427 3245 Respondeo
443 3152 488 3222 ad
505 3151 693 3221 minorem.
736 3149 887 3242 Emptor
904 3149 1007 3236 debet
1020 3146 1191 3219 sustinere
1241 3176 1341 3233 reos,
1367 3165 1402 3221 et
1415 3176 1489 3220 non
1503 3154 1629 3239 solvit,
1653 3178 1719 3246 ego
1734 3178 1819 3225 vero
1837 3154 1875 3223 in
1889 3154 2064 3246 petendo,
2090 3162 2126 3221 et
2138 3152 2222 3222 mit-

214 3257 431 3350 periculum,
465 3267 499 3324 et
520 3253 551 3324 si
569 3254 665 3322 bona
681 3254 882 3344 perierunt,
913 3250 966 3322 ius
987 3250 1092 3322 simul
1112 3274 1193 3344 per·
1242 3253 1357 3324 tendis
1372 3255 1504 3325 nuntiis
1528 3257 1594 3326 ieci
1613 3271 1792 3350 sumptus,
1824 3270 1859 3327 et
1881 3257 2001 3349 accepi
2020 3257 2139 3353 aliqua
2162 3258 2222 3325 de·

215 3358 299 3443 ibit,
326 3372 365 3430 ut
378 3371 494 3441 actus,
519 3381 580 3427 seu
603 3355 669 3424 iter
696 3353 887 3436 amittitur,
912 3378 992 3424 cum
1006 3378 1089 3444 ager
1106 3354 1193 3423 allu·
1243 3356 1428 3441 trimenta,
1471 3383 1623 3452 quornm
1650 3361 1795 3453 proprie
1824 3384 1927 3430 causa
1958 3359 2026 3429 init
2049 3358 2221 3429 debitoris

216 3463 321 3532 vione
341 3462 445 3555 perit.
508 3459 598 3530 Cum
626 3458 733 3550 igitur
761 3456 891 3548 insigni
912 3458 1044 3526 damno
1068 3457 1191 3525 affecta
1243 3484 1365 3543 mora,
1391 3460 1428 3530 id
1444 3461 1572 3533 dicitnr
1585 3466 1755 3534 damnum
1770 3487 1963 3553 emergens.

217 3566 428 3648 sunthona,
452 3563 610 3631 remittat
630 3559 765 3655 aliquid
786 3571 926 3651 emptor
947 3560 991 3629 de
1011 3559 1194 3652 pensione,
1343 3561 1408 3632 Est
1436 3578 1471 3635 et
1500 3560 1569 3635 boc
1595 3567 1784 3637 discrimen
1808 3566 2088 3649 observandum,
2125 3560 2225 3634 aliud

218 3679 255 3738 et
268 3661 352 3736 hinc
368 3665 575 3759 depravatio
590 3660 695 3735 huius
719 3674 918 3733 contractus
942 3661 1077 3748 oritur,
1110 3661 1192 3758 quia
1244 3667 1414 3736 damnum
1433 3667 1558 3738 accidit
1574 3681 1655 3738 ante
1668 3694 1827 3753 moram,
1852 3663 1921 3740 hoc
1936 3680 2005 3753 est,
2029 3667 2223 3738 antediem

218 3765 306 3840 baec
333 3767 593 3839 circumstantia
617 3789 722 3857 saepe
742 3789 818 3834 non
842 3765 1062 3836 observatur.
1125 3765 1195 3836 Sed
1245 3768 1414 3839 solutioni
1430 3771 1678 3856 constitutum,
1702 3773 1799 3843 aliud
1814 3774 1984 3842 damnum
2001 3770 2128 3841 accidit
2141 3782 2224 3865 post

197 3858 344 3945 xamans
367 3870 633 3967 aequalitatem,
656 3867 757 3937 facile
780 3867 912 3959 poterit
932 3867 1108 3952 iudicare,
1132 3867 1196 3938 nbi
1245 3895 1403 3955 moram,
1430 3871 1468 3942 id
1481 3867 1550 3957 est,
1575 3887 1761 3969 postquam
1778 3874 2004 3945 debitornon
2017 3875 2125 3945 solvit
2139 3897 2224 3944 con-

219 3972 308 4048 baec
344 3971 605 4046 circumstantia
636 3970 920 4042 moderationem
945 3969 1102 4066 aliquam
1130 3994 1196 4063 po·
1246 3974 1367 4045 stituto
1391 3975 1459 4046 die.
1509 3976 1613 4048 Nunc
1634 3976 1741 4069 igitur
1761 3981 1973 4071 respondeo.
2029 3977 2167 4049 Verum
2189 3990 2225 4048 et

204 4082 335 4176 ‚stulcb
1246 4100 1321 4147 non
1342 4078 1544 4149 simulatum
1567 4080 1733 4150 interesse
1764 4082 1862 4176 qnod
1887 4080 2013 4153 accidit
2032 4080 2226 4165 mutuanti,

1247 4192 1317 4263 est,
1341 4206 1421 4251 cum
1438 4183 1607 4253 damnum
1623 4208 1805 4278 emergens
1821 4199 1903 4278 post
1923 4208 2062 4255 moram
2083 4183 2224 4268 accidit,

1247 4296 1305 4367 ut,
1331 4285 1361 4355 si
1384 4284 1462 4379 quis
1485 4286 1606 4357 debuit
1614 4286 1661 4381 ⁹)
1684 4286 1773 4359 mihi
1788 4291 1924 4361 solvere
1939 4289 2103 4361 Calendis
2120 4285 2224 4371 Maii,

312 4380 616 4480 Levitici25‚(15.
629 4381 1198 4480 16.)msndatur,utsmctusu1n-
1248 4399 1371 4457 etnon
1388 4387 1511 4473 solvit,
1544 4390 1574 4460 si
1596 4415 1665 4484 qua
1690 4392 1835 4463 adficior
1856 4395 1990 4465 iactura
2012 4406 2162 4492 propter
2181 4393 2225 4465 il-
2261 4454 2263 4474 ,

224 4492 351 4562 dorum
368 4501 616 4584 computentur
630 4489 669 4556 in
687 4498 838 4571 sortem,
871 4508 955 4577 ergo
969 4486 1209 4573 etnosdeber
1246 4490 1315 4561 lius
1328 4515 1486 4574 moram,
1512 4491 1551 4560 in
1572 4518 1613 4563 eo
1637 4517 1719 4566 casu
1740 4495 1830 4566 iuste
1851 4497 2001 4569 solvitur
2020 4521 2127 4591 supra
2145 4524 2223 4571 sor-

223 4621 303 4664 mus
323 4595 456 4663 fructus
478 4603 683 4683 computare
706 4588 744 4657 in
765 4600 917 4672 sortem,
949 4612 1028 4657 cum
1048 4587 1198 4659 emimus
1247 4606 1339 4678 tem,
1376 4594 1516 4664 ratione
1538 4593 1683 4691 eins⁸⁰),
1727 4599 1824 4693 qnod
1843 4600 2007 4688 interest,
2046 4602 2224 4690 videlicet,

223 4699 462 4770 lundumcum
475 4706 578 4787 pacto
594 4694 637 4761 dc
656 4691 893 4776 revendendo,
908 4702 943 4760 et
956 4691 1103 4760 reddere
1118 4693 1198 4761 fun·
1246 4710 1288 4768 nt
1308 4720 1388 4766 mea
1408 4697 1541 4768 iactura
1564 4714 1819 4792 compensetur.
1873 4704 1951 4774 Hoc
1970 4705 2159 4792 interesse,
2185 4708 2225 4779 id

224 4805 289 4872 dos
304 4800 379 4872 sinc
394 4796 520 4891 pretio.
559 4795 783 4899 Respondes.
822 4792 992 4886 Neganda
1013 4806 1064 4865 est
1078 4818 1198 4865 eonse-
1248 4811 1317 4884 est‚
1354 4795 1442 4869 haee
1465 4803 1705 4895 compensatio
1725 4802 1866 4889 damni,
1906 4805 1997 4879 iuste
2028 4809 2164 4901 petitur
2188 4823 2225 4881 et

226 4903 400 5001 quentia,
430 4899 513 4996 quia
541 4895 666 4993 politia
689 4895 846 4966 Mosaiea
867 4920 942 4966 non
967 4896 1100 4990 obligat
1120 4921 1196 4970 nos.
1248 4902 1436 4995 accipitur,
1462 4904 1600 4977 etiamsi
1614 4906 1710 4977 nulla
1735 4908 1879 4980 accessit
1898 4910 2078 5004 stipulatio
2101 4913 2147 4983 dc
2168 4939 2226 5001 eo,

227 5006 329 5080 Onus
344 5019 462 5076 autem
476 5003 520 5090 de
533 4998 722 5072 reddendis
735 4997 853 5069 fundis
868 4997 907 5068 in
919 4999 1091 5086 iubilaeo,
1122 5013 1198 5072 erat
1247 5061 1451 5078 ...-

224 5110 413 5206 peculiaris
429 5105 607 5178 ordinatio
623 5103 716 5173 illius
730 5100 855 5193 gentis,

462 2570 608 2674 *Aliud
634 2601 932 2674 contrarium.

479 4246 612 4318 Aliud
639 4242 937 4317 contrarium.

868 5103 1197 5224 ἰωῑωωωὼἰοξ
1281 5155 1330 5225 28)
1349 5159 1412 5223 qula
1433 5161 1508 5213 Dens
1530 5159 1567 5213 ut
1588 5162 1697 5214 amari
1718 5163 1892 5232 assumtus]
1915 5152 2047 5228 sts'rtte
2065 5171 2160 5244 imp
2193 5175 2223 5230 tn

225 5240 290 5286 nec
299 5236 438 5287 necesse
447 5224 499 5284 est
506 5206 702 5303 exemplum
714 5205 831 5275 adnos
843 5205 1047 5293 transferre,
1058 5217 1198 5281 tametsi
1314 5229 1386 5281 rut.
1402 5230 1476 5282 assa
1493 5232 1603 5283 omne

1279 5301 1327 5400 si)
1344 5333 1451 5396 esunt]
1468 5333 1508 5387 se
1523 5334 1596 5388 ruse
1610 5336 1702 5405 ists,
1716 5338 1756 5392 un
1772 5342 1844 5395 nate
1860 5343 1935 5397 sssc
1952 5344 2046 5399 onas.

248 5451 304 5516 n)
316 5453 402 5513 ms]
416 5447 460 5499 ns
477 5445 551 5498 ress.
569 5442 662 5513 sue,
681 5437 756 5498 rus.
770 5435 846 5496 rest
862 5436 928 5495 stne
1280 5434 1329 5507 re)
1348 5437 1419 5502 uu]
1432 5437 1473 5492 ue
1488 5437 1562 5496 rut
1578 5439 1669 5509 sess,
1684 5441 1759 5498 uses
1772 5445 1849 5501 sess
1866 5449 1980 5514 tm.
1995 5461 2107 5506 mess
2128 5451 2192 5507 un
