4544 5766
56 218 138 301 M
343 258 368 289 ,ι
391 218 469 297 :ut
519 218 804 298 manuario
839 218 970 295 einai
1002 218 1045 296 11.
1081 216 1371 293 Ermcouuu
1407 212 1735 298 AlilS'llO'l'EIilSa
2008 224 2088 309 328

61 393 182 487 Scipio
191 393 252 490 ²⁴),
266 396 548 490 qraanquamfuit
563 398 600 466 in
617 396 1049 488 suisnegotiismodestus,
1099 392 1265 480 butio'ue,
1298 394 1383 466 satis
1401 407 1452 464 est
1466 402 1646 491 utcuntpue
1659 394 1781 467 videre
1797 394 1985 472 eonsilium
2002 398 2086 475 Arii

58 498 164 568 lortis
180 506 217 567 et
228 498 332 582 felix,
357 511 479 570 umen
501 500 701 584 interdum,
727 513 768 570 ut
782 511 864 570 sunt
878 495 1048 581 humana,
1099 498 1253 582 stotelis‚
1280 497 1341 593 qui
1359 499 1557 585 ordinema
1574 500 1747 590 proximis
1762 500 1908 573 obiectis
1920 510 2082 600 sumpsit.

59 601 144 671 sctit
164 600 302 693 aliquid
321 603 568 694 negligentius.
644 603 739 672 Haec
759 616 876 671 errata
897 603 985 671 Cato
1000 601 1046 698 π)
1098 600 1190 671 Nam
1204 626 1330 672 verum
1349 615 1402 671 cst
1423 597 1578 671 hominis
1592 603 1766 688 actiones,
1799 619 1862 675 aut
1883 607 1974 678 cirea
1997 613 2083 682 affe-

61 704 187 774 arcrbe
206 704 425 794 exagitabat,
459 720 495 775 et
514 707 644 796 gradus
669 705 883 776 cumulabat.
935 705 1047 774 Accu-
1099 717 1193 787 etus,
1219 717 1280 774 aut
1302 705 1394 773 circa
1415 729 1492 787 res,
1517 717 1578 773 aut
1601 704 1691 774 circa
1714 732 1914 778 sermonem
1937 716 2082 800 versari,

61 808 163 878 sabat
175 831 251 876 non
269 818 410 878 tantum
426 810 587 901 eulpam,
611 811 672 879 sed
691 811 798 878 etiam
813 807 956 891 dolum,
984 808 1046 892 ait,
1098 820 1133 876 et
1154 801 1218 877 has
1242 832 1365 877 omnes
1389 808 1529 876 ratione
1553 808 1708 901 quadam
1735 813 1972 886 moderandas
1996 842 2081 889 esse.

63 909 257 981 ambitione
272 923 306 979 et
322 913 506 1005 tyrannica
523 912 707 981 voluntate
716 911 920 1002 Scipionem
932 911 1043 978 multa

65 1012 190 1083 iniuste
212 1014 348 1097 facere,
387 1014 566 1085 alienabat
597 1040 617 1082 a
648 1015 814 1106 Scipione
845 1014 1045 1082 vohmtates

67 1112 261 1199 hominum,
277 1115 492 1208 impediebat
508 1117 651 1208 negotia
668 1119 700 1187 ei
721 1118 903 1187 mandata.
929 1115 1045 1184 licon-

69 1232 117 1288 tra
130 1216 336 1314 Laeliusw)
354 1216 441 1290 hacc
466 1234 583 1290 errata
605 1223 838 1303 extenuabat,
864 1218 1043 1287 interdum

70 1322 201 1414 culpam
218 1324 454 1412 agnoscebat,
475 1327 537 1393 sed
560 1325 711 1414 negabat
731 1324 952 1393 voluntatem
971 1345 1044 1392 esse

70 1424 349 1517 improbandam.
412 1425 632 1497 Ostendebat
662 1426 748 1495 item
781 1423 923 1518 pensari
957 1420 1044 1492 haee
1136 1470 1144 1486 .

71 1526 289 1597 incommoda
301 1529 440 1618 magnis
455 1530 659 1612 virtutibus,
679 1529 769 1599 sieut
782 1541 818 1597 et
835 1531 877 1595 de
893 1526 1044 1596 Hercule

73 1629 150 1700 dixit
161 1628 373 1722 Euripides,
399 1645 434 1701 et
449 1657 555 1724 saepe
569 1633 716 1702 citatur:

125 1748 247 1831 φαῦλος
266 1743 432 1832 ἄκομψος,
453 1743 533 1812 ἀλλὰ
555 1746 593 1813 τὰ
614 1750 748 1832 μέγιστα
771 1742 897 1830 ἀγαθός
906 1743 964 1828 ²⁷).

76 1850 124 1921 Sit
142 1866 222 1923 sunt
252 1853 291 1922 in
319 1853 552 1946 scriptoribus
576 1856 689 1925 multa
717 1853 914 1947 improprie
940 1850 1045 1921 dicta.

77 1952 131 2023 iiic
142 1958 277 2025 candor
293 1968 345 2026 est
359 1957 579 2027 voluntatem
595 1984 636 2027 ex
652 1970 727 2027 toto
746 1981 896 2048 corpore
913 1955 1045 2023 oratio-

77 2056 138 2142 n‘u,
160 2070 223 2128 aut
237 2084 280 2128 ex
297 2059 590 2145 circumstantiis,
617 2072 678 2130 aut
698 2086 740 2130 cx
754 2056 878 2152 phrasi
893 2082 1044 2129 sumere.

10 2165 17 2174 '
79 2156 248 2251 Erigitur
261 2162 375 2232 virtus
392 2161 528 2233 candor
542 2188 616 2232 non
633 2164 863 2246 calumniose,
890 2185 964 2230 uon
981 2163 1044 2229 du-

79 2262 136 2333 rius
152 2263 382 2357 interpretari
403 2266 514 2350 dicta,
540 2279 603 2336 aut
625 2268 737 2353 facta,
764 2288 872 2359 quam
887 2276 1044 2332 meretur

15 2378 22 2393 ·
80 2366 244 2452 voluntas,
275 2394 296 2436 a
326 2393 396 2463 qua
420 2370 704 2460 proficiscuntur.
754 2367 921 2437 Extrema
949 2379 1044 2448 sunt,

80 2469 235 2542 stoliditas
249 2483 284 2539 et
300 2472 456 2542 studium
471 2472 725 2542 calumniandi.
776 2471 892 2540 Porro
910 2494 989 2538 cum
1005 2469 1044 2536 in

80 2573 159 2640 omni
173 2572 261 2656 vita,
292 2573 678 2645 etiaminrcctedictis
696 2573 857 2656 etfactis,
884 2571 1043 2640 incidant

10 2744 14 2753 ,
79 2672 238 2745 interdum
263 2675 477 2748 offensiones
501 2680 593 2748 leves
611 2692 645 2747 et
662 2676 855 2757 sanabiles,
882 2674 1043 2743 domine-

78 2778 168 2847 urin
182 2777 377 2848 iudicando
392 2784 546 2864 candor,
572 2783 681 2850 modo
703 2780 868 2848 voluntas
891 2777 1043 2846 retineat

25 2966 30 2977 .
76 2881 273 2952 anessarias
295 2883 461 2967 virtutes,
489 2897 523 2952 et
546 2885 637 2954 sicut
659 2882 791 2953 iustitia
817 2893 851 2950 et
874 2875 1042 2952 ἐπιείκεια

10 2971 33 3010 ²¹
76 2986 313 3070 conferuntur,
338 2985 388 3055 ita
403 2989 447 3055 de
462 3011 646 3070 sermone,
672 2999 735 3055 aut
758 2982 898 3054 iudiciis
913 2980 1042 3051 verita-

73 3096 128 3156 tem
143 3100 180 3157 et
198 3089 394 3157 candorem
411 3090 565 3159 conferri
579 3091 743 3160 sciamus.
794 3086 973 3155 Hactenus
987 3109 1043 3153 re-

17 3270 28 3289 ,
69 3190 176 3261 anui
197 3191 486 3262 distributionem
508 3193 682 3263 virtutum
707 3193 803 3262 iuxta
824 3189 1043 3279 decalogum,

10 3298 30 3379 ζ
68 3292 161 3387 quiet
169 3295 306 3386 species
315 3297 539 3378 necessarias,
559 3309 593 3365 et
603 3319 725 3364 earum
736 3293 897 3363 ordinem
910 3290 1043 3383 optime

10 3386 24 3410 “’
65 3408 255 3480 monstrat,
288 3408 330 3466 ut
350 3398 453 3468 facile
471 3399 629 3468 iudicare
659 3398 816 3490 prudens
838 3393 1044 3464 aestimator

63 3512 193 3591 potest,
220 3511 257 3569 et
280 3502 418 3594 quoties
441 3527 530 3592 opus
551 3515 604 3570 est
621 3498 889 3570 enumeratione
905 3510 939 3564 et
954 3494 1043 3566 serie

61 3600 244 3685 sirmiam,
270 3627 372 3673 mens
390 3607 553 3675 decurrat
568 3628 632 3696 per
647 3603 868 3692 decalogum,
894 3623 959 3667 nec
974 3597 1042 3665 alia

60 3718 108 3775 est
122 3706 170 3776 dc
184 3704 379 3775 virtutibus
393 3708 554 3777 doctrina
572 3705 780 3798 expeditior.
814 3702 942 3772 Postea
961 3724 1044 3768 eon-

60 3807 188 3879 sidetct
210 3808 411 3894 studiosus,
443 3823 618 3904 quatenus
647 3811 692 3878 ad
721 3807 929 3897 decalogum
962 3827 1044 3872 con·

61 3910 206 3981 noiant
221 3907 482 4004 philosophica.
534 3911 740 3983 Aristotcles
754 3907 868 3979 utitur
890 3907 958 3975 alia
975 3905 1044 3975 dis·

59 4004 256 4085 tributionc
279 4029 422 4108 sumpta
449 4041 490 4085 ex
512 4014 686 4107 proximis
709 4011 874 4093 obiectis,
904 4010 942 4079 in
967 4007 1045 4102 qui·

60 4114 123 4187 bus
143 4120 188 4188 fit
209 4118 451 4190 mediocritas.
502 4119 604 4187 Aliae
627 4117 763 4187 faciunt
781 4113 1045 4183 mediocritates

61 4216 304 4306 haffcctilius,
321 4235 361 4291 ut
374 4222 560 4305 fortitudo,
580 4220 828 4301 mansuetudo,
844 4230 1045 4308 temperan-

62 4320 121 4393 u'a.
179 4324 283 4393 Aliae
315 4326 451 4395 faciunt
484 4324 748 4394 mediocritates
776 4321 816 4388 in
847 4320 973 4400 rebus,
1006 4326 1047 4385 ut

65 4420 215 4511 institia,
241 4426 447 4498 liberalitas.
499 4426 600 4496 Aliae
621 4427 660 4495 in
682 4447 865 4505 sermone,
891 4433 931 4490 ut
953 4417 1046 4487 veri·

67 4536 114 4599 hs
127 4542 163 4600 ct
175 4530 374 4601 urbanitas.
408 4528 496 4600 ltem
512 4531 551 4599 in
567 4524 846 4599 conversationis
860 4520 1046 4603 suavitate,

69 4638 102 4698 1
116 4632 287 4705 amicitia.
320 4634 394 4705 Nec
407 4635 596 4726 disputabo
613 4631 775 4702 subtilius
791 4631 834 4699 de
850 4623 917 4696 hac
929 4624 1046 4694 distri-

101 4931 148 4995 14)
162 4936 195 4987 la
212 4934 361 4987 Cornelius
380 4935 470 4998 scipio
488 4934 637 4985 Asiaticus.

104 5017 149 5079 ²⁸)
164 5020 235 5072 Coto
259 5021 369 5073 cernor
390 5021 625 5071 criminationibus
649 5016 756 5080 effecit,
779 5019 810 5066 nt
831 5015 879 5065 ilie
896 5012 987 5076 scipio
1014 5023 1048 5061 ex

136 5090 256 5153 equestri
276 5088 374 5140 ordine
390 5090 546 5140 eticerctur.

108 5170 150 5231 ⁷5)
165 5174 196 5225 C.
212 5176 341 5229 Laetius.
361 5175 496 5237 scipionis
515 5173 636 5224 Africani
654 5170 775 5235 amicus,
800 5168 956 5232 praefectus
974 5165 1049 5214 ciss-

139 5244 177 5293 nts
194 5246 265 5297 teilo
282 5245 386 5295 Poenico
402 5245 535 5295 seruando.

112 5324 260 5463 mvfflp.
277 5328 518 5447 Licymndiragpp
536 5329 564 5389 1,
584 5329 624 5379 i.:
650 5323 761 5444 parisios
778 5317 928 5440 dropappp,
937 5316 978 5440 ecxci
987 5314 1052 5439 ‘ppt'

141 5400 682 5533 m....⁷3.l⁰it.{'..'.¹.⁵¹i.iif'l‘iis'
719 5405 805 5458 '⁸⁸⁸¹'
831 5404 863 5454 ‘¹'
906 5424 913 5441 '

1096 908 1194 978 Haec
1209 912 1251 978 de
1268 910 1536 981 enumeratione
1552 909 1699 994 dixisse,
1724 913 1808 982 satis
1824 928 1876 984 est
1888 915 1946 1009 ⁷⁸).

1306 1112 1367 1180 De
1402 1110 1552 1184 causis
1586 1112 1879 1211 virtutum'l).

1198 1262 1272 1335 lam
1290 1267 1332 1335 de
1349 1262 1462 1335 eaitsis
1477 1264 1668 1335 dicendum
1691 1281 1761 1353 est,
1787 1295 1938 1363 quarum
1968 1272 2083 1345 consi·

1096 1368 1234 1437 deratio
1250 1368 1289 1436 in
1304 1368 1430 1459 primis
1445 1368 1542 1437 utilis
1558 1381 1622 1439 est.
1683 1366 1924 1464 Philosophus
1939 1371 2003 1448 has
2018 1404 2081 1447 no·

1096 1484 1211 1539 inruat
1224 1470 1440 1563 principales
1463 1495 1584 1540 causas
1606 1466 1777 1543 honestae
1793 1476 1962 1562 actionis,
1983 1506 2082 1549 men·

1096 1585 1168 1642 tem
1193 1573 1429 1657 iudicantem,
1464 1585 1499 1641 et
1518 1574 1739 1643 voluntatem
1762 1577 2080 1670 obtemperantem.

1096 1674 1331 1770 Acceduntw)
1346 1676 1464 1746 minus
1480 1675 1706 1768 principales,
1726 1678 1879 1770 impetus
1895 1687 2081 1771 naturalis,

1097 1777 1333 1862 adsuefactio‚
1360 1774 1597 1861 seuhabitus,
1624 1792 1659 1847 et
1674 1783 1853 1865 membra,
1888 1811 1979 1878 quae
1996 1788 2079 1858 obe·

1097 1881 1199 1951 diunt
1212 1881 1364 1972 imperio
1378 1893 1494 1950 rectae
1511 1880 1673 1965 rationis,
1699 1896 1740 1952 ut
1756 1884 1977 1977 inScipione,
2001 1892 2080 1962 abs-

1096 1984 1231 2053 tinente
1262 1985 1306 2053 ab
1328 1982 1472 2054 alterius
1497 1984 1722 2080 coniuge⁸¹):
1751 2012 1876 2058 causae
1898 2004 1981 2060 sunt
2003 1992 2078 2065 eius

1094 2088 1191 2172 facti,
1213 2111 1313 2157 mens
1327 2085 1488 2156 iudicans
1505 2086 1677 2157 iniustum
1692 2114 1778 2173 esse,
1805 2090 1978 2183 attingere
1993 2096 2080 2168 alte·

1095 2191 1170 2260 rius
1186 2189 1385 2280 coniugem.
1417 2189 1542 2283 Neque
1558 2203 1678 2259 tamen
1696 2216 1774 2262 nna
1786 2205 1924 2264 tantum
1939 2196 2079 2268 ratione

1095 2306 1278 2377 movetur,
1305 2295 1493 2383 sedsaepe
1519 2292 1612 2363 veris
1638 2307 1673 2362 et
1686 2289 1844 2366 honestis
1861 2301 2081 2390 argumentis

1096 2396 1207 2466 multa
1222 2407 1434 2485 congruunt.
1484 2393 1697 2465 Alienautur
1712 2392 1899 2468 hominum
1916 2403 2081 2473 volunta·

1095 2511 1147 2568 tes
1169 2523 1188 2566 a
1212 2498 1381 2581 ducibus,
1405 2510 1555 2588 propter
1570 2497 1755 2567 libidinem
1772 2513 1807 2568 ct
1823 2504 2080 2579 crudelitatem.

1094 2600 1193 2671 Sicut
1206 2597 1364 2669 Iulianus
1379 2598 1552 2667 recitabat
1568 2625 1711 2668 carmen
1727 2600 1963 2698 Bacchylidac
1975 2606 2041 2703 ⁸⁴³):

1178 2718 1221 2781 Ut
1243 2719 1297 2777 nisi
1318 2720 1355 2778 sit
1377 2719 1442 2777 vivo
1463 2717 1554 2777 iacies
1577 2735 1719 2797 expressa
1740 2720 1852 2795 colore,

1223 2819 1289 2877 Non
1312 2819 1404 2877 decus
1425 2818 1456 2876 in
1477 2819 1555 2897 picto
1577 2808 1705 2895 corpore
1722 2830 1839 2879 truncus
1860 2821 1960 2886 habet.

1176 2922 1226 2981 Sic
1247 2921 1352 3000 reliqui
1373 2937 1470 2979 mores
1491 2920 1583 2997 spreti
1605 2921 1668 2979 sine
1689 2920 1801 2981 honore
1821 2926 1991 3002 manebunt,

1221 3023 1261 3083 Ni
1282 3024 1338 3082 sint
1360 3024 1454 3083 ornati
1476 3020 1564 3082 laude
1586 3022 1753 3100 pudicitiae.

1197 3125 1353 3197 Accessit
1377 3136 1413 3195 et
1428 3125 1497 3195 alia
1514 3126 1628 3209 ratio,
1653 3126 1822 3217 cogitavit
1835 3129 1953 3221 Scipio
1968 3132 2082 3203 fortu-

1094 3253 1180 3297 nam
1195 3229 1377 3319 corrumpi
1393 3227 1627 3320 impudicitia.
1666 3228 1730 3298 llis
1746 3231 1944 3303 rationibus
1962 3258 2081 3305 assen-

1095 3332 1186 3401 tiens
1208 3334 1392 3415 voluntas,
1419 3333 1570 3407 antefert
1585 3330 1862 3417 continentiam,
1888 3338 2014 3405 domat
2031 3340 2081 3407 ai·

1094 3436 1217 3519 sectus,
1245 3448 1280 3504 et
1296 3435 1450 3525 imperat
1463 3433 1616 3502 externis
1632 3435 1815 3518 memhris,
1841 3461 1886 3504 ne
1903 3439 2081 3529 attingant

1096 3536 1262 3607 alienam.
1314 3535 1383 3606 Sed
1414 3530 1502 3604 hace
1530 3535 1642 3625 magis
1673 3537 1810 3626 placide
1839 3552 1873 3606 ct
1902 3543 2022 3611 sedate
2043 3541 2081 3611 iu

1095 3653 1214 3709 mente
1239 3639 1486 3731 disputantur,
1519 3650 1555 3705 et
1575 3662 1594 3705 a
1617 3639 1800 3709 voluntate
1823 3642 2081 3731 gubernantur,

1096 3743 1179 3837 quia
1197 3742 1342 3811 adiuvat
1357 3737 1521 3810 heroicus
1536 3738 1700 3831 impetus,
1716 3742 1751 3810 id
1767 3756 1830 3827 est,
1846 3744 1967 3815 lumen
1982 3773 2081 3816 men-

1096 3844 1140 3914 tis
1161 3844 1274 3937 magis
1297 3867 1488 3936 agnoscens
1514 3839 1815 3934 pulchritudinem
1846 3848 2006 3932 virtutis,
2047 3862 2081 3919 et

1097 3948 1209 4040 magis
1241 3972 1365 4018 amans
1395 3946 1584 4029 virtutem,
1612 3972 1720 4040 quam
1749 3948 1809 4017 alii
1831 3948 2080 4020 imbecilliores

1097 4063 1230 4120 amant.
1281 4049 1376 4119 Haec
1392 4048 1567 4118 difficilius
1581 4048 1838 4139 intelliguntur,
1855 4052 1937 4145 quia
1957 4055 2080 4143 ingens

1097 4165 1152 4224 est
1164 4152 1387 4223 imbecillitas
1402 4148 1604 4235 hominum,
1630 4164 1665 4220 et
1682 4176 1763 4220 rara
1782 4165 1844 4236 est,
1871 4155 1927 4222 vel
1944 4155 2080 4251 medio·

1097 4257 1165 4326 cris
1181 4255 1304 4326 virtus.
1356 4256 1424 4324 Sed
1449 4266 1569 4323 tamen
1592 4253 1710 4347 aliqua
1735 4267 1817 4323 sunt
1832 4259 1993 4348 exempla
2010 4259 2081 4329 sin-

1098 4361 1261 4452 gularum
1278 4369 1447 4429 actatum.

1198 4462 1381 4555 Quantum
1405 4463 1509 4529 deciis
1526 4471 1577 4529 cst
1597 4457 1816 4529 fortitudinis
1837 4459 1874 4529 in
1899 4487 1941 4531 eo
1955 4463 2081 4548 milite,

1098 4564 1160 4659 qui
1188 4560 1259 4633 hoc
1289 4587 1384 4632 anno
1420 4558 1530 4634 1542.
1552 4562 1591 4628 in
1619 4561 1754 4652 praelio
1789 4565 1977 4638 commisso
2001 4592 2081 4638 cum

1099 4738 1307 4753 ——Q

1131 4837 1180 4895 78)
1199 4837 1267 4894 est]
1285 4833 1327 4882 sic
1346 4830 1395 4882 ild.
1414 4829 1507 4894 taso.;
1526 4829 1576 4879 Ed.
1596 4828 1671 4880 15⁴5.
1689 4829 1735 4882 stt

1131 4923 1180 4980 79)
1196 4921 1238 4970 De
1256 4917 1465 4969 incesseram
1485 4916 1513 4965 ln
1531 4929 1589 4979 cop.
1608 4916 1657 4967 ΙΧ.
1675 4917 1737 4966 libri
1755 4917 1787 4969 ΙΙ.
1807 4918 1893 4967 stite.
1913 4918 2031 4972 Aristot.

1131 5009 1181 5068 80)
1200 5006 1353 5064 Accedunt]
1373 5004 1413 5052 sic
1430 5003 1479 5052 itt.
1502 5004 1594 5065 1546.;
1614 5003 1662 5053 itt.
1684 5004 1761 5052 iasa.
1780 5004 1925 5054 Accedant.

1131 5092 1180 5151 81)
1199 5090 1278 5141 Cous.
1299 5101 1359 5151 pag.
1381 5089 1438 5140 189.
1457 5092 1525 5137 nota
1542 5088 1584 5138 66.

1132 5177 1181 5234 82)
1201 5175 1379 5238 Bacchylides
1392 5174 1477 5238 Cous,
1496 5176 1576 5234 poeto
1594 5172 1699 5235 lyrictrs
1714 5169 1752 5236 (a.
1766 5171 1828 5221 Chr.
1842 5173 1987 5223 ito-tao.
2000 5173 2083 5240 Μ).

1168 5244 1279 5294 Pindari
1296 5243 1419 5293 uenatus
1438 5242 1466 5291 tn
1483 5241 1547 5290 nuta
1566 5242 1693 5291 flieronis
1714 5241 1788 5302 regis
1807 5246 1950 5302 syracus,
1973 5248 2083 5302 praeter

1168 5314 1238 5363 hucac
1263 5312 1385 5375 inprimis
1409 5313 1443 5359 ab
1460 5308 1564 5359 latinio
1590 5309 1754 5370 imperatore
1778 5309 1885 5357 marinii
1911 5312 2083 5375 aestimatus,

1167 5382 1241 5434 coni.
1257 5381 1388 5430 Amuiau.
1407 5377 1559 5428 Marcellin.
1578 5378 1597 5426 Ι.
1614 5376 1655 5428 26.
1675 5390 1698 5426 c.
1711 5379 1735 5427 4.
1764 5374 1921 5426 eoeneum
1939 5378 1999 5427 otus
2017 5378 2084 5430 attii

1173 5452 1228 5501 arisi
1246 5450 1399 5513 fragmento
1416 5449 1573 5510 supersunt.

1382 5513 1465 5570 oi*
