4544 5766
103 225 152 301 et
313 225 373 302 lv.
425 214 768 302 conhau'rnnti
799 223 850 303 lu
881 224 1071 301 LIBRUM
1096 223 1155 300 lll.
1186 222 1524 301 eonnectitur
1553 222 1880 304 mutuastis.
2033 224 2110 304 449.

103 423 166 469 rue
180 423 328 494 quoque
342 401 447 470 licere
463 400 537 469 vim
558 401 755 492 depellere,
789 426 870 472 cum
892 402 974 472 licet
994 423 1071 470 non
1124 399 1398 492 Memmingeusi
1418 402 1649 474 concionator
1673 416 1759 474 erat.
1812 403 1909 473 Haec
1928 400 2108 495 posterior

103 502 239 572 bedire.
310 502 385 574 Nos
416 516 533 572 autem
565 506 716 574 sciamus
746 505 943 597 plurimum
975 503 1070 573 iuter
1122 505 1260 595 opinio,
1280 512 1531 599 praeterquam
1548 510 1644 600 quod
1661 533 1739 578 enm
1749 505 1945 597 Evangelio
1958 518 2107 597 pugnat,

103 628 168 674 aee
182 604 353 676 interesse
369 606 468 675 iuxta
482 605 739 697 Evangelium,
762 610 859 701 quod
873 620 971 676 vetat
987 606 1070 675 obe³
1120 608 1355 699 perniciosior
1370 606 1477 679 etiam
1495 622 1546 678 est
1560 610 1680 699 priore
1700 611 1781 694 illa,
1815 634 1922 704 quam
1941 607 2107 678 iudicant

102 709 176 790 ire,
210 709 241 777 si
263 708 491 799 magistratus
515 709 662 778 iubeant
681 733 847 809 peccare,
890 723 926 779 et
948 722 1069 778 tamen
1120 704 1232 804 aliqui
1255 711 1450 780 tristiorem·
1473 736 1513 780 ac
1538 703 1825 782 inhumaniorem
1845 734 1930 783 esse.
1981 707 2106 803 Itaque

104 811 258 879 rivatam
279 811 475 879 vindictam
497 808 734 906 prohibetoe).
786 813 907 905 Quare
925 811 1068 894 Daniel,
1119 813 1296 903 posterior
1312 839 1458 905 prorsus
1472 827 1524 884 est
1540 815 1780 906 repudianda,
1807 818 1850 884 de
1873 814 1995 906 priore
2012 813 2110 880 noni

103 909 282 1004 rophetae
303 927 337 982 et
358 914 522 1006 Apostoli
548 939 623 983 nou
645 915 859 1005 depulerunt
880 915 961 984 vim.
976 915 1069 983 iniu-
1119 911 1210 983 nihil
1225 916 1479 1007 disputandum
1495 929 1566 1001 esi,
1594 943 1701 1012 quam
1722 918 1871 988 memini
1888 917 2056 1009 agitatam
2081 940 2103 984 a

103 1030 190 1097 tam,
233 1018 374 1086 tametsi
407 1017 537 1087 alicubi
569 1041 644 1085 nou
677 1018 974 1110 obtemperabant
1004 1020 1068 1086 do·
1118 1014 1251 1087 Ioanne
1265 1019 1403 1089 Maiore
1427 1018 1620 1090 Parisiensi
1644 1018 1898 1115 Theologoffl).
1957 1018 2015 1089 sic
2039 1043 2102 1087 au-

103 1119 199 1188 uinis.
1118 1133 1189 1189 tem
1206 1122 1430 1192 sentiendum
1445 1135 1515 1207 est,
1536 1123 1692 1214 primum
1710 1126 1807 1221 quod
1822 1120 2104 1215 approbetDeus‘

180 1220 317 1311 eraeri
342 1221 448 1291 etiam
470 1216 640 1290 hocloco
664 1232 799 1312 potest,
835 1244 944 1313 quam
965 1218 1068 1310 regni
1119 1248 1241 1294 omues
1263 1225 1407 1317 politias
1429 1226 1622 1317 legitimas,
1650 1224 1719 1298 hoc
1744 1241 1813 1310 est,
1838 1238 1879 1296 nt
1893 1223 2026 1295 Paulus
2050 1225 2108 1291 lo·'

103 1322 232 1413 speciem
259 1325 436 1415 approbet
455 1324 563 1394 Deus.
630 1322 681 1391 Ac
703 1322 850 1392 memini
870 1319 936 1391 hac
958 1324 1003 1391 de
1026 1345 1066 1390 re
1119 1327 1258 1420 quitur,
1285 1353 1376 1421 quae
1392 1329 1515 1398 timori
1534 1330 1630 1398 malo
1647 1344 1730 1401 sunt
1755 1329 1874 1422 operi,
1904 1341 1939 1398 et
1961 1322 2100 1397 bonore

103 1425 196 1496 sarias
218 1438 338 1494 extare
360 1427 617 1517 disputationes
638 1420 957 1522 apudtbeologos,
989 1424 1067 1517 qui-
1117 1429 1274 1499 alliciunt
1293 1431 1430 1501 bonum
1454 1457 1563 1523 opus,
1594 1456 1656 1503 seu
1680 1459 1770 1528 quae
1791 1444 1989 1526 sequuntur
2010 1429 2102 1501 iudi-

103 1529 160 1595 lam
176 1528 337 1598 sentiunt
348 1530 508 1598 subditos
523 1528 656 1621 ubique
672 1553 755 1597 vere
772 1552 892 1599 servos
907 1527 1007 1609 esse,
1026 1551 1066 1595 ac
1118 1532 1209 1602 cium
1243 1533 1412 1617 rationis,
1455 1547 1490 1603 et
1522 1535 1634 1624 legem
1668 1550 1836 1618 naturae,
1881 1546 1916 1602 et
1949 1529 2099 1602 honesta
2198 1553 2201 1560 ·

103 1625 316 1701 libilbabere
332 1631 533 1723 proprium.
584 1631 657 1698 Alii
671 1646 794 1700 contra
813 1625 906 1698 hanc
931 1629 1065 1698 acerbi·
1115 1635 1357 1727 praecipiunt,
1401 1649 1435 1707 et
1463 1636 1721 1729 turpitudinem
1744 1633 1938 1731 prohibent
1968 1658 2009 1704 ac
2034 1659 2101 1726 pu-

103 1745 190 1802 tatem
214 1727 395 1804 servitutis
428 1760 507 1804 cum
531 1733 726 1825 Evangelio
755 1757 915 1825 pugnare
945 1734 1065 1823 dispu-
1115 1737 1230 1808 niunt.

103 1847 170 1906 hut.
237 1835 285 1905 Et
310 1832 379 1906 hoc
406 1837 517 1928 impio
546 1850 730 1928 praetextu
761 1848 842 1905 ante
864 1836 1065 1930 quinquen-

103 1928 178 2008 num
187 1937 236 2031 ⁸⁵⁰)
254 1941 524 2008 concitaverunt
544 1941 689 2030 vulgus,
721 1953 762 2008 ut
786 1939 985 2008 libertatem
1008 1961 1064 2006 ar-

103 2042 148 2110 uis
167 2057 396 2133 recuperaret
417 2043 592 2138 oppressis
614 2040 846 2134 principibus.
905 2042 1063 2112 Circum·

103 2144 257 2212 imbutor
274 2145 405 2237 impius
419 2170 459 2213 ac
473 2145 660 2215 seditiosus
684 2145 822 2214 libellus
831 2143 897 2239 ⁰⁰),
931 2145 969 2212 in
991 2168 1061 2237 quo

103 2248 194 2315 uerat
215 2248 409 2338 disputatio
436 2249 532 2342 quod
555 2260 737 2339 oporteret
756 2244 976 2318 Christianos
1000 2242 1063 2315 ha-

103 2374 161 2418 rere
178 2351 404 2421 vocationem
427 2375 639 2434 munerum,
664 2363 699 2418 ei
715 2350 977 2420 immunitatem
999 2349 1063 2416 tri-

103 2465 260 2522 iutorum.
329 2453 362 2524 ls
382 2454 521 2524 libellus
549 2453 733 2523 dicebatur
762 2453 913 2544 scriptus
940 2477 1013 2523 esse
1041 2475 1061 2519 a

103 2546 331 2650 teha'pleroffl)
361 2559 540 2651 quodam,
580 2556 643 2650 qui
665 2580 707 2624 eo
730 2568 891 2647 tempore
913 2556 951 2625 in
973 2555 1061 2625 urbe

1217 1872 1316 1942 Talis
1336 1872 1460 1964 politia
1491 1886 1543 1943 est
1569 1874 1748 1943 ordinatio
1771 1873 1858 1958 Dei,
1897 1873 2099 1966 ubicunque

1114 1974 1272 2065 gentium
1298 1988 1368 2059 est,
1402 1976 1542 2046 etiamsi
1566 1977 1611 2046 sit
1641 1977 1727 2046 alibi
1751 1976 1959 2047 clementior
1980 1978 2098 2045 forma

1115 2078 1273 2172 imperii,
1300 2078 1386 2147 alibi
1400 2079 1536 2150 durior.
1580 2079 1674 2151 Nam
1690 2094 1730 2150 ut
1749 2081 1787 2149 in
1803 2079 1880 2151 aliis
1893 2078 2099 2170 regionibus

1113 2182 1151 2249 iu
1169 2182 1352 2251 curatione
1370 2183 1579 2252 morborum
1595 2183 1791 2254 acrioribus
1807 2181 1973 2253 remediis
1996 2194 2099 2252 uten-

1114 2287 1198 2353 dum
1215 2297 1286 2369 est,
1311 2283 1349 2352 in
1365 2285 1442 2355 aliis
1457 2285 1671 2370 lenioribus,
1697 2287 1747 2356 ita
1772 2286 2009 2356 severioribus
2032 2283 2099 2352 im-

1113 2387 1220 2479 periis
1236 2411 1326 2478 opus
1348 2400 1419 2471 est,
1445 2387 1507 2458 ubi
1527 2389 1702 2459 ferociora
1723 2391 1866 2480 ingenia
1888 2400 1982 2459 sunt.
2044 2383 2098 2455 Ea

1112 2515 1168 2559 res
1185 2489 1323 2581 peperit
1341 2489 1457 2560 varias
1473 2493 1607 2560 formas
1624 2491 1869 2582 imperiorum.
1903 2489 1999 2559 Alibi
2014 2512 2098 2557 vere

1112 2592 1205 2661 servi
1225 2604 1307 2661 sunt
1327 2591 1470 2662 subditi.
1519 2591 1615 2661 Alibi
1638 2618 1761 2684 regum
1785 2605 1940 2688 potestas
1961 2590 2099 2682 legibus

1113 2695 1377 2786 circumscripta
1400 2707 1470 2778 est,
1507 2708 1542 2762 et
1565 2699 1741 2789 quaedam
1764 2696 1910 2766 libertas
1932 2715 2097 2775 concessa

120 2795 164 2852 18)
183 2794 324 2856 probibet]
341 2792 436 2843 bucin
464 2790 686 2844 omnibusEditt.
710 2790 843 2842 omissum
868 2790 896 2841 lo
919 2790 973 2841 tine
990 2788 1061 2840 uuit
1139 2797 1265 2867 'onus‘
1317 2797 1675 2868 §impingermania
1752 2799 1994 2868 uiaflomano
2017 2795 2096 2865 iure

151 2865 227 2914 ibit).
245 2864 289 2923 (iu
306 2864 429 2920 Erratis)
446 2863 488 2910 his
504 2862 597 2911 verbis
613 2865 689 2910 reete
706 2861 823 2914 additur.
1113 2824 1135 2890 p
1162 2825 1185 2890 p
1331 2899 1340 2915 .
1390 2900 1398 2915 .
1508 2870 1525 2915 ’.
1685 2852 1695 2883 ’
1728 2825 1774 2917 q.

1112 2913 1262 2970 utimtur
1284 2924 1482 2993 principes,
1514 2902 1596 2969 adeo
1617 2926 1692 2972 non
1714 2902 1846 2996 ubsque
1871 2925 1993 2970 omnes
2017 2898 2097 2968 sub-

121 2946 163 3014 11)
180 2948 236 3017 hc.
254 2958 327 2999 auno
343 2949 435 3013 taaa.;
458 2950 509 2999 boc
526 2950 598 2998 enim
614 2948 725 3010 scripsit
741 2960 766 2999 a.
782 2948 873 3014 ibid,
891 2959 944 3012 quo
962 2946 1063 2998 editiu-

151 3030 210 3067 uem
228 3019 378 3080 principem
394 3019 474 3067 huisis
490 3017 677 3067 commentarii
697 3017 788 3066 edidit.
1113 3004 1197 3087 diti,
1223 3003 1369 3095 proprie
1388 3003 1480 3072 servi
1494 3016 1588 3075 sunl.
1626 3003 1813 3096 Approbat
1828 3017 1947 3074 autem
1961 3015 2110 3099 ulrum·¹

123 3102 166 3164 0))
183 3104 235 3154 liic
255 3104 365 3152 libellus
382 3104 520 3153 duodecim
539 3103 671 3153 articulos
690 3103 860 3166 continebat,
891 3113 960 3183 quos
978 3113 1062 3165 agre·
1113 3108 1349 3202 queformam
1364 3105 1481 3190 Deus,
1515 3120 1550 3175 ep
1568 3119 1721 3201 utroque
1734 3107 1814 3177 1000
1829 3104 2098 3198 vultprincipes

151 3177 209 3223 stes
225 3175 423 3221 tumultuantes
439 3173 603 3235 principibus
618 3176 645 3220 et
659 3173 864 3234 magistratibus
875 3174 1062 3236 porrigebant,
1181 3209 1190 3224 .

152 3244 247 3305 quibus
264 3243 456 3305 postulabant,
478 3244 509 3290 ut
526 3242 577 3291 sibi
595 3243 717 3304 potestas
735 3243 929 3291 concederetur
945 3241 1064 3304 eligendi
1114 3234 1156 3278 ΕΟ
1180 3234 1256 3279 lure
1274 3209 1372 3301 qu⁰d
1394 3221 1576 3300 receptum
1602 3210 1742 3280 9311111·
1798 3208 1839 3280 ln
1860 3205 2021 3279 'historiis
2041 3230 2098 3276 ΥΕ·

151 3311 308 3373 ministros,
327 3322 424 3371 purum
440 3313 551 3360 verbum
569 3311 635 3372 Dei,
654 3311 714 3359 siue
732 3308 804 3360 omui
821 3311 997 3359 humanorum
1014 3311 1062 3358 de·
1113 3338 1217 3403 gum,
1242 3311 1546 3381 ubisamuefiius
1570 3313 1673 3402 regni
1696 3310 1980 3407 describituroe)‚
2014 3334 2099 3404 pro,

151 3383 289 3430 cretarum
305 3379 485 3442 admixtione,
508 3381 730 3441 praedicaturum
755 3382 786 3428 ut
803 3379 922 3428 decimas
938 3391 992 3428 nou
1009 3378 1062 3427 nisi

152 3451 341 3498 extremante
359 3450 663 3511 solvereteuereutur,
696 3448 865 3497 solummodo
889 3448 916 3496 in
934 3448 1063 3497 alimenta
1112 3416 1217 3484 hatur
1234 3413 1765 3506 acel'blssinlaffflfllsti¹¹lPe¹'fi›
1792 3428 1942 3484 Ornatur
1963 3408 2032 3482 hoc
2054 3411 2099 3481 fi·

150 3519 337 3568 ministrorum
360 3521 387 3565 et
409 3529 556 3577 pauperum
578 3515 788 3579 impendendam
817 3529 852 3564 ne
875 3516 1012 3599 principes
1035 3519 1062 3565 et
1113 3518 1209 3602 tith,
1237 3516 1400 3610 quodius
1415 3516 1611 3606 sipregum·
1670 3516 1853 3607 Significat
1875 3517 1970 3585 enim
1987 3513 2098 3606 spiri.

151 3587 331 3650 nagistratus
354 3591 436 3647 (quos
453 3587 614 3651 toleraturi,
638 3597 784 3646 eorumque
800 3586 951 3647 mandatis,
975 3597 1063 3647 neque

152 3660 242 3705 umen
260 3656 341 3716 aliis,
359 3665 438 3715 quam
457 3667 527 3716 quae
543 3654 681 3703 liouestati
699 3654 727 3701 et
740 3653 840 3702 rationi
851 3653 1000 3704 convenire
1011 3654 1063 3714 ipsi
1114 3634 1169 3690 lus
1199 3631 1340 3689 Sanctus
1366 3617 1564 3709 legitimum
1595 3619 1808 3711 imperium,
1844 3617 2006 3714 quamvis
2033 3619 2099 3688 du·

152 3725 251 3773 subditi
268 3723 436 3785 iudicarent,
463 3723 578 3784 parituri
597 3724 706 3778 esseut)
724 3735 756 3770 se
773 3724 885 3783 posthac
903 3734 952 3783 pro
971 3722 1062 3770 servis
1113 3748 1195 3792 rum
1220 3721 1285 3805 sip,
1317 3733 1438 3790 tamen
1454 3719 1531 3790 Deo
1557 3722 1717 3814 probari·
1767 3721 1815 3793 Ep
1837 3717 1964 3814 loseph
1984 3733 2097 3791 potam

151 3795 298 3855 baberent,
333 3793 397 3854 qnia
420 3793 542 3854 pretioso
562 3792 665 3841 christi
688 3790 821 3854 sarigutue
840 3803 935 3840 amires
955 3790 1062 3839 liberati

151 3865 260 3921 essent3
297 3873 396 3923 porro,
432 3864 461 3909 ut
491 3871 590 3923 magua
614 3873 744 3922 onerum,
779 3871 848 3922 quae
871 3860 1062 3922 exigebantur,

152 3933 230 3994 parte
247 3932 424 3991 levarentur-3
443 3932 472 3978 ut
484 3929 600 3978 versandi
618 3932 646 3977 et
664 3927 784 3989 piscandi
802 3929 846 3976 ius
862 3928 959 3990 ubique
978 3928 1063 3976 habe-

152 4002 228 4059 reut,
248 4001 334 4048 iteum
350 3999 421 4047 enim
438 4002 472 4049 ab
490 3999 567 4047 initio
584 3998 675 4046 ιιιιιιιι11
691 3996 843 4045 homiuibus
867 3997 1010 4045 dominium
1035 3997 1063 4045 in

103 2713 289 2726 *-

1179 3973 1208 4024 iu
1231 3970 1365 4035 patriam,
1396 3970 1490 4022 sancti
1508 3972 1583 4023 Galli
1606 3972 1747 4038 oppidum,
1777 3973 1908 4025 dimissus
1935 3976 1988 4025 est.
2033 3972 2096 4024 vid

153 4072 231 4118 bruta
251 4069 360 4116 dedisse
367 4083 376 4130 ;
407 4070 437 4115 ut
455 4068 544 4116 silvae
561 4079 717 4115 communes
735 4064 844 4123 esseut,
868 4068 896 4114 et
914 4066 1010 4128 critque
1028 4065 1063 4113 li-

153 4149 267 4200 guurum
284 4149 350 4184 usus
369 4136 589 4198 permitteretur;
619 4135 734 4196 denique
755 4135 786 4182 ut
803 4145 898 4182 omues
915 4136 1064 4182 castanetu-

152 4209 228 4256 dines
248 4208 296 4254 aut
313 4206 403 4266 potius
419 4207 520 4254 abusus
537 4204 566 4252 iu
583 4204 774 4253 detrimentum
787 4203 926 4251 libertatis
940 4213 1007 4251 suae
1019 4203 1064 4250 iu-

151 4275 269 4325 troducti
287 4276 471 4323 abolerentur.
495 4273 544 4323 iiis
558 4273 715 4335 denegatis,
735 4269 856 4321 etiicacia
872 4271 994 4320 subsidia
1011 4270 1064 4319 sihi

152 4344 179 4393 lu
196 4346 305 4406 promtu
323 4355 387 4391 esse
403 4343 438 4391 ad
457 4342 669 4403 recuperandam
682 4340 852 4403 libertatem,
871 4351 984 4400 eamque
995 4350 1063 4388 οοιι-

151 4418 196 4462 tra
212 4424 321 4461 omnem
338 4412 393 4459 vim
412 4412 567 4472 tyrarruidis
592 4413 621 4459 et
644 4409 832 4471 oppressionis
856 4408 1063 4460 defendendam.

152 4482 290 4542 scriptum
307 4482 357 4529 hoc
377 4480 477 4542 passim
496 4480 663 4540 divulgatum
681 4489 832 4539 magnoque
855 4477 988 4538 applausu
1013 4489 1065 4525 ex-

152 4554 275 4612 ceptum,
305 4549 481 4598 rebellionem
499 4546 628 4596 rusticam
645 4547 768 4608 perfecit.
810 4545 872 4594 Vid.
892 4544 1013 4594 sleidaui
1031 4544 1064 4593 de

151 4623 227 4669 stato
250 4617 393 4680 religionis
418 4621 445 4666 et
468 4615 632 4678 reipublicae
657 4614 756 4665 carolo
775 4615 811 4665 V.
835 4613 959 4664 caesare
989 4625 1064 4662 com-

151 4690 259 4738 mentar
290 4688 309 4738 1.
323 4687 358 4735 V.
385 4686 433 4737 iol.
446 4681 508 4736 751).
530 4684 593 4736 edit.
610 4685 725 4747 Argeut.
747 4683 833 4732 1558.1
845 4684 870 4732 8.
896 4685 924 4730 et
941 4683 1064 4733 sechen-

153 4757 217 4805 dort
231 4759 373 4806 comment.
392 4756 425 4804 de
442 4755 553 4805 hother.
573 4753 590 4801 l.
603 4752 638 4802 11.
655 4754 724 4802 sect.
735 4750 761 4803 ³.
781 4766 806 4814 p.
818 4752 844 4800 b.
862 4774 898 4786 -
920 4751 1064 4800 Adversus

151 4827 200 4875 hus
218 4825 353 4874 articulus
369 4826 506 4873 bertherus
529 4820 640 4882 scripsit
663 4820 775 4869 librum:
805 4816 984 4884 emanatus
1005 4829 1064 4884 punt

150 4889 230 4955 inste
252 4887 313 4958 ruff
332 4887 372 4946 tie
387 4889 477 4960 querit
493 4885 608 4945 reticet
623 4889 666 4943 tet
682 4885 934 4954 hauriebantur
952 4885 1064 4953 &buon

151 4962 207 5015 beu.
238 4957 427 5029 nituntuq.
456 4962 531 5010 ¹525.
557 4963 602 5010 4⁰.
653 4957 730 5009 conl.
749 4957 873 5007 strobei:
897 4959 993 5020 Beytr.
1012 4968 1064 5005 aur

153 5032 216 5084 bite.
235 5033 265 5081 Τ.
278 5032 310 5081 ll.
329 5044 354 5092 p.
370 5032 490 5082 1-108.

120 5115 166 5176 tt)
179 5117 298 5167 latarum
315 5115 456 5165 duodecim
474 5113 650 5164 articulorum
667 5114 779 5172 auctor,
798 5109 852 5160 etsi
870 5111 1019 5159 eleuthero
1037 5109 1065 5159 iu

150 5186 217 5237 libro
235 5185 347 5234 nudato
371 5187 494 5246 tacetur,
526 5182 680 5231 uomiuatur
698 5180 913 5240 christophorus
932 5179 1064 5240 schaple-

150 5266 214 5316 ras,
234 5252 419 5316 zuiugiiauae
438 5251 579 5302 doctrinae
595 5249 666 5311 apud
682 5248 912 5310 hiemmirsgenaes
929 5247 1064 5297 ecclesia·

150 5328 218 5373 stes.
264 5323 392 5373 Summis
417 5324 515 5384 postea
538 5331 555 5369 a
579 5319 687 5369 suevici
711 5318 833 5368 foederis
857 5317 969 5365 ducibus
991 5315 1064 5376 apud

148 5391 336 5456 henningum
353 5391 510 5443 cohortibus
528 5387 707 5452 rusticorum,
738 5388 767 5435 et
785 5384 918 5447 supplicio
943 5384 970 5433 in
993 5383 1063 5433 civi-

148 5464 205 5512 tate
219 5461 283 5525 ipsa
298 5460 334 5510 da
349 5458 485 5525 aliquibus
503 5460 609 5520 sumto,
640 5456 806 5520 sobapiems
829 5464 847 5505 a
869 5451 974 5503 civibus
992 5453 1062 5502 ciam

1183 4041 1357 4092 sectentur
1373 4041 1392 4090 l.
1405 4042 1423 4092 1.
1442 4041 1460 4093 l.
1474 4040 1507 4091 ll.
1527 4044 1632 4093 secta
1653 4043 1679 4105 S.
1692 4044 1716 4093 a.
1736 4057 1762 4105 p.
1773 4046 1797 4094 a.

1148 4126 1199 4184 62)
1216 4127 1334 4175 loannes
1351 4126 1440 4176 hlaior
1459 4140 1482 4181 s.
1499 4127 1604 4190 Matre,
1636 4131 1717 4176 uatus
1735 4128 1762 4175 iu
1781 4129 1889 4178 scotiae
1906 4127 2004 4189 oppido
2022 4127 2096 4177 liar·

1184 4196 1314 4260 dington,
1338 4195 1427 4245 literis
1445 4196 1555 4258 operam
1575 4195 1649 4244 dedit
1667 4195 1877 4258 Calambrigiae,
1901 4200 1958 4244 tum
1975 4196 2098 4247 Parisios

1184 4278 1217 4314 se
1234 4264 1364 4326 contulit,
1396 4263 1440 4313 ubi
1457 4275 1483 4314 a.
1498 4265 1572 4314 ¹505.
1592 4264 1688 4313 doctor
1705 4268 1815 4312 creatus
1840 4268 1891 4315 est.
1941 4264 2045 4314 Deinde
2068 4266 2098 4314 in

1183 4331 1301 4396 patriam
1323 4332 1410 4381 redux
1433 4333 1540 4395 aliquot
1563 4334 1668 4392 tempus
1693 4332 1719 4380 in
1743 4333 1890 4382 Academia
1908 4333 2099 4398 Glasgoviana

1184 4401 1292 4463 docuit,
1327 4403 1426 4464 postea
1455 4402 1483 4450 iu
1512 4400 1657 4461 collegium
1687 4399 1847 4450 Parisieuse
1881 4415 2014 4452 reversus
2042 4404 2098 4465 est,

1182 4470 1228 4519 ubi
1254 4482 1304 4519 sex
1327 4469 1412 4519 libros
1435 4470 1569 4519 historiae
1588 4468 1761 4518 britannicae
1783 4470 1893 4532 scripsit
1915 4475 1943 4520 et
1969 4473 2099 4532 1112119

1183 4537 1274 4587 edidit.
1309 4538 1431 4600 lienique
1449 4537 1476 4586 lu
1495 4537 1612 4599 patriam
1629 4537 1724 4599 rediit,
1750 4538 1839 4600 ibique
1856 4551 1881 4591 a.
1898 4540 1971 4591 tato.
1993 4540 2028 4591 62
2044 4552 2098 4590 au-

1185 4618 1237 4656 nos
1255 4609 1354 4672 uatus,
1372 4608 1435 4669 aut,
1460 4609 1491 4654 ut
1506 4607 1546 4656 Le
1563 4607 1642 4668 huicg
1659 4606 1687 4654 iu
1704 4607 1772 4656 bihl.
1790 4609 1853 4658 bist.
1873 4622 1898 4670 p.
1916 4609 1972 4659 12³.
1990 4615 2098 4673 narrat,

1183 4687 1208 4725 a.
1224 4676 1300 4724 1618.
1317 4678 1442 4724 mortuus
1460 4676 1511 4723 est.
1554 4673 1668 4722 Praeter
1686 4673 1761 4724 iilam
1779 4677 1922 4726 historiam
1940 4680 2006 4728 baec
2024 4679 2098 4728 scri·

1184 4746 1232 4806 pta
1256 4744 1315 4792 eius
1344 4745 1606 4793 commemorantur:
1642 4743 1859 4794 Commentarius
1883 4746 1911 4795 iu
1933 4748 2099 4810 Magistrum

1184 4813 1392 4863 sententiarum.
1420 4810 1511 4862 Paris.
1532 4811 1605 4861 15119.
1631 4812 1697 4875 iol.;
1721 4813 1939 4864 Commentarius
1959 4818 1986 4864 in
2004 4818 2099 4864 livan-

1184 4880 1284 4943 gelium
1295 4880 1434 4930 Matthaei.
1457 4880 1522 4931 lhld.
1544 4881 1618 4930 taus.
1636 4881 1699 4943 tot.;
1718 4881 1867 4934 coniuent.
1886 4885 1912 4932 iu
1925 4885 2020 4935 hiatth.
2033 4885 2098 4938 XV.

1183 4948 1272 4998 Paris.
1292 4948 1383 5011 tbie.;
1402 4948 1620 4999 Commentarius
1637 4949 1664 4997 iu
1683 4955 1799 5012 quatuor
1812 4954 2016 5008 durassetistas.
2034 4954 2100 5004 lbid.

1186 5017 1262 5068 11111.
1284 5021 1337 5078 ⁴⁰3
1369 5016 1562 5078 sophistiealia
1586 5017 1770 5081 Parisiensia3
1800 5020 1905 5070 Placita
1929 5023 2101 5085 theologis-aq

1183 5086 1283 5136 Latina
1300 5087 1446 5135 translatio
1464 5086 1580 5136 Caxtoui
1598 5088 1729 5137 historiae
1747 5089 1854 5147 astutiae
1874 5091 2011 5151 scriptae;
2032 5091 2098 5139 llis·

1182 5155 1288 5217 putatio
1306 5155 1339 5203 de
1356 5158 1494 5216 potestate
1507 5154 1597 5215 Papae
1615 5155 1642 5203 hs
1662 5159 1743 5204 rebus
1764 5158 1957 5219 temporalibus
1971 5158 2018 5221 (ex
2037 5159 2097 5207 eiua

1184 5225 1334 5274 comment.
1353 5225 1380 5272 iu
1397 5225 1492 5274 Matth.
1509 5223 1571 5272 xv.
1588 5223 1747 5287 excerpta);
1771 5231 1881 5275 summa
1898 5227 1931 5275 ds
1946 5227 2099 5277 oositesaio-

1181 5293 1278 5355 uibus,
1310 5293 1344 5342 de
1366 5294 1527 5356 capitalibus
1553 5291 1628 5342 vitiis
1649 5297 1676 5344 et
1693 5294 1825 5358 deoeiogo
1843 5295 1997 5347 divisorum
2013 5305 2097 5357 prae·

1183 5364 1331 5423 ceptorum.

1146 5443 1195 5512 63)
1216 5445 1242 5497 1.
1254 5447 1329 5498 San.
1339 5444 1368 5511 8,
1384 5446 1401 5497 9
1415 5459 1474 5509 sqq.
