4544 5766
68 186 141 265 111
622 184 648 263 Ι.
689 182 1041 261 POEOEOPHIAE
1065 179 1280 259 MORAUS
1302 180 1533 267 taltorta
2016 192 2090 273 ttt

66 354 282 453 Digestis'f)
312 356 359 429 de
387 351 632 429 contrahenda
653 359 836 452 emptione
862 372 898 431 et
927 358 1052 431 vendi-
1204 353 1284 427 Alia
1307 356 1414 430 ratio.
1464 358 1536 431 Res
1558 370 1678 453 empta
1698 360 1794 453 perit
1815 363 1987 455 emptori,
2024 389 2088 457 op·

65 461 171 535 u'one.
225 457 300 554 Qui
318 462 471 532 fundum
494 462 673 548 vendidit,
698 475 739 534 nt
752 488 835 533 eum
849 475 944 532 certa
958 485 1052 534 mer·
1103 457 1292 550 pignorata
1322 483 1398 531 non
1419 461 1512 553 perit
1532 462 1668 533 tenenti
1689 465 1831 556 pignus.
1895 462 1937 539 lu
1960 479 2087 537 nostro

62 564 142 636 tede
172 565 391 634 conductum
415 563 491 655 ipse
513 561 662 650 habeat,
693 565 752 635 vel
772 565 803 637 si
826 567 977 649 vendat,
1011 577 1053 635 ut
1103 586 1186 633 casu
1208 563 1340 633 fundus
1368 577 1507 655 emptus
1538 566 1630 656 perit
1660 567 1826 659 emptori.
1891 566 1959 639 Est
1979 566 2089 659 igitur

60 688 132 737 non
148 665 214 734 alii
228 665 295 761 ⁸⁸),
320 669 381 737 sed
399 666 468 737 sibi
483 664 677 751 distrahat,
703 669 760 737 vel
777 667 892 738 simile
914 667 1051 761 aliquid
1101 689 1186 734 vera
1196 665 1351 757 emptio.
1409 667 1506 736 llaec
1522 668 1607 739 satis
1623 667 1667 738 sit
1683 671 1860 762 deprimo
1877 685 1913 741 ct
1929 674 2086 741 secundo

10 826 12 831 .
59 767 262 862 paciscatur
274 768 320 836 ad
339 770 612 861 complendum,
638 773 736 866 quod
753 771 984 863 pepigerunt,
1008 793 1050 839 ex
1101 791 1186 838 casn
1205 766 1351 852 dixisse,
1377 794 1453 838 non
1476 768 1570 841 enim
1589 766 1722 840 habent
1735 774 1920 843 obscuram
1944 788 2087 843 contro

58 869 207 942 vendito
226 895 331 962 agere
347 872 493 965 poterit.

159 972 241 1043 Hae
265 975 360 1064 leges
381 988 417 1044 et
438 975 642 1068 approbant
661 988 904 1058 contractum,
939 986 975 1042 et
998 984 1049 1043 te-

58 1087 200 1146 stantur
215 1077 435 1170 emptionem
453 1102 539 1151 esse.
588 1077 683 1151 Nam
697 1091 734 1148 et
748 1078 970 1170 emptionem
984 1102 1048 1146 vo-

56 1192 162 1264 cant,
190 1191 228 1249 et
242 1181 330 1249 dant
345 1180 521 1251 actionem
546 1205 588 1250 ex
610 1181 769 1253 vendito.
820 1180 969 1251 Constat
985 1204 1048 1248 au-

57 1294 127 1351 tem
144 1306 191 1351 ex
207 1283 332 1372 regula
346 1284 497 1366 usitata,
522 1284 620 1377 quod
634 1285 679 1354 de
695 1284 802 1353 rebus
818 1283 980 1353 civilibus
996 1283 1047 1352 le-

1100 869 1273 954 versiam,
1298 896 1364 942 ncc
1379 873 1520 942 difficile
1537 885 1589 942 est
1604 874 1798 963 intelligere
1812 870 1877 945 has
1893 871 1967 946 esse
1983 902 2086 947 veras

1100 973 1317 1064 emptiones.
1361 975 1453 1045 Sunt
1475 977 1569 1045 enim
1592 976 1642 1046 ibi
1665 977 1909 1047 substantialia
1933 979 2085 1071 emptio·

1099 1075 1175 1158 nis,
1202 1101 1412 1162 consensus,
1437 1103 1556 1162 merx,
1584 1079 1752 1170 pretium.
1803 1079 1897 1152 Nam
1912 1105 2013 1150 merx
2033 1095 2087 1153 est

1098 1180 1248 1263 fundus,
1275 1192 1337 1249 aut
1360 1181 1415 1250 ius
1434 1182 1630 1274 recipiendi
1655 1195 1769 1252 certos
1795 1184 1950 1266 reditus,
1986 1188 2082 1279 quod

1098 1283 1287 1352 fundatum
1303 1283 1409 1352 estin
1425 1296 1522 1353 certo
1543 1287 1668 1356 lrrndo.
1719 1285 1770 1355 Ut
1792 1287 1888 1356 enim
1912 1287 1994 1357 licet
2014 1287 2085 1357 cari

54 1408 141 1475 gum
156 1385 331 1455 iudicium
348 1387 566 1481 sequendum
582 1388 646 1470 sit,
673 1400 708 1456 et
729 1386 826 1481 quod
842 1378 1046 1457 Christiano
1098 1384 1327 1467 servitutem,
1363 1386 1529 1455 videlicet
1557 1389 1625 1457 iter
1655 1387 1712 1456 vel
1745 1402 1864 1458 actum
1896 1389 1935 1459 in
1964 1389 2085 1459 alieno

54 1487 163 1556 liceat
185 1488 242 1557 uti
263 1488 399 1579 legibus
420 1501 456 1558 et
480 1489 739 1574 contractibus,
764 1489 828 1584 qui
844 1490 1047 1581 approban-
1099 1510 1205 1577 agro,
1236 1488 1285 1557 sic
1308 1487 1390 1556 licet
1410 1488 1480 1557 cmi
1503 1488 1557 1560 ius
1580 1490 1775 1582 recipiendi
1800 1506 1913 1562 certos
1935 1492 2085 1574 reditus,

54 1602 115 1661 tur
130 1613 153 1659 a
172 1589 324 1681 legibus.
1097 1591 1161 1659 sed
1187 1590 1255 1673 ita,
1290 1589 1319 1659 si
1348 1590 1394 1660 sit
1418 1592 1648 1663 constitutum
1678 1593 1734 1662 ius
1764 1593 1801 1661 iu
1831 1597 1943 1665 fundo
1974 1608 2083 1666 certo.

117 1691 385 1764 Adsecuudam
396 1692 642 1788 quaestionem
656 1695 868 1787 respondeo.
894 1691 1046 1763 Etiamsi
1096 1691 1190 1762 Nam
1203 1693 1247 1761 de
1263 1688 1332 1762 hoc
1347 1717 1430 1764 casu
1452 1690 1622 1767 hactenus
1638 1695 1722 1767 dixi.
1773 1695 1823 1764 Et
1844 1697 1928 1791 quia
1951 1696 2006 1767 ius
2024 1701 2085 1767 de-

54 1795 317 1867 circumscribit
331 1796 532 1867 dominium
555 1795 713 1866 conditio
735 1797 779 1866 de
804 1797 1044 1881 revendendo,
1095 1796 1156 1864 bet
1172 1819 1244 1864 csse
1260 1794 1299 1864 in
1314 1796 1435 1889 aliquo
1450 1822 1612 1889 corpore,
1636 1811 1678 1870 ut
1692 1813 1864 1890 pereunte
1881 1825 1981 1890 agro,
2001 1826 2082 1892 pcr-

55 1896 149 1969 sicut
168 1899 262 1969 aliae
284 1899 420 1970 multae
442 1898 684 1983 conditiones,
710 1912 831 1969 tamen
853 1922 929 1967 non
951 1899 1046 1967 tollit
1096 1898 1164 1967 iret
1186 1897 1272 1981 iter,
1298 1923 1362 1968 seu
1385 1912 1503 1983 actus,
1528 1900 1578 1969 ita
1587 1902 1682 1993 perit
1696 1916 1732 1971 et
1746 1896 1815 1970 hoc
1831 1903 1906 1988 ius,
1933 1906 1976 1971 de
2009 1930 2082 1998 quo

54 2013 225 2071 naturam
239 2002 411 2088 dominii,
435 2027 511 2073 non
525 1998 708 2096 prohibet,
735 2000 948 2096 quominus
971 2026 1044 2070 em·
1095 2026 1162 2071 nos
1176 2000 1342 2073 diximus.
1385 1999 1434 2071 Et
1445 2015 1487 2072 ut
1501 2003 1654 2074 servitus
1669 2004 1730 2073 illa
1747 2017 1865 2096 potest
1881 2031 1954 2078 esse
1968 2030 2081 2089 merx,

52 2117 139 2196 ptor
160 2128 245 2174 rere
269 2104 522 2190 sitdominus,
553 2118 594 2175 ut
615 2103 645 2175 si
666 2105 746 2198 quis
769 2128 851 2173 vere
876 2104 1043 2173 dominus
1094 2104 1143 2174 ita
1160 2103 1215 2175 ius
1232 2104 1321 2174 illud
1335 2105 1374 2173 in
1390 2117 1515 2176 nostro
1532 2131 1617 2176 casu
1631 2120 1684 2177 est
1697 2132 1810 2179 merx.

51 2207 199 2277 aedium
231 2233 377 2278 suarum
403 2209 537 2299 obliget
557 2233 598 2278 sc
617 2232 675 2278 eas
699 2209 803 2277 aedes
831 2209 877 2274 ad
902 2207 1041 2276 nrdlum

51 2310 169 2382 alium
190 2312 447 2382 translaturum
471 2335 565 2394 esse,
592 2310 661 2379 nisi
684 2312 730 2380 ad
754 2323 808 2394 te,
833 2309 907 2379 sive
931 2312 1042 2378 doua-

52 2414 174 2498 tione‚
210 2414 284 2484 sive
305 2414 534 2497 venditione,
567 2413 596 2482 is
617 2426 740 2483 manet
761 2413 934 2504 tantisper
958 2437 1041 2481 vere
1194 2407 1319 2480 Tertia
1341 2410 1459 2478 forma
1474 2405 1580 2480 huius
1603 2425 1804 2484 contractus
1828 2425 1900 2495 cst,
1928 2437 2008 2484 cum
2026 2439 2081 2483 re-

52 2517 245 2600 dominus‚
284 2530 320 2586 et
342 2530 462 2587 tamen
486 2541 562 2586 non
584 2528 702 2608 potest
726 2516 917 2585 transferre
938 2516 1042 2584 aedes
1094 2512 1187 2582 ditus
1202 2536 1279 2582 non
1296 2511 1577 2583 constituiturin
1592 2514 1704 2583 fundo
1722 2528 1838 2598 certo,
1865 2517 1927 2584 sed
1949 2515 1987 2583 in
2001 2519 2081 2586 uni-

52 2622 102 2689 ad
116 2621 243 2691 alium.
294 2618 347 2688 lta
371 2622 474 2689 docet
490 2619 750 2690 iureconsultus
772 2618 809 2685 in
828 2617 982 2706 Digestis
993 2617 1041 2712 ²⁹)
1094 2614 1204 2685 versis
1232 2615 1337 2685 bonis
1363 2614 1531 2697 alicuius,
1570 2627 1611 2684 ut
1638 2641 1718 2685 cum
1752 2629 1915 2686 ementur
1944 2618 2081 2691 reditus

54 2724 99 2793 de
114 2723 310 2793 verborum
328 2723 617 2814 obligationibus,
632 2723 725 2811 lege:
742 2719 795 2789 lta
812 2719 891 2814 quis
900 2719 966 2814 ³⁰),
978 2745 1042 2812 pa·
1094 2717 1279 2788 constituti
1295 2717 1334 2784 in
1348 2717 1515 2787 omnibus
1527 2715 1632 2786 bonis
1647 2717 1795 2789 alicuius
1810 2719 2041 2811 reipublicae.

55 2821 252 2916 ragrapho:
281 2850 323 2895 ea
345 2826 440 2916 lege,
464 2825 677 2895 ubidicitur
702 2847 845 2893 servum
868 2822 1042 2892 donatum
1193 2821 1311 2891 Porro
1341 2844 1388 2888 an
1417 2815 1476 2888 hic
1505 2832 1706 2891 contractus
1739 2821 1786 2892 sit
1814 2821 1970 2915 emptio,
2017 2823 2080 2892 ali-

57 2954 128 2999 esse
145 2953 188 2997 ea
203 2929 432 3011 conditione,
458 2954 503 2998 ne
518 2931 563 2998 ad
581 2927 690 2996 alium
709 2928 982 3010 transferretur,
1009 2938 1044 2995 et
1094 2937 1230 3018 quanto
1245 2922 1430 2993 obscurior
1445 2921 1638 3013 disputatio
1654 2936 1725 3008 est,
1752 2925 1816 2994 sed
1829 2926 1933 2996 multi
1949 2927 2081 2997 eruditi

55 3046 176 3102 tamen
191 3030 251 3101 ille
268 3055 351 3101 vere
367 3032 475 3101 fiebat
487 3031 563 3101 eins
577 3031 673 3100 servi
687 3029 854 3098 dominus
868 3027 927 3123 ³¹).
1094 3025 1336 3096 iurisconsulti
1350 3025 1508 3117 probant
1521 3037 1557 3094 et
1570 3021 1666 3096 hunc
1681 3040 1925 3113 contractum,
1951 3042 1987 3100 et
2001 3054 2081 3100 sen-

156 3133 339 3205 Hactenus
365 3135 552 3204 citavimus
574 3133 804 3202 autoritatem
830 3133 968 3222 legum,
1003 3141 1044 3198 ut
1093 3128 1189 3200 tiunt
1207 3129 1426 3220 emptionem
1449 3153 1535 3200 esse.
1593 3127 1686 3198 Nam
1708 3126 1765 3199 hic
1786 3145 1870 3202 sunt
1888 3131 2080 3225 emptionis

56 3249 174 3307 autem
200 3238 380 3308 rationem
404 3236 511 3307 etiam
532 3250 717 3306 teneamus
741 3259 784 3304 ex
807 3246 936 3303 natura
959 3257 1043 3301 con·
1093 3231 1352 3316 substantialia,
1377 3254 1490 3314 merx,
1517 3231 1673 3323 pretium
1689 3245 1724 3301 et
1739 3258 1942 3306 consensus.
1975 3233 2081 3305 Merx

58 3353 255 3424 tractuum,
280 3343 410 3411 addam
425 3352 648 3429 argumenta.
692 3339 785 3411 Nam
800 3350 842 3407 nt
856 3337 968 3427 leges,
992 3335 1040 3403 ita
1094 3347 1147 3404 est
1160 3334 1215 3404 ius
1230 3334 1451 3426 percipiendi
1463 3333 1621 3418 reditus,
1646 3346 1683 3402 et
1697 3360 1777 3406 cum
1793 3331 1862 3405 boc
1883 3336 1938 3408 ius
1960 3337 1999 3405 in
2014 3337 2080 3405 ali-

58 3456 89 3511 ct
100 3457 307 3514 contractus
322 3457 470 3536 propter
485 3445 557 3513 duo
571 3442 703 3525 valent,
717 3439 880 3509 videlicet
894 3450 1042 3531 propter
1094 3463 1166 3531 quo
1183 3462 1333 3528 corpore
1350 3461 1423 3506 esse
1440 3437 1579 3519 debeat,
1603 3460 1730 3528 corpus
1749 3451 1833 3507 sunt
1847 3440 1968 3508 omnia
1983 3440 2078 3506 bona

59 3547 285 3617 autoritatem
301 3560 335 3616 et
347 3546 537 3618 rationem.
567 3544 608 3615 ln
623 3558 748 3614 mutuo
767 3542 853 3612 etin
867 3542 1042 3634 oppigno-
1092 3540 1340 3610 fructificantia
1356 3539 1458 3609 istius
1470 3537 1700 3629 reipublicae.
1732 3538 1825 3611 Nam
1840 3540 1878 3608 in
1893 3537 1948 3611 bis
1962 3541 2079 3609 omni·

60 3650 216 3733 ratione,
248 3650 279 3721 is
302 3651 364 3742 qui
387 3650 450 3719 dat
472 3664 616 3732 mutuo,
650 3644 760 3716 babet
783 3646 837 3715 ius
857 3641 1042 3736 repetendi
1092 3645 1158 3712 bus
1174 3643 1280 3712 simul
1296 3642 1365 3710 talc
1383 3641 1437 3710 ius
1451 3641 1619 3710 constitui
1633 3653 1770 3732 potest,
1795 3643 1885 3713 sicut
1905 3643 1944 3711 in
1961 3642 2078 3712 alieno

10 3774 12 3781 ·
60 3753 257 3842 pecuniam.
283 3750 325 3821 ln
339 3749 407 3822 boc
421 3765 607 3822 contractu
622 3763 762 3843 emptor
773 3772 848 3818 non
862 3743 970 3817 habet
987 3745 1041 3815 ius
1094 3770 1179 3836 agro
1203 3746 1353 3815 servitus
1374 3743 1495 3838 aliqua
1517 3744 1762 3828 constituitur,
1795 3745 1959 3816 videlicet
1982 3760 2079 3817 actus

10 3928 12 3935 ,
59 3856 239 3947 repetendi
253 3856 372 3946 pretii.
403 3853 500 3947 Ergo
513 3852 572 3926 bic
589 3867 790 3923 contractus
805 3864 857 3922 est
872 3875 954 3919 vere
969 3874 1042 3918 cm·
1093 3861 1155 3919 aut
1171 3848 1250 3918 iter.

60 3963 143 4050 ptio.
190 3959 286 4029 Nam
308 3960 339 4029 si
362 3960 517 4051 emptori
539 3960 593 4029 ius
616 3952 852 4026 retrahendae
869 3952 1040 4045 pecuniae
1193 3949 1259 4020 Est
1272 3947 1368 4019 enim
1384 3948 1700 4040 prudentissimum
1724 3962 1759 4018 et
1776 3948 2010 4021 rectissimum
2027 3950 2078 4018 di-

60 4087 129 4132 non
148 4062 337 4154 competit,
364 4086 503 4132 necesse
520 4074 572 4131 est
586 4059 739 4129 vicissim
755 4057 902 4151 aliquod
925 4055 1040 4125 domi·
1094 4066 1209 4136 ctum,
1246 4054 1344 4147 quod
1374 4051 1515 4143 scripsit
1538 4048 1766 4121 innocentius
1776 4049 1843 4146 θ’),
1885 4052 2078 4121 videndum

10 4160 12 4247 Ξ
60 4166 154 4235 nium
177 4164 218 4234 in
239 4188 321 4235 eum
347 4166 559 4235 translatum
582 4188 675 4245 esse,
701 4174 742 4230 ut
763 4173 924 4231 servetur
945 4184 1042 4228 com·
1094 4181 1167 4227 esse
1185 4156 1225 4225 in
1243 4152 1313 4226 hoc
1336 4167 1538 4237 contractu,
1563 4167 1604 4224 ut
1626 4154 1759 4224 reditus
1782 4154 2018 4223 constituatur
2041 4154 2078 4223 iu

10 4254 13 4409 p
63 4267 265 4338 mutationis
282 4268 492 4360 aequalitas.
1093 4285 1151 4342 re,
1177 4283 1241 4329 seu
1256 4259 1301 4328 ad
1316 4281 1394 4327 rem
1410 4258 1604 4340 referatur,
1629 4281 1704 4324 non
1726 4256 1773 4323 ad
1787 4280 1978 4346 personam
1995 4282 2079 4326 xeu-

93 4418 141 4479 ²²]
159 4419 215 4484 ⁰¹3
247 4417 381 4472 lxm
404 4416 446 4469 t„
460 4418 483 4470 ¹·
508 4415 606 4469 lem.
632 4415 729 4478 (cm
754 4414 805 4464 ,tm
831 4412 884 4464 civ.
909 4414 952 4464 ot.
968 4412 1041 4464 Μ
1093 4361 1227 4443 dentis,
1268 4373 1303 4431 et
1333 4359 1433 4428 addit
1460 4355 1686 4428 Innocentius
1718 4358 1826 4427 talem
1855 4371 2078 4431 contractum

127 4491 157 4540 r.
168 4490 190 4539 t.
208 4489 238 4539 Ρ.
253 4488 273 4538 t.
292 4503 319 4552 p.
333 4489 419 4548 rtt.).
1093 4489 1169 4533 non
1184 4488 1258 4534 esse
1274 4461 1498 4542 usurarium,
1524 4484 1603 4528 cum
1618 4459 1657 4527 in
1675 4485 1717 4531 eo
1734 4462 1806 4531 sint
1820 4487 1921 4532 merx
1943 4476 1978 4532 et
1998 4488 2079 4556 pro·

94 4559 139 4617 ὃ)
157 4558 220 4619 ²¹¹¹]
241 4557 297 4610 ⁸¹⁰·
320 4557 517 4608 ⁰⁰¹¹V⁶¹¹¹⁰¹¹⁸⁶f
534 4569 595 4606 ⁰⁰⁰¹
612 4553 691 4619 ⁰³⁸*
720 4552 788 4603 nat.
809 4548 883 4601 ¹⁵³⁸·
902 4553 931 4599 ⁰⁸
949 4549 1042 4611 ¹⁸⁰⁴
1094 4567 1197 4650 tium,
1212 4580 1247 4635 et
1263 4565 1347 4635 talia
1363 4565 1442 4633 iura
1458 4561 1566 4632 realia
1583 4561 1719 4633 licitum
1737 4564 1783 4635 sit
1804 4568 1971 4636 vendere.
2005 4567 2078 4638 tter

94 4626 362 4778 Ἀξῖῑὲθῖειχῗιε
380 4712 421 4762 tlt·
436 4712 460 4761 1,
479 4709 552 4774 pegi,
566 4709 626 4759 135,
647 4710 714 4770 W·
738 4707 836 4768 (Com,
856 4705 908 4756 tur,
927 4704 980 4757 civ·
999 4705 1042 4757 ed,
1095 4670 1165 4739 alia
1192 4670 1380 4738 difficultas
1403 4666 1440 4734 ln
1464 4661 1531 4733 hac
1554 4665 1670 4735 iOI'ma
1698 4681 1769 4751 esi,
1801 4668 1870 4738 nisi
1892 4671 1990 4763 quod
2015 4669 2078 4736 ali-

1094 4785 1229 4867 quanto
1245 4769 1428 4841 obscurius
1443 4781 1513 4851 est,
1541 4772 1639 4863 quod
1654 4770 1785 4842 dicitur
1799 4772 1964 4842 universa
1983 4773 2078 4838 bona

126 4784 196 4833 nect
214 4783 246 4835 r.
262 4784 282 4832 1.
301 4782 332 4832 Ρ.
345 4782 377 4833 11.
398 4795 423 4843 ρ.
435 4779 520 4844 sta).

1092 4871 1224 4945 babere
1238 4872 1416 4941 rationem
1439 4872 1620 4963 corporis,
1646 4899 1754 4966 quam
1776 4877 1873 4967 quod
1895 4898 2004 4966 supra
2027 4874 2080 4942 ‹li-

96 4866 140 4924 ω)
159 4867 297 4929 itaquis]
316 4865 356 4915 ric
373 4864 400 4913 in
419 4865 461 4916 ed.
481 4863 559 4924 Hal.;
578 4860 605 4910 in
623 4861 665 4909 ed.
684 4858 793 4910 Beckii:
813 4858 842 4909 Si
861 4852 988 4919 itaquis.

96 4952 139 5011 ω
156 4953 251 5002 vem
268 4951 347 5000 ”⁰¹⁰⁹
372 4947 538 5013 paragraphi
562 4950 627 4994 sunt
651 4947 730 4994 naec:
762 4946 803 4994 ΕΒ
827 4945 889 5002 '⁰²⁶
914 4942 1043 4992 torcatum
1094 4977 1239 5046 cebatur
1265 4989 1401 5046 certum
1435 4976 1606 5059 fundum,
1648 4975 1686 5044 in
1720 5003 1793 5070 quo
1824 4977 1911 5046 certi
1944 4976 2079 5048 reditus

127 5022 175 5070 siti
188 5021 360 5071 ossensele
372 5030 482 5070 servom
496 5020 525 5067 et
536 5016 676 5075 trotttum,
694 5018 724 5063 ut
738 5027 773 5064 ne
785 5015 820 5063 ad
838 5013 953 5062 tratrem
972 5012 1042 5065 etos,

128 5097 173 5140 ant
188 5090 290 5148 fllium,
310 5094 359 5139 tut
376 5100 506 5139 uxoren.
523 5090 571 5135 ortt
589 5097 698 5133 socrum
716 5082 891 5144 perveniret,
914 5080 1043 5141 scripsit3

128 5164 153 5209 et
176 5160 242 5209 trec
266 5159 306 5208 tta
331 5156 481 5218 stipulante
500 5156 580 5208 sota,
612 5150 759 5215 spopoadtt
776 5150 879 5203 Titius.
910 5148 955 5211 qut
981 5150 1043 5209 post

130 5228 261 5279 biennium
279 5227 414 5276 haeredes
433 5223 651 5287 :aliquosum
669 5224 697 5271 et
714 5221 844 5273 fratrem.
863 5217 907 5268 cut
926 5231 960 5266 ne
978 5228 1042 5265 ser·
1129 5213 1178 5269 32)
1198 5211 1372 5262 luttocontius
1390 5210 1417 5259 tn
1440 5211 1485 5258 titt.
1502 5211 1536 5260 V.
1555 5210 1694 5260 Decretat.
1714 5211 1754 5261 ttt.
1772 5211 1811 5260 19.
1829 5223 1852 5261 c.
1867 5210 1892 5260 b.
1912 5209 1981 5271 (stt.
1995 5209 2079 5258 luno-

130 5296 215 5353 siret,
234 5308 395 5358 expremit·
413 5296 482 5342 erat.
519 5291 680 5353 Quaeritur:
698 5286 888 5339 cassatorum
908 5286 995 5335 tratre
1013 5288 1041 5333 et
1164 5282 1249 5332 ccutlt
1276 5282 1323 5330 tv.
1348 5280 1449 5329 Pouttt.
1475 5281 1548 5358 atax.
1581 5279 1608 5327 tu
1636 5279 1753 5340 utrinque
1784 5281 1869 5328 libros
1895 5277 2080 5357 ltecretattum

128 5365 275 5416 coherede
293 5378 327 5414 ex
346 5365 477 5425 stipulatu
498 5373 583 5417 erere
605 5353 716 5423 possit?
764 5354 930 5416 Respondit:
961 5367 1043 5418 'tonse
1166 5350 1361 5399 commentaria
1391 5348 1604 5397 attsotuttsstmn.
1654 5348 1695 5395 ltx
1720 5349 1840 5397 rectruda
1864 5348 1928 5401 edit.
1951 5346 2081 5398 t‘rtucot.

131 5434 156 5482 bt
172 5435 214 5499 ll,
231 5432 305 5497 qnod
324 5433 385 5481 ctus
402 5426 558 5480 intererunt.
1161 5421 1195 5470 nd
1210 5421 1245 5471 tt.
1265 5419 1339 5469 tort.
1357 5417 1427 5554 110Ιρ
1439 5431 1468 5518 pf.⁸
1477 5415 1529 5466 ott
1541 5418 1609 5478 etp).

1220 2276 1281 2346 De
1305 2277 1425 2346 tertia
1443 2269 1703 2367 formabatur
1719 2284 1953 2350 contractus.

1101 5138 1304 5155 ..n-n*
