4566 5760
157 202 233 282 w
428 196 628 272 SCRIPTA
651 194 727 267 Pll.
753 189 866 265 ΜΗ».
890 188 958 261 AD
982 186 1193 269 sunteas
1222 193 1288 267 ΕΤ
1311 190 1577 270 roumalt·
1595 192 1907 271 maurit
2103 196 2182 273 8⁰⁰

158 383 324 451 domest.
375 374 479 444 Unde
495 385 530 441 et
543 365 611 439 hoc
625 367 804 462 sequitur,
830 365 1012 436 ordinatas
1033 365 1143 433 actio-
1196 368 1289 438 catio
1303 369 1557 438 sutemafflirs
1572 381 1626 440 est
1640 394 1661 437 a
1676 369 1829 439 plato„
1844 368 1939 439 mm
1954 382 2054 440 mg„
2073 370 2119 440 ge
2133 371 2184 441 ὴ,

158 508 222 553 nes
236 475 511 573 praestantiores
527 496 613 554 esse,
634 496 743 565 quam
761 471 847 539 alias
862 471 1031 552 actiones,
1052 492 1144 560 quae
1197 473 1310 562 gibus.
1366 471 1469 539 Hane
1488 468 1784 543 Aristoteleslme
1805 473 2083 558 transtulit,···ut
2105 498 2185 543 mu-

160 588 208 655 ab
240 580 296 653 his
322 579 458 649 notitiis
486 573 709 646 naturalibus
738 572 962 643 dissentiunt.
1027 570 1145 641 Porro
1198 586 1319 643 tuatur
1340 572 1519 644 interdum
1539 574 1690 666 insignia
1713 575 1808 644 dicta
1822 574 1998 646 Platonis.
2032 574 2186 645 Memi-

162 713 241 759 cum
257 681 463 752 Aristoteles
475 677 640 749 nominat
655 677 832 745 actionem
854 674 1048 745 secundum
1075 674 1146 742 rir-
1197 677 1291 744 nerit
1304 688 1423 746 autem
1437 677 1616 748 studiosus
1628 674 1721 747 banc
1734 677 1961 762 sententiam,
1985 690 2021 747 et
2035 691 2187 770 propter

163 803 294 869 tutem,
319 782 485 873 intelligit
499 780 688 862 actionem,
715 803 806 873 quae
820 791 915 847 recta
929 776 1069 846 ratione
1085 800 1147 867 gu-
1198 791 1441 864 venustatem,
1483 792 1519 849 et
1542 780 1627 873 quia
1649 776 1834 864 bortatur,
1865 795 1908 851 ut
1930 780 2109 872 principia
2125 802 2187 850 ¹sr-

160 896 352 971 bernatar,
385 909 493 980 quam
518 881 705 976 aliquoties
728 883 801 950 iam
823 880 1030 950 vocavimus
1052 878 1147 948 ordi·
1199 883 1309 966 tium,
1335 882 1461 952 ordine
1475 896 1509 952 et
1523 896 1618 951 reete
1633 883 1829 965 discamus,
1860 907 1970 977 qnae,
2003 882 2184 955 uisi-recte

162 1006 304 1075 natam,
330 1003 370 1059 ut
383 1001 504 1081 postea
521 986 627 1056 latius
641 985 788 1055 dicetur.

250 1094 381 1162 Addita
397 1103 449 1162 est
463 1089 567 1160 tertia
584 1087 777 1180 particula:
805 1086 1007 1156 Secundum
1025 1106 1149 1152 omnes

163 1200 330 1279 virtutes,
351 1208 413 1265 aut
427 1191 634 1285 praecipuas
649 1202 684 1258 et
701 1191 946 1271 confirmatas,
972 1199 1007 1256 et
1022 1186 1060 1254 in
1076 1185 1148 1253 vita

163 1304 331 1398 perfecta.
389 1295 467 1366 Etsi
489 1295 584 1364 enim
609 1293 646 1360 in
666 1292 810 1363 Nerone
834 1303 938 1360 erant
961 1284 1149 1358 inchoatae

165 1406 332 1484 virtutes,
364 1413 486 1469 tamen
506 1396 589 1491 quia
612 1420 688 1465 non
708 1398 853 1465 fuerunt
874 1392 1073 1475 durabiles,
1098 1415 1150 1461 se-

165 1505 350 1603 quentium
364 1502 580 1592 lbrgitiorum
595 1498 745 1568 foeditas
760 1497 963 1589 turpissime
985 1520 1067 1565 eum
1090 1495 1151 1562 de-

165 1607 347 1681 formavit.
405 1605 454 1673 Ut
476 1615 595 1672 autem
613 1602 659 1671 sit
678 1603 781 1670 firma
804 1601 936 1683 virtus,
969 1611 1004 1667 et
1029 1597 1151 1665 adsue-

165 1712 319 1783 factionc
337 1707 505 1777 diuturna
523 1716 557 1774 et
581 1717 696 1772 aetate
718 1729 808 1795 opus
832 1717 902 1788 est,
937 1725 981 1769 ne
1009 1695 1152 1768 habitus
1221 1762 1229 1778 ‚

165 1814 268 1885 facile
286 1813 342 1880 rel
359 1808 574 1888 excutiatur,
601 1807 656 1874 vel
674 1818 870 1877 evanescat.
915 1801 1042 1893 lngens
1057 1800 1152 1870 enim

167 1918 221 1989 vis
255 1927 308 1986 est
341 1914 378 1981 in
411 1925 600 2001 utramque
636 1922 774 1999 partem
809 1904 1073 1976 consuetudinis
1116 1904 1153 1970 in

168 2020 304 2100 diaeta,
338 2027 373 2084 et
394 2012 430 2082 in
452 2009 633 2093 moribus,
660 2023 701 2079 ut
724 2011 875 2100 septimo
889 2006 1153 2102 Ethteorumffi)

169 2121 315 2193 dicitur:
353 2115 582 2186 Consuetudo
599 2125 649 2182 est
665 2114 775 2182 altera
792 2125 933 2183 natura.
981 2104 1152 2202 Ἐπίκτη·

168 2248 232 2306 τος
247 2215 369 2319 φύσις.

339 2363 521 2469 Hoipepya
548 2368 651 2460 plura
679 2391 787 2462 qaam
815 2364 987 2466 iv70.]'⁸)

271 2496 450 2564 Hactenus
480 2487 686 2559 Aristoteles
728 2487 869 2578 collegit
912 2485 1155 2556 definitionem

169 2595 419 2677 beatitudinis,
444 2617 552 2687 quam
567 2591 750 2663 constituit
765 2616 838 2661 esse
856 2587 1033 2659 actionem
1046 2587 1156 2656 ratio-

169 2702 225 2775 nis
258 2699 452 2771 secuudum
487 2694 716 2787 praecipuam
752 2696 919 2763 virtutem
954 2692 990 2759 in
1030 2701 1155 2772 aetate,

170 2828 261 2901 quae
293 2803 365 2870 iam
395 2796 579 2868 rraatturuit.
644 2796 771 2864 Postea
797 2794 1003 2864 Aristotcles
1027 2793 1155 2860 iterum

170 2910 360 2983 admonet,
385 2925 458 2968 non
473 2923 614 2989 semper
631 2897 951 2966 demonstrationes
966 2895 1003 2963 iu
1019 2889 1156 2962 Etlrieis

123 2992 145 3043 ’
171 3005 381 3099 flagitandas
403 3026 496 3083 esse,
522 3001 581 3068 sed
604 2999 849 3068 constituenda
873 3022 946 3066 esse
968 3008 1155 3088 praecepta

171 3107 215 3183 τὸ
237 3106 292 3181 ὅτι
302 3159 313 3191 ,
347 3127 501 3196 quorum
519 3101 570 3169 ris
585 3114 620 3168 et
633 3100 766 3170 utilitas
781 3099 912 3169 lucebit
929 3099 965 3167 in
981 3100 1053 3165 rita
1070 3111 1104 3166 et
1118 3098 1156 3166 in

173 3209 390 3288 actionibus,
415 3217 455 3274 ut
474 3202 528 3272 rei
548 3202 712 3271 militaris
734 3214 923 3293 praecepta
947 3200 985 3269 in
1007 3200 1080 3269 otio
1105 3200 1157 3270 vi-

174 3316 305 3383 dentur
319 3307 409 3377 levia
430 3319 464 3375 et
479 3305 642 3398 puerilia.
701 3305 769 3373 Sed
794 3304 831 3372 in
853 3329 919 3373 usu
942 3303 1157 3395 conspicitur

173 3414 326 3497 utilitas,
353 3423 387 3479 et
410 3406 624 3501 experientia
652 3405 726 3498 ipsa
747 3406 1057 3498 praeceptionum,
1081 3430 1156 3474 ma-

171 3542 283 3617 gnum
310 3516 415 3584 deeris
437 3513 560 3582 adfert.
628 3509 680 3578 Ac
704 3510 801 3579 iubet
821 3509 1027 3580 Aristoteles
1053 3508 1156 3578 vitari

175 3621 307 3690 otiosas
334 3614 608 3708 disputationes,
657 3625 691 3680 et
722 3612 820 3681 addit
849 3613 984 3704 insigne
1011 3612 1157 3694 dictum,

175 3721 371 3792 cavendum
398 3741 470 3788 esse
502 3740 547 3784 ne
579 3716 771 3785 accessoria
801 3715 871 3784 sint
901 3715 1057 3796 maiora,
1097 3725 1159 3781 aut

174 3826 277 3917 plura
300 3845 406 3915 quam
430 3817 636 3909 principalis
659 3816 840 3900 doctrina,
873 3830 913 3885 ut
937 3840 1040 3907 saepe
1060 3817 1099 3884 fit
1120 3815 1159 3883 in

176 3928 260 3996 vita.
321 3922 451 4011 Magna
479 3945 560 3989 cura
586 3931 716 4003 vestes,
751 3919 958 4001 comitatus,
993 3941 1159 4009 pompae,

176 4043 211 4100 et
253 4025 381 4096 similia
422 4035 616 4103 curantur,
667 4021 878 4114 principalia
919 4021 1158 4112 negliguntur.

175 4130 313 4203 Deinde
338 4126 437 4197 addit
458 4125 679 4194 dialecticum
707 4127 1003 4217 praeceptumde
1027 4123 1159 4214 princi-

70 4282 77 4303 .
176 4231 319 4326 piis'f),
353 4242 550 4325 quaesunt
576 4238 831 4306 naturanota‚
871 4228 932 4296 sed
953 4239 1074 4294 tamen
1098 4227 1159 4294 ad-

175 4332 331 4407 hibenda
356 4346 406 4402 est
432 4333 605 4427 (praedam
630 4329 937 4397 commonefactiu.
1004 4326 1086 4396 ldeo
1110 4328 1160 4396 ait

177 4435 349 4511 declarari
377 4431 571 4526 principia,
612 4432 667 4500 rel
693 4431 918 4514 inductione,
954 4432 1010 4498 rel
1042 4454 1159 4513 sensu,

177 4542 233 4612 rel
248 4537 542 4609 consuefactione.
584 4533 676 4604 Nam
692 4530 881 4602 moralium
900 4532 1158 4624 principiorum

176 4642 305 4715 veritas
319 4639 471 4709 maxime
486 4639 526 4705 fat
541 4637 722 4727 perspicua
741 4635 1035 4717 consuefactione,
1051 4659 1158 4728 quam

175 4740 325 4842 pplclrra
357 4766 411 4810 rcs
443 4740 488 4810 sit
519 4737 774 4829 temperantia,
821 4763 883 4808 seu
911 4739 1159 4819 mansuetudo,

176 4842 460 4935 consuefactione
476 4840 632 4911 discitur.
674 4838 806 4931 Estque
823 4837 881 4909 hic
897 4841 1158 4909 observandum

176 4950 328 5020 dictum:
362 4943 582 5036 Principium
607 4940 794 5010 dimidium
819 4942 938 5012 totius.
998 4937 1159 5034 Amplifr-

175 5088 380 5107 W

209 5150 259 5211 tt)
278 5144 451 5203 Etlteorans]
470 5140 511 5191 slc
527 5136 577 5188 Ed.
598 5138 691 5201 testa
717 5120 774 5189 ut.
786 5138 861 5190 rasa.
881 5141 982 5192 utiles.
1007 5170 1041 5184 -
1080 5136 1159 5192 cont.

245 5219 360 5269 Aristot.
380 5214 440 5263 uta.
456 5209 514 5260 ne.
532 5208 550 5258 l.
562 5208 587 5259 7.
605 5222 629 5258 c.
641 5208 666 5257 ὁ.
686 5209 711 5269 8.
726 5208 752 5259 8.

210 5289 258 5413 iil
277 5289 308 5404 lii
325 5277 608 5409 idlltltiviqiftii
629 5348 655 5393 et
676 5344 749 5395 raes.
769 5344 835 5396 tusc
853 5345 1021 5399 scholiorum
1035 5358 1101 5408 pars
1117 5347 1160 5394 tn-

247 5426 350 5487 scrtpta
368 5422 426 5471 est:
450 5418 492 5467 vc
509 5413 658 5477 prtoctptts.

1199 985 1461 1078 percipiantur,
1487 986 1527 1053 in
1544 986 1693 1056 caeteris
1709 986 1861 1077 turpiter
1878 986 2070 1057 errabitur.

1520 1187 1660 1297 Caput
1675 1186 1861 1298 vffl.²⁸).

1302 1350 1409 1422 Initio
1426 1355 1651 1423 acommodat
1675 1355 1720 1423 ad
1744 1381 1844 1426 suam
1866 1356 2079 1425 senteutiam
2094 1353 2186 1435 dicta

1202 1467 1383 1540 veterum,
1409 1469 1450 1526 ut
1469 1459 1655 1526 confirmet
1679 1457 1922 1527 definitionem
1944 1452 2186 1543 beatitudinis,

1203 1583 1311 1652 quam
1330 1558 1494 1644 tradidit,
1517 1571 1558 1630 ut
1580 1584 1769 1631 consensus
1793 1561 1974 1646 ostendat,
2000 1556 2093 1630 nihil
2116 1587 2186 1653 esse

1204 1662 1431 1731 absurditatis
1449 1661 1487 1730 in
1504 1658 1570 1731 hac
1588 1661 1772 1734 sententia.
1824 1663 1939 1735 Sumit
1963 1677 2083 1733 autem
2107 1689 2187 1757 pat·-

1204 1762 1367 1833 trtionem
1389 1766 1570 1834 honorum
1587 1790 1607 1833 a
1624 1765 1821 1849 ueteribus,
1848 1780 1882 1835 et
1898 1792 1939 1835 ex
1953 1760 2019 1835 liae
2036 1765 2187 1837 ostendit

1205 1892 1266 1936 eos
1281 1866 1433 1937 voluisse
1449 1862 1537 1951 hoc,
1564 1868 1662 1962 quod
1678 1869 1810 1937 dictum
1834 1882 1904 1952 est,
1929 1868 2186 1945 beatitudinem

1205 1994 1277 2039 esse
1301 1970 1479 2039 actionem
1494 1969 1646 2041 virtutis.
1712 1971 1874 2041 Secundo
1899 1971 2023 2041 inserit
2044 1972 2186 2045 brevem

1206 2072 1489 2158 annotationem,
1515 2074 1613 2167 quod
1628 2073 1810 2143 beatitudo
1825 2100 1897 2143 non
1915 2073 1960 2143 sit
1976 2074 2113 2147 otiosus
2128 2070 2187 2145 lra-

1205 2175 1319 2261 bitus,
1345 2176 1407 2246 sed
1423 2176 1528 2246 actio.
1580 2175 1722 2245 Tertio:
1751 2176 1845 2269 Quia
1862 2178 1900 2245 in
1915 2174 2112 2270 partitione
2127 2176 2187 2259 bu-

1206 2301 1335 2347 norum
1362 2280 1402 2347 lit
1425 2276 1560 2348 mentio
1584 2279 1843 2364 iucundorum,
1883 2279 1982 2349 addit
2005 2279 2116 2349 etiam
2139 2280 2187 2353 iu·

1207 2381 1459 2452 cundissimam
1476 2406 1549 2452 esse
1566 2380 1706 2452 virtutis
1727 2382 1923 2465 actionem,
1954 2382 2120 2453 videlicet
2138 2383 2187 2469 iis,

1207 2482 1269 2578 qui
1292 2482 1433 2554 virtutis
1463 2478 1764 2578 pulchritudinem
1793 2484 1933 2567 vident,
1975 2499 2014 2553 ut
2046 2486 2186 2556 dicitur:

1206 2582 1323 2679 lgnoti
1350 2588 1448 2657 nulla
1472 2587 1620 2678 cupido,
1660 2602 1695 2657 et
1723 2589 1768 2656 ad
1793 2612 1871 2656 eam
1893 2588 2077 2658 assuefacti
2099 2602 2187 2659 strat.

1208 2689 1346 2782 Quarto
1363 2664 1486 2759 inonet
1501 2691 1693 2781 gubernari
1708 2688 1848 2760 virtutis
1863 2689 2040 2761 actionem
2057 2717 2076 2761 a
2095 2705 2186 2783 recta

1207 2792 1357 2863 ratione.
1410 2792 1506 2861 Haec
1521 2806 1572 2863 est
1591 2792 1685 2861 euim
1701 2794 1821 2883 regula
1845 2806 1880 2863 et
1890 2792 2047 2895 propria
2074 2818 2186 2879 eausa,

1208 2920 1270 2964 cur
1290 2895 1380 2964 actio
1404 2895 1468 2978 sit,
1501 2908 1536 2965 ct
1556 2894 1695 2965 dicatur
1717 2889 1885 2981 honesta,
1920 2895 2052 2981 idest,
2083 2900 2187 2981 recta,

1209 3010 1242 3066 et
1260 3010 1409 3067 rratturae
1434 2998 1659 3068 conveniens.
1720 2997 1856 3090 Quinto
1883 2998 1981 3068 addit
2004 3024 2096 3093 opus
2120 3023 2186 3071 esse

1209 3099 1368 3192 corporis
1386 3113 1420 3170 et
1436 3101 1600 3170 fortunae
1614 3100 1729 3184 bonis,
1751 3113 1920 3194 tanquam
1936 3100 2188 3179 instrumentis.

1549 3319 1684 3429 Caput
1700 3314 1850 3432 IX.⁹⁷).
1873 3278 1876 3283 Ι

1311 3483 1511 3555 Constituta
1536 3484 1760 3567 delinitione,
1799 3484 1938 3578 quaerit
1962 3486 2058 3555 xinde
2080 3483 2188 3557 homi-

1208 3613 1270 3657 nes
1292 3588 1535 3681 adsequantur
1554 3587 1831 3670 beatitudinem,
1873 3612 1919 3655 an
1941 3587 2115 3661 divinitus
2134 3590 2189 3661 de»

1208 3703 1288 3772 tur,
1314 3716 1359 3758 an
1378 3703 1524 3781 paretur
1541 3686 1698 3760 humana
1723 3688 1924 3781 diligentia,
1957 3714 2004 3760 an
2029 3716 2115 3763 casu
2135 3698 2189 3761 te·

1207 3793 1296 3863 aiat.
1349 3792 1472 3862 Ardua
1495 3793 1654 3886 quaestio
1678 3804 1749 3875 est,
1783 3794 1847 3863 etsi
1870 3793 1907 3860 in
1928 3789 1994 3863 hac
2019 3795 2189 3865 tenuitate

1209 3897 1384 3967 sermonis
1401 3895 1635 3978 Aristotelici,
1661 3893 1771 3963 lector
1785 3920 1860 3964 non
1878 3897 2105 3980 admonitus,
2127 3882 2190 3967 ‘six

1211 3998 1340 4089 cogitet
1357 4010 1489 4091 quanta
1503 4000 1546 4068 de
1561 4023 1599 4065 re
1617 4010 1753 4087 agatur.
1795 3996 1922 4091 Ingens
1939 4012 1990 4069 est
2005 3994 2190 4071 infinditis

1209 4098 1416 4182 hominum,
1458 4100 1569 4168 virtus
1598 4098 1781 4172 imbecillis
1813 4115 1847 4170 et
1880 4104 2007 4192 fugax,
2049 4104 2190 4191 fortitti'a

1210 4227 1296 4272 vero
1314 4205 1428 4272 nartlto
1443 4203 1614 4294 fragilior.
1666 4200 1770 4272 Multi
1793 4203 1855 4273 diu
1871 4202 2040 4275 florentes
2061 4207 2190 4276 virtute

1211 4318 1245 4374 et
1260 4305 1393 4396 gloria,
1420 4306 1464 4372 ad
1483 4317 1677 4373 extrenmm
1694 4306 1761 4397 ipsi
1783 4314 1857 4376 ses'e
1878 4306 2192 4390 dedecoraverunt,

1210 4421 1250 4477 ut
1266 4409 1487 4489 Alexander,
1512 4406 1659 4478 Marius.
1708 4409 1780 4477 Alii
1803 4434 1877 4478 non
1901 4410 2030 4481 amissa
2052 4409 2191 4494 virtsrte,

1211 4535 1231 4578 a
1264 4513 1408 4579 fortrma
1440 4509 1569 4579 deserti
1596 4524 1697 4594 sunt,
1738 4524 1778 4581 ut
1803 4512 2018 4605 Pompeius,
2059 4514 2192 4587 cicero.

1210 4612 1281 4681 Alii
1305 4615 1361 4683 rel
1382 4611 1520 4704 ignari,
1545 4614 1601 4681 rel
1623 4613 1798 4706 improbi,
1830 4616 2026 4717 faciliorem
2046 4618 2192 4717 ,misum

1212 4729 1246 4784 et
1277 4718 1458 4785 fortunam
1490 4716 1715 4808 aequiorem,
1758 4729 1792 4786 et
1814 4708 1926 4790 exitus
1945 4700 2193 4811 placidos'lha·

1210 4819 1384 4900 buerant,
1409 4830 1450 4886 ut
1470 4817 1645 4888 Tiberius.
1704 4819 1739 4888 si
1762 4843 1904 4911 semper
1924 4822 2119 4895 sceleratos
2136 4840 2192 4893 to·

1210 4921 1424 4988 mitarentur
1449 4945 1586 5012 poenae
1614 4934 1647 4989 et
1672 4919 1838 4992 virtutem
1860 4947 1917 4995 res
1939 4920 2138 5025 secundae,
2161 4938 2191 4994 et

1182 5082 1187 5200 l
1243 5117 1293 5185 eo)
1312 5086 1583 5175 insusurraret
1602 5120 1677 5173 issa
1695 5124 1775 5174 aare·
1800 5084 1899 5189 oneo
1922 5126 2029 5180 mestis
2045 5076 2147 5191 a&
2160 5128 2192 5178 a

1279 5190 1330 5239 ttae
1342 5192 1461 5242 edtttone
1472 5193 1584 5241 diversa
1595 5195 1675 5247 sunt)
1688 5194 1865 5256 tuscrtpttous
1882 5202 1996 5261 want,
2010 5198 2040 5249 tr
2050 5197 2101 5249 n.
2121 5194 2190 5249 tm.

1280 5259 1509 5324 luscrtptusunt:
1536 5261 1649 5311 scheba
1670 5263 1814 5324 captur.
1893 5292 1938 5319 :.,-
1971 5302 1987 5321 ‚.
2006 5296 2036 5325 :.·
2074 5298 2089 5329 -1
2105 5304 2117 5329 .-

1244 5345 1292 5408 27)
1312 5347 1465 5397 Edtttonun
1491 5347 1582 5403 tm,
1609 5346 1682 5396 tm.
1702 5352 1731 5397 et
1751 5349 1826 5400 tttt.
1843 5350 2192 5414 annuum-utum,

1279 5421 1312 5464 at
1332 5418 1380 5466 truc
1399 5417 1464 5466 edit.
1483 5415 1596 5465 tttverm
1612 5417 1745 5481 tarcrtpta
1763 5423 1822 5470 est:
1847 5419 1960 5471 b'sheth
1974 5420 2076 5484 aql&
2087 5420 2141 5483 tx
