4544 5766
188 210 265 287 aaa
425 190 1968 328 πεειιιετιειιιιει.ιι)εἰίιιεειιει-ιιοιιιιεειιειιειιιιιιιιἸ
2132 193 2211 287 tao

192 384 301 455 ctavit
315 381 404 455 haec
418 385 607 479 principia.
666 384 785 453 Homo
806 395 937 454 natura
960 386 1005 453 ad
1026 384 1174 455 societa-
1326 377 1541 454 Politiaest·
1559 384 1723 477 legitima
1740 386 1923 456 ordinatio
1945 383 2118 469 udum,
2147 391 2217 454 se·

194 500 266 558 tem
281 491 444 559 conditus
459 502 521 559 est.
565 488 688 556 Prima
705 487 853 557 societas
868 499 920 557 est
933 487 1151 578 coniugium.
1227 486 1383 556 cundum
1401 509 1510 579 qnam
1526 486 1587 555 alii
1607 500 1798 580 praesunt,
1817 489 1893 558 alii
1917 496 2086 581 parent.
2106 485 2218 556 Peli·—

294 591 360 661 Hie
389 591 490 660 addit
517 613 609 684 quae
638 593 685 660 ad
713 589 944 660 domesticam
972 591 1176 662 societatem
1227 587 1277 658 tia
1293 588 1424 680 duplex
1439 601 1511 676 est,
1535 602 1632 660 recta
1646 604 1682 661 ει
1702 604 1883 684 corrupta.
1934 590 2065 727 Rectae
2063 589 2217 729 species

196 695 474 764 conservandam
489 693 686 763 necessaria
701 693 791 776 siut,
818 705 854 761 et
869 715 960 811 qnae
973 694 1045 764 siut
1058 704 1177 785 partes
1228 703 1311 762 sunt
1327 703 1410 761 tres.
1610 710 1613 715 ’

195 798 333 866 domus.
384 796 478 866 Hinc
493 796 588 866 aliud
606 786 720 866 oritur
734 795 969 888 principium,
996 797 1093 889 quod
1115 796 1179 864 do·
1328 792 1495 884 Regnum
1523 806 1576 864 est
1601 793 1830 880 monarchia,
1868 820 1929 867 sen
1953 796 2061 866 sanius
2082 794 2218 887 princi

193 898 346 967 minium
362 911 397 969 et
419 899 569 970 servitus
591 900 636 968 ad
658 899 863 969 societatem
886 894 1074 969 hominum
1095 897 1179 967 reti·
1229 907 1341 986 patus·
1361 896 1642 968 administrantis
1671 899 1928 991 rempublicam
1955 901 2000 968 ad
2025 898 2218 968 utilitatem

195 1004 351 1070 nendam
369 1003 565 1072 necessaria
586 1014 679 1074 sunt.
737 1000 783 1070 Et
800 1002 897 1095 qnod
913 1013 1042 1071 natura
1057 1013 1179 1092 postu·
1232 1022 1476 1082 communem,
1501 994 1590 1068 haee
1614 1024 1724 1093 quum
1747 1004 1956 1094 degenerat,
1986 1013 2140 1070 vocatur
2153 1007 2218 1094 tvi

189 1105 261 1187 let,
288 1117 328 1174 ut
346 1104 407 1172 alii
421 1105 669 1188 dominentur,
696 1105 757 1172 alii
773 1106 940 1174 serviant.
991 1103 1058 1173 Hic
1077 1104 1179 1171 valde
1230 1100 1429 1196 raonis⁴⁰),
1469 1100 1507 1168 in
1530 1125 1600 1194 qua
1620 1101 1816 1173 monarcha
1842 1104 1933 1196 gerit
1955 1103 2146 1196 imperium
2170 1105 2220 1172 ad

195 1220 299 1277 acute
322 1207 413 1275 vidit
435 1208 474 1276 in
495 1220 624 1277 natura
644 1207 786 1299 imperii
814 1219 849 1276 et
877 1203 1063 1277 servitutis
1077 1205 1180 1275 initia
1230 1204 1416 1295 propriam
1429 1203 1630 1277 utilitatem.
1657 1206 1846 1277 Caeterum
1860 1207 1952 1276 infra
1968 1206 2099 1299 speeies
2114 1205 2219 1297 regni

198 1333 272 1381 esse
299 1311 403 1379 nobis
431 1311 627 1402 proposita.
691 1310 783 1378 Hine
803 1321 1024 1402 propagatur
1046 1308 1180 1392 civitas,
1231 1308 1429 1377 tradentur.

199 1438 311 1507 quum
340 1413 472 1482 multae
501 1414 627 1484 domus
654 1437 717 1483 sen
740 1413 896 1481 familiae
921 1424 1016 1481 certo
1038 1412 1180 1482 loedere

199 1516 474 1605 coniunguntur.

299 1617 363 1686 Est
380 1630 415 1687 et
431 1618 638 1688 insecundo
653 1617 745 1686 libro
760 1616 868 1687 thesis
890 1629 1040 1687 tractata
1062 1619 1105 1685 de
1126 1638 1181 1684 re-

199 1744 281 1790 rum
298 1721 483 1791 divisione.
528 1721 584 1789 Ab
599 1718 654 1790 his
669 1719 854 1811 principiis
867 1721 1040 1812 paulatim
1058 1717 1182 1787 crescit

198 1845 268 1892 ars.
319 1823 423 1893 Nunc
439 1823 535 1892 enim
556 1824 648 1892 libro
665 1821 770 1890 tertio
790 1821 916 1914 incipit
932 1823 1078 1891 definire
1098 1819 1182 1889 civi-

198 1936 322 2009 tatem,
349 1951 389 1995 ac
401 1926 510 2010 cives,
537 1938 571 1993 et
584 1937 743 1994 recenset
757 1925 874 1994 varias
889 1927 1023 1995 formas
1039 1921 1182 2015 imperii

198 2027 238 2098 in
257 2027 469 2099 civitatibus.
511 2026 676 2119 Repetivi
691 2040 809 2096 autem
824 2029 1027 2119 superiora,
1053 2039 1094 2096 ut
1109 2049 1183 2094 me·

198 2126 329 2200 thodus
344 2130 442 2199 cerni
458 2143 576 2222 posset
591 2153 698 2223 quam
715 2152 933 2221 magnopere
954 2133 1099 2223 prodest
1120 2127 1182 2196 ob·

198 2256 359 2316 servare,
383 2245 424 2302 ιιι
438 2233 539 2301 initia
555 2244 590 2301 et
612 2231 877 2324 progressiones
885 2232 952 2328 ⁴²),
986 2257 1048 2302 seu
1068 2234 1182 2301 fontes

199 2348 236 2405 et
250 2336 413 2405 ordinem
435 2359 556 2406 rerum
577 2336 614 2403 in
637 2347 749 2403 artem
773 2336 985 2405 traditarum
1009 2335 1183 2424 intelliga-

186 2462 290 2508 mus.
357 2437 473 2508 Porro
504 2439 808 2533 quemadmodum
835 2462 943 2529 supra
973 2438 1183 2530 praecipuos

198 2541 297 2610 locos
317 2542 563 2612 tractavimus:
596 2541 647 2609 ita
668 2535 726 2610 hic
748 2564 973 2633 excerpemus
997 2565 1058 2624 ea,
1093 2562 1183 2633 quae

186 2642 394 2737 'plurimum
415 2641 550 2714 habent
563 2644 601 2714 in
623 2639 690 2712 hac
710 2646 894 2715 communi
914 2644 987 2712 vita
1008 2641 1183 2713 utilitatis.

198 2745 250 2815 Ac
266 2747 423 2839 prudens
441 2748 583 2817 auditor
608 2746 795 2836 diligenter
816 2747 1101 2816 animadvertere
1124 2746 1183 2813 de-

197 2849 278 2932 het,
305 2849 385 2943 quis
403 2874 487 2919 usus
509 2845 638 2918 harum
661 2848 942 2940 disputationum
966 2872 1040 2919 esse
1061 2848 1183 2940 possit.

199 2952 395 3044 Quaedam·
408 2964 560 3041 prosunt
582 2952 627 3018 ad
650 2951 804 3020 forensia
829 2952 990 3041 negotia,
1029 2962 1070 3019 ut
1093 2973 1183 3043 quae

200 3054 244 3124 de
267 3054 384 3124 usuris
405 3052 567 3147 suprass)
594 3053 757 3122 diximus.
816 3051 1001 3144 Quaedam
1025 3053 1071 3121 ad
1093 3052 1183 3122 indi-

201 3158 332 3227 candas
349 3156 629 3239 controversias,
655 3179 747 3250 quae
763 3155 806 3223 de
822 3156 928 3226 rebus
948 3155 1108 3225 civilibus
1130 3154 1183 3222 in-

199 3258 341 3329 terdum
355 3258 450 3349 apud
468 3254 653 3350 theologos
669 3258 867 3349 agitantur,
891 3272 932 3327 ut
949 3282 1040 3353 quae
1060 3259 1184 3327 adver-

200 3387 260 3433 sns
289 3360 513 3431 Platonicam
548 3385 669 3431 rerum
702 3360 989 3431 communionem
1020 3359 1183 3430 diximus.

200 3463 265 3536 Est
299 3476 418 3535 autem
451 3465 489 3533 in
517 3459 583 3533 hac
612 3476 687 3534 tota
717 3464 856 3534 ratione
887 3465 1088 3535 studiorum
1122 3465 1184 3532 ob-

201 3568 437 3651 servandum,
463 3568 645 3662 quomodo
662 3591 722 3652 ea,
749 3591 840 3662 quae
863 3567 1029 3639 discimus
1051 3566 1089 3636 in
1113 3568 1184 3638 sin-

203 3671 293 3762 gulis
308 3670 463 3753 artibus,
484 3670 563 3740 usui
580 3670 717 3762 possint
732 3695 805 3741 esse
820 3670 859 3739 in
875 3672 1022 3742 summis
1036 3671 1183 3753 artibus,

202 3796 294 3868 quae
310 3772 367 3843 vel
389 3770 490 3867 ad⁴⁴)
509 3772 724 3864 respublicas
745 3774 935 3864 regendas,
966 3775 1023 3843 vel
1044 3774 1090 3843 ad
1110 3774 1184 3867 pri-

203 3889 325 3949 vatam
339 3875 451 3944 vitam
465 3875 618 3945 maxime
633 3875 850 3945 necessariae
866 3888 960 3947 sunt.

305 3978 438 4050 Civitas
466 3989 518 4049 est
547 3977 694 4049 societas
725 3977 855 4048 civium
882 3978 958 4048 iure
982 3978 1169 4050 constituta

182 4095 352 4176 'propter
369 4094 532 4152 mutuam
554 4077 764 4165 utilitatem,
798 4104 839 4149 ac
859 4081 1012 4151 maxime
1035 4095 1184 4175 propter

203 4187 455 4257 defensionem.

307 4289 408 4360 Cives
423 4301 524 4374 sunt,
560 4285 681 4381 quiin
705 4286 830 4356 eadem
853 4286 1041 4370 societate,
1074 4287 1184 4378 magi-

202 4404 333 4463 stratus
349 4405 411 4461 aut
424 4390 603 4461 iudicandi
614 4401 826 4483 potestatem
843 4389 1011 4484 consequi
1025 4403 1183 4482 possunt.

202 4494 303 4565 Finis
319 4493 481 4564 omnium
495 4493 626 4563 civium
643 4506 695 4562 est
710 4493 850 4583 publica
869 4493 1021 4577 utilitas,
1045 4519 1120 4580 scu,
1144 4506 1185 4563 ιιι

204 4598 321 4666 dicam
351 4597 498 4679 clarius,
533 4595 770 4689 tranquillitas
795 4596 851 4664 vel
871 4595 1097 4666 incolumitas
1118 4621 1183 4687 pu-

203 4700 287 4772 hlici
299 4711 423 4771 status.
471 4699 569 4768 Sicut
583 4697 743 4767 omnium
758 4699 1003 4794 nautarumffl)
1027 4699 1107 4770 finis
1132 4713 1184 4769 est

205 4802 431 4875 incolumitas
443 4800 562 4884 navis,
588 4799 728 4870 tametsi
743 4800 880 4871 diversa
896 4801 966 4872 sint
982 4801 1108 4874 officia.

233 5064 287 5125 ‚⁴2)
304 5054 528 5177 proigre'astmee]
544 5051 584 5104 etc
595 5054 680 5108 Edttt
695 5052 769 5105 ιιιιι.
786 5054 815 5104 ει
826 5053 927 5119 ιιιιι.;
943 5053 1015 5109 ιιιιι.
1028 5053 1105 5108 ιιιι.
1115 5066 1183 5119 pro.

233 5141 527 5285 ιιι...
591 5221 592 5224 Ὗ

237 5306 289 5367 44)Ι
303 5300 352 5370 ad]
366 5303 407 5353 stc
421 5300 494 5351 ιιιιι.
508 5298 602 5362 tm,
627 5296 711 5347 ιιιιιι
727 5295 801 5348 tw.
819 5298 848 5346 ει
864 5294 946 5345 naeu.
963 5295 1044 5358 apud.

235 5394 289 5450 tt)
308 5387 471 5449 ιιιιιιεηιι]
489 5385 531 5438 ato
552 5386 628 5436 reete
644 5383 716 5435 ult.
731 5382 823 5449 1⁸80.)
852 5380 939 5434 netu.
952 5381 1028 5437 ιω.
1050 5384 1081 5434 et
1096 5380 1180 5434 uun.

251 5463 430 5509 artuum
499 5460 503 5468 ’

1333 1409 1564 1480 Aristocratia
1581 1422 1633 1479 est
1647 1434 1845 1503 paucorum
1869 1411 2096 1504 optimatium
2117 1411 2219 1504 prin·

1233 1509 1386 1602 cipatus,
1421 1512 1483 1605 qui
1504 1513 1755 1583 administrant
1775 1515 2032 1607 rempublicam
2054 1513 2219 1585 art-utili-

1231 1625 1341 1683 tatem
1366 1613 1564 1705 publicam,
1605 1618 1719 1708 qualis
1743 1630 1795 1687 est
1814 1630 1926 1688 status
1948 1617 2101 1687 civitatis
2123 1617 2219 1689 Nor·

1231 1716 1372 1807 bergae.
1430 1716 1552 1810 Quum
1579 1718 1770 1809 degenerat
1792 1719 2043 1804 Aristocratia,
2077 1721 2118 1788 fit
2141 1715 2219 1791 ilt-

1231 1814 1389 1916 γαρχία,
1415 1845 1524 1913 quum
1541 1822 1647 1912 pauci
1664 1823 1710 1891 ad
1726 1821 1914 1892 utilitatem
1937 1821 2139 1915 potentium
2156 1822 2219 1888 ad·

1233 1921 1437 1990 ministrant
1453 1922 1651 2008 civitatem,
1678 1925 1792 2018 qualis
1809 1927 1895 2013 olim
1908 1927 1977 1996 suit
1990 1926 2130 1995 Romae
2146 1933 2218 1994 sta-⁴

1233 2035 1288 2094 tus
1305 2024 1420 2115 Syllae
1438 2036 1618 2116 tempore,
1644 2040 1707 2096 aut
1727 2050 1822 2098 nunc
1842 2029 1985 2099 videtur
2004 2052 2077 2100 esse
2090 2028 2217 2099 Eritn-

1233 2126 1364 2197 diensis
1379 2128 1589 2218 respublica.

1335 2228 1458 2298 Tertia
1484 2231 1617 2324 species
1643 2243 1716 2316 εει,
1754 2257 1866 2326 quum
1895 2256 2075 2303 summum
2105 2232 2220 2326 impe-

1232 2330 1327 2400 rium
1342 2344 1393 2402 est
1409 2356 1518 2425 penes
1531 2335 1723 2426 populum,
1748 2329 1862 2423 hanc,
1887 2360 1998 2430 quum
2014 2339 2220 2429 degenerat,

1233 2447 1337 2504 vocat
1346 2435 1561 2524 'Aristoteles
1570 2432 1848 2532 δημοκρατίαν,
1869 2439 1909 2506 in
1927 2463 1997 2533 qua
2010 2441 2138 2532 vulgus
2155 2463 2220 2510 au-

1234 2539 1415 2610 toritatem
1444 2563 1545 2609 suam
1570 2543 1707 2609 confert
1726 2542 1773 2608 ad
1794 2542 1992 2632 augendam
2016 2541 2219 2638 potentiam

1234 2644 1438 2714 tenuiorum
1457 2641 1586 2712 civium
1604 2656 1729 2712 contra
1747 2644 1952 2735 optimates:
1990 2648 2132 2741 qualem
2148 2651 2221 2719 sta'-

1234 2759 1310 2817 tum
1335 2745 1538 2816 somniabat
1558 2746 1659 2837 plebs
1681 2746 1720 2814 in
1742 2742 1898 2817 tumultu
1926 2751 2142 2821 rusticorum
2151 2751 2219 2849 ⁸⁷):

1235 2862 1296 2919 aut
1312 2848 1425 2942 qualis
1444 2860 1495 2919 est
1507 2851 1768 2939 propemodum
1785 2849 2030 2922 Helvetiorum
2046 2867 2172 2926 status.

1336 2951 1475 3020 Deinde
1507 2951 1624 3041 agitur
1655 2952 1836 3045 quaestio,
1884 2979 1975 3048 quae
2007 2957 2139 3048 species
2174 2958 2220 3028 sit

1235 3055 1385 3146 optima:
1419 3077 1484 3122 nec
1499 3053 1647 3123 dubium
1665 3068 1718 3124 est
1738 3054 1826 3150 quin
1846 3053 2056 3128 monarchia
2078 3085 2142 3131 seu
2164 3084 2221 3131 re·

1234 3182 1343 3250 gnum
1357 3155 1403 3226 sit
1415 3155 1571 3247 optimus
1586 3168 1715 3241 status,
1741 3171 1783 3228 ut
1796 3159 1901 3228 docet
1916 3160 2171 3258 Homerus¹⁸):

1319 3267 1376 3339 otiu
1400 3268 1527 3355 ἀγαθὸν
1547 3277 1794 3360 πολυκοιρανίη·
1823 3269 1871 3351 εἷς
1890 3281 2041 3364 κοίρανος
2060 3275 2154 3346 ἴστω.

1235 3380 1291 3452 Sic
1313 3379 1560 3450 iudicaverunt
1581 3381 1689 3450 etiam
1709 3381 1902 3454 Persarum
1921 3387 2100 3480 principes
2122 3390 2221 3482 apud

1234 3483 1407 3554 Herodot.
1424 3483 1486 3554 lib.
1502 3482 1604 3579 8.⁴⁰).

1333 3586 1563 3656 Recentiores
1591 3583 1801 3678 interpretes
1833 3588 1872 3659 in
1899 3585 1970 3661 hoc
1993 3593 2073 3662 loco
2096 3590 2220 3688 dispu-

1234 3700 1330 3772 tant,
1352 3696 1489 3774 {utrum
1515 3701 1680 3780 oporteat
1706 3714 1819 3762 uuum
1850 3691 2006 3788 aliquem
2032 3690 2219 3768 hominem

1235 3791 1343 3861 totius
1366 3791 1494 3862 mnndi
1515 3788 1747 3861 monarcham
1779 3818 1869 3865 esse:
1909 3808 1943 3866 ει
1966 3796 2113 3892 quidam
2133 3824 2221 3892 pro-

1235 3892 1402 3963 nuntiant
1421 3894 1626 3964 Romanum
1648 3896 1853 3987 pontificem
1874 3895 2108 3971 monarcham
2130 3927 2221 3989 esse,

1174 4034 1184 4064 s
1235 4022 1276 4065 ac
1297 3997 1455 4067 sentiunt
1474 3996 1507 4066 ei
1529 4021 1550 4066 a
1566 3991 1708 4067 Christo
1731 4001 1956 4072 commissam
1973 4027 2046 4074 esse
2060 4014 2222 4095 potesta-

1235 4112 1327 4183 tem,
1365 4112 1441 4168 non
1469 4101 1579 4169 modo
1609 4100 1760 4171 docendi
1782 4100 1989 4196 Evangelii,
2020 4107 2080 4176 sed
2109 4108 2221 4179 etiam

1235 4225 1344 4292 regna
1377 4202 1504 4272 mundi
1533 4203 1770 4274 constituendi
1799 4219 1835 4275 et
1861 4208 2108 4280 transferendi.
2175 4207 2220 4282 In

1234 4301 1327 4374 hanc
1345 4305 1555 4376 sententiam
1575 4329 1617 4375 ex
1630 4306 1803 4378 Gratiano
1819 4309 1932 4380 multa
1947 4310 2152 4382 testimonia
2171 4313 2222 4383 ci·

1234 4419 1368 4479 tantur.
1417 4406 1465 4478 Et
1488 4409 1653 4479 videntur
1674 4407 1765 4480 mihi
1784 4410 1844 4482 isti
1863 4413 1925 4506 qui
1945 4412 1995 4484 sic
2017 4429 2221 4504 sensersmt,

1233 4511 1388 4580 maxime
1404 4506 1471 4579 hac
1495 4511 1635 4581 ratione
1649 4514 1814 4606 decepti,
1848 4517 1945 4609 quod
1967 4516 2059 4588 sicut
2078 4517 2117 4586 in
2137 4519 2218 4612 lege

1235 4614 1357 4683 vident
1371 4638 1470 4704 reges
1484 4638 1504 4681 a
1521 4615 1745 4706 pontificibus
1758 4617 1863 4708 ungi,
1891 4618 2042 4715 ideoque
2056 4618 2221 4695 indicant

1233 4740 1333 4807 reges
1354 4716 1511 4808 accipere
1533 4716 1724 4811 imperium
1746 4744 1766 4788 a
1791 4720 2029 4811 pontificibus.
2086 4719 2141 4794 lta
2159 4749 2221 4796 ra-

1234 4819 1452 4889 tiocinantur
1465 4842 1564 4911 reges
1579 4846 1676 4892 nunc
1694 4834 1859 4914 oportere
1874 4848 1894 4892 a
1909 4824 2136 4919 pontificibus
2150 4824 2220 4898 im-

1233 4922 1332 5014 peria
1365 4921 1534 5013 accipere.
1600 4922 1648 4994 Et
1679 4950 1789 5018 quum
1810 4924 2045 5020 Evangelium
2068 4953 2145 5000 non
2169 4932 2218 5003 ad

1266 5122 1476 5257 tspyffiqqqts]
1499 5123 1541 5176 sto
1562 5125 1639 5176 reete
1658 5123 1731 5176 rate.
1755 5127 1856 5194 tutta
1890 5129 1975 5186 unu
1997 5131 2072 5187 tm
2089 5134 2219 5190 etim.

1267 5278 1315 5338 47)
1333 5278 1383 5328 ιιιε
1400 5277 1532 5328 tumultus
1549 5287 1575 5330 a.
1590 5277 1665 5329 ¹52⁴.
1684 5280 1763 5330 ortus
1778 5292 1852 5334 anno
1869 5283 1996 5348 sequentt
2012 5285 2103 5338 victus
2119 5290 2175 5344 eet.

1265 5365 1315 5422 48)
1331 5365 1410 5417 lton.
1427 5364 1460 5416 ιΙ
1472 5363 1506 5430 11,
1523 5363 1584 5414 2⁰⁴.

1264 5450 1315 5514 49)
1331 5448 1463 5505 Recedet.
1479 5446 1499 5502 l.
1512 5447 1560 5500 ιιι.
1576 5460 1601 5501 c.
1613 5448 1651 5503 01
1662 5460 1724 5564 κει
