4544 5766
124 1177 307 1315 Postquam
330 1239 359 1296 in
382 1237 482 1319 priore
503 1235 589 1296 buius
611 1237 779 1298 Voluminis
800 1251 885 1317 parto
906 1247 1028 1318 praeter
1049 1234 1245 1296 Melanthonis
1267 1237 1469 1317 philosophiae
1497 1239 1614 1300 moralis
1642 1239 1807 1317 epitomen,
1846 1246 1960 1308 ethicae
1989 1249 2137 1310 doctrinae

122 1325 274 1382 elementa
295 1336 327 1384 et
349 1324 569 1384 dissertationes
596 1326 631 1384 iis
658 1343 805 1400 annexas,
840 1326 903 1383 eius
931 1326 959 1381 in
991 1321 1102 1400 aliquot
1131 1322 1240 1382 ethicos
1267 1335 1299 1381 et
1325 1324 1456 1403 politicos
1479 1325 1567 1382 libros
1589 1321 1786 1386 Aristotelis
1808 1338 2030 1394 commentarios
2051 1337 2136 1396 dedi-

122 1428 188 1467 mus
208 1409 303 1488 iisque
325 1410 436 1468 initium
458 1408 582 1468 fecimus
604 1409 783 1470 edendarum
803 1410 1040 1483 annotationum,
1076 1426 1148 1485 quas
1170 1409 1199 1465 in
1222 1420 1356 1467 auctores
1377 1409 1511 1469 classicos
1532 1411 1664 1488 scripsit,
1700 1431 1778 1470 nunc
1807 1413 1847 1472 ad
1869 1431 1982 1479 ceteros
2003 1433 2137 1482 auctores

121 1496 159 1553 ah
182 1511 218 1552 eo
241 1495 400 1554 illustratos
422 1507 612 1554 transeamus.
1451 1509 1452 1513 ’

439 1717 471 1800 l.
527 1712 1086 1804 ANNO'I'ATIONES
1113 1712 1212 1797 PH.
1243 1713 1402 1799 MEL.
1443 1713 1517 1800 IN
1544 1715 1817 1804 PIsURES

788 1878 1167 1969 CICERONIS
1205 1879 1472 1967 LIBROS.

252 2096 335 2154 luter
355 2097 513 2174 scriptores
534 2094 684 2169 classicos,
713 2115 785 2174 quos
806 2094 977 2154 hlelautbon
1000 2096 1210 2175 interpretatus
1232 2107 1293 2172 est,
1321 2097 1508 2155 Aristotelem
1533 2092 1644 2158 Cicera
1665 2101 1758 2178 primo
1781 2103 1843 2160 loco
1865 2117 2020 2183 sequatur,
2055 2111 2133 2190 qnod

122 2183 189 2258 ipse
210 2179 382 2240 Melantbou
404 2181 490 2242 buius
511 2182 550 2240 dc
570 2181 673 2240 officiis
694 2183 784 2241 libros
804 2183 835 2239 in
856 2182 1000 2257 editione,
1022 2201 1097 2260 quae
1120 2183 1274 2258 Hagnnoae
1298 2178 1391 2243 15³0.
1413 2184 1522 2257 prodiit
1542 2181 1617 2262 (rid.
1631 2186 1766 2264 Prolegg.
1788 2207 1818 2265 p.
1833 2186 1958 2272 3—4.)
1980 2215 2043 2252 cunt
2066 2200 2134 2257 ,tri-

123 2266 240 2325 stotelis
260 2265 369 2325 Ethicis
390 2269 556 2342 coniunxit,
587 2267 654 2344 quin
676 2267 807 2326 eiusdem
828 2266 893 2325 fere
914 2270 1080 2341 argumenti
1101 2278 1187 2345 sunt,
1215 2283 1338 2346 eamque
1360 2267 1396 2324 ob
1419 2285 1532 2325 causam
1555 2271 1591 2327 ab
1614 2270 1658 2328 his
1679 2273 1828 2332 Ciceronis
1850 2275 1930 2334 libris
1953 2282 2132 2346 exordimur.

120 2353 298 2410 Ceterorum
320 2351 382 2411 eius
405 2354 542 2410 librorum
564 2353 734 2412 Melautbon
756 2352 808 2410 bos
829 2353 990 2409 enarravit:
1020 2352 1152 2411 Laelium
1173 2371 1197 2413 s.
1219 2352 1258 2409 de
1278 2352 1419 2426 amicitia,
1440 2352 1570 2430 dialogos
1590 2354 1629 2412 de
1650 2367 1782 2432 oratore,
1808 2361 1912 2420 librum
1935 2363 1973 2422 de
1995 2368 2129 2442 perfecto

121 2447 240 2496 oratore
259 2438 298 2497 ad
315 2437 455 2514 Brutum,
474 2437 568 2515 topica
588 2436 626 2494 ad
646 2439 831 2511 Trebatium,
852 2437 1023 2515 partitiones
1045 2440 1201 2507 oratorias,
1224 2438 1369 2495 orationes
1391 2439 1564 2511 nonnullas,
1585 2450 1617 2496 et
1638 2442 1777 2517 epistolas
1797 2445 1834 2502 ad
1856 2446 2025 2513 familiares.

267 2655 367 2740 PH.
401 2653 565 2740 Muli.
600 2652 1135 2742 Punhncontmnta
1171 2655 1243 2740 IN
1281 2652 1558 2741 bastela
1597 2654 1989 2777 CICERONIS.

251 2873 400 2935 Ciceronis
420 2871 460 2930 de
482 2871 583 2931 officiis
605 2872 691 2930 libros
712 2882 743 2930 et
763 2872 981 2950 prolegomenis
1003 2882 1034 2930 et
1054 2872 1169 2931 scholiis
1191 2873 1365 2950 explicarit,
1401 2891 1521 2950 quorum
1545 2874 1617 2932 haec
1646 2876 1710 2952 ipse
1738 2879 1846 2953 edidit;
1882 2883 1932 2941 illa
1955 2904 2040 2964 vero,
2068 2893 2132 2969 ipso

127 2971 244 3020 auctore
266 2970 394 3034 mortuo,
415 2959 519 3036 generi
534 2958 596 3015 eius
611 2958 881 3035 (asparisl'euceri
902 2975 970 3015 cura
992 2976 1049 3016 una
1071 2976 1135 3016 cum
1150 2959 1280 3016 Cracorii
1302 2959 1330 3015 in
1353 2959 1478 3035 primum
1500 2960 1604 3017 librum
1626 2960 1786 3021 officionrm
1809 2973 2014 3031 commentario
2037 2974 2132 3041 1562,

127 3048 300 3126 prodierunt
321 3045 363 3101 sic
384 3044 535 3120 inscripta:

252 3128 419 3190 Eruditae
440 3128 670 3187 annotationes
691 3122 805 3207 Philip
832 3127 846 3185 i
864 3123 1094 3189 Melantlsnnis
1114 3129 1151 3186 irs
1173 3120 1298 3206 officia
1322 3123 1488 3186 Ciceronis
1508 3147 1624 3187 recens
1646 3129 1766 3192 editae.

256 3215 514 3277 Commentarius
543 3217 579 3272 iss
601 3215 749 3292 primum
776 3146 898 3271 stiram
926 3208 1123 3292 officiorum
1156 3215 1223 3271 uiri
1249 3211 1432 3272 clarissimi
1454 3206 1594 3293 Genrgr‘j
1615 3210 1771 3297 Cracnssij
1797 3215 1827 3280 Ι.
1855 3218 1892 3282 V.
1912 3220 2070 3290 Ductori,
2098 3245 2130 3295 ,ι

294 3299 506 3380 Prnj'essoris
527 3301 565 3358 iss
583 3293 772 3358 Academia
798 3291 1036 3377 lt'trebergenst
1049 3301 1089 3376 *).
1683 3344 1687 3352 .

258 3381 466 3464 Wtebergae
487 3374 673 3445 excedebat
694 3380 817 3444 Petrus
838 3379 943 3446 Seitz.
983 3381 1085 3444 Anna
1105 3377 1234 3445 LXII.
1269 3382 1299 3444 8.
1333 3380 1421 3464 2411,
1435 3385 1536 3462 plagg.
1561 3379 1698 3464 (quarum
1722 3384 1807 3466 10⁷l,
1829 3395 1908 3469 prior
1930 3397 2020 3476 liber,
2044 3399 2130 3484 13:ss⁸

295 3474 372 3531 alter
393 3472 511 3549 explet:
541 3471 592 3530 ult.
613 3489 682 3548 pag.
705 3472 782 3547 sar.)
831 3501 840 3531 ι

127 3557 231 3634 quibus
251 3556 327 3615 ltanc
347 3557 500 3635 epistolam
522 3555 728 3614 dedicatoriam
750 3555 846 3613 editor
866 3556 1031 3632 praemisit:

256 3638 449 3702 Clarissimo
476 3642 549 3698 uiro
577 3639 747 3711 doctrina,
780 3641 921 3718 uirtute,
957 3638 1139 3720 prudentia
1168 3648 1202 3697 ct
1229 3637 1397 3716 dignitate
1421 3641 1615 3716 praestanti
1640 3635 1686 3698 D.
1714 3638 1900 3706 laurentio
1929 3645 2129 3731 Lindenius,

293 3724 325 3788 Ι.
352 3725 390 3789 V.
410 3723 566 3796 Ductori,
590 3721 786 3785 consiliaria
808 3725 1031 3785 illustrissimi
1049 3722 1222 3805 Principis
1242 3720 1350 3783 Dacis
1369 3719 1548 3785 Samariae
1563 3720 1731 3784 Electnris
1748 3738 1808 3789 etc.
1829 3741 1996 3814 compatri
2015 3750 2048 3799 et
2065 3763 2130 3824 pa.

296 3823 390 3873 trosin
413 3829 471 3871 aaa
493 3809 637 3872 colenda.
679 3807 782 3871 321).

252 3898 296 3958 Ut
317 3910 467 3958 resumet
488 3917 637 3956 causarum
660 3899 691 3955 in
712 3910 831 3972 natura,
854 3897 895 3953 sic
917 3907 993 3955 totus
1016 3895 1089 3955 ordo
1110 3897 1261 3972 politicus,
1288 3895 1444 3955 discrimen
1465 3893 1653 3954 honestorum
1675 3909 1705 3954 et
1728 3903 1870 3978 turpium,
1900 3908 1996 3985 leges,
2025 3912 2129 3971 distin.

129 3983 183 4042 etin
206 3981 416 4057 dominiorum,
438 3984 588 4060 coniugia,
609 3993 789 4056 contractus,
810 3981 932 4057 iudicia,
952 3998 1082 4060 poenae,
1103 3982 1210 4059 gradus
1231 3982 1468 4059 magistratuum,
1489 3980 1660 4051 distinctae,
1687 4001 1738 4041 ceu
1762 3986 1868 4046 classes
1889 3991 2054 4072 hominum,
2083 4000 2128 4058 di.

127 4086 232 4128 versae
253 4069 365 4128 formae
388 4070 555 4146 politiarum
578 4080 609 4126 et
630 4068 862 4144 gubernationis,
895 4068 951 4125 Dei
982 4085 1055 4143 opus
1082 4078 1127 4124 est
1156 4079 1186 4125 et
1214 4068 1317 4141 iugens
1346 4066 1534 4141 benemium,
1570 4066 1646 4142 quod
1673 4068 1797 4127 illustria
1818 4073 1856 4130 de
1878 4074 1942 4132 Deo
1964 4082 2127 4143 testimonia

126 4154 254 4230 plurima
274 4154 412 4216 ostendit.
452 4154 522 4211 ldeo
544 4153 613 4211 dicit
634 4153 782 4229 Sapientia
803 4152 899 4208 diviua
919 4151 998 4229 apud
1019 4152 1202 4210 Salomonem
1224 4148 1368 4229 (Pron8,
1392 4149 1475 4228 tu),
1496 4168 1571 4228 quae
1593 4163 1636 4208 est
1661 4154 1724 4228 ipse
1747 4154 1835 4213 Filius
1853 4157 1910 4215 Dei
1930 4157 2040 4239 λόγοςς
2065 4170 2125 4228 pe,

127 4259 173 4300 me
193 4258 285 4316 reges
304 4250 430 4319 regnant
449 4250 481 4297 et
502 4238 610 4297 indices
631 4238 707 4296 iusta
734 4237 908 4295 decernunt.
965 4237 1029 4295 Nec
1056 4238 1151 4294 minor
1173 4250 1217 4296 est
1239 4236 1423 4314 pulchritudo
1444 4239 1473 4294 in
1494 4236 1596 4293 ordine
1618 4236 1735 4310 politico
1756 4258 1843 4313 quatu
1863 4243 1892 4298 in
1915 4247 2017 4306 ordine
2040 4269 2126 4314 natu·

127 4345 188 4386 rae.
234 4325 294 4384 Sed
316 4326 344 4382 in
367 4323 421 4382 hnc
442 4335 523 4382 tanta
544 4322 669 4399 caligine
690 4321 816 4380 humana
837 4322 930 4379 minus
951 4321 1182 4397 consideramus,
1209 4334 1336 4399 quantae
1357 4339 1405 4395 res
1426 4323 1483 4380 siut
1504 4320 1646 4396 sapientia
1667 4329 1697 4377 et
1715 4320 1820 4381 iustitia
1835 4325 1909 4403 nei,
1931 4331 2029 4409 leges,
2050 4359 2125 4416 quae

127 4424 193 4471 sunt
217 4411 291 4468 radii
313 4409 474 4488 sapientiae
495 4408 625 4480 divinae,
656 4407 839 4484 magistratus
859 4408 960 4464 armati
981 4408 1137 4465 autoritate
1157 4408 1263 4465 dirius.
1320 4407 1359 4464 Et
1388 4407 1472 4464 multi
1499 4403 1613 4462 furores
1641 4403 1715 4461 hanc
1743 4410 2002 4475 considerationem
2032 4423 2128 4502 impe.

127 4499 223 4556 diunt.
277 4495 389 4554 Diaboli
418 4512 486 4552 sero
514 4492 615 4552 horum
645 4509 754 4568 organa
782 4491 879 4550 multis
900 4490 1053 4550 horrendis
1074 4511 1109 4550 uc
1129 4492 1256 4550 tristibus
1277 4501 1307 4550 ct
1328 4489 1541 4550 confusionibus
1562 4489 1694 4548 ordinem
1716 4491 1862 4566 politicum
1885 4502 1999 4561 turbant
2021 4519 2051 4565 et
2072 4511 2127 4568 de·

129 4583 268 4643 formant.
310 4580 419 4638 ldcirco
440 4598 504 4637 cum
527 4593 699 4636 consensum
720 4577 798 4634 iuter
817 4592 883 4635 sese
905 4577 960 4633 rati
981 4579 1107 4653 starique
1134 4576 1242 4635 ordinis
1272 4578 1301 4634 in
1331 4587 1433 4633 natura
1461 4573 1638 4633 admiremur
1666 4593 1783 4649 omues,
1812 4582 1955 4645 societatis
1984 4590 2127 4653 hnmanae

129 4667 362 4726 consideratione
385 4665 478 4724 lesius
505 4663 673 4722 alliciuntur
699 4661 850 4739 plerique,
884 4661 933 4741 qui
963 4671 1015 4719 aut
1035 4680 1101 4718 casu
1124 4663 1305 4720 concurrisse
1326 4670 1376 4717 aut
1398 4659 1552 4719 temeraria
1574 4660 1710 4719 violentia
1733 4677 1844 4727 coactos
1865 4686 1930 4729 esse
1953 4689 2051 4736 coetus
2071 4678 2127 4738 ho-

131 4756 256 4827 minum,
278 4764 309 4810 et
331 4751 380 4810 rel
404 4750 538 4807 riolcntia
559 4747 607 4806 rel
629 4746 790 4805 calliditate
810 4744 936 4804 humana
956 4745 1019 4804 sola
1039 4745 1160 4805 retineri
1180 4748 1297 4805 eosdem
1319 4757 1409 4821 atque
1430 4745 1584 4819 gubernari
1605 4746 1806 4824 imaginantur.

257 4838 320 4896 Etsi
341 4853 412 4894 vero
433 4833 583 4893 fatendum
606 4843 653 4890 est
673 4831 760 4908 louge
782 4831 848 4908 plus
869 4828 1067 4890 confusionum
1090 4849 1154 4889 esse
1176 4833 1204 4889 in
1230 4847 1341 4907 genere
1363 4830 1487 4886 humano
1509 4846 1594 4906 quam
1614 4832 1642 4887 in
1666 4833 1777 4909 reliqua
1799 4850 1918 4915 statura,
1941 4855 2036 4903 tamen
2060 4868 2126 4909 cer.

133 4935 190 4982 turn
213 4937 260 4983 est
282 4924 377 4982 Deum
397 4919 501 4979 adesse
522 4916 650 4976 societati
671 4915 836 4987 hominurn,
857 4928 887 4977 et
910 4916 986 4975 tueri
1006 4916 1153 4992 ordinem,
1174 4934 1262 4992 qucm
1284 4915 1422 4989 instituit,
1443 4932 1480 4972 nc
1502 4912 1681 4974 diabolorum
1705 4932 1734 4975 et
1756 4923 1896 4980 malorum
1918 4926 2062 4990 hominum
2076 4935 2126 4992 fu-

133 5012 244 5069 roribus
266 5009 383 5087 penitus
406 5006 555 5076 deleatur,
591 5013 622 5061 at
649 4999 767 5080 quidem
789 5002 996 5062 sceleratorum
1017 5001 1120 5080 menis
1141 5001 1278 5059 iudicium
1299 5012 1330 5058 ct
1351 4999 1544 5076 praesentiam
1566 5019 1647 5058 suam
1669 5002 1815 5081 declarat,
1849 5029 1970 5086 quorum
1991 5023 2128 5097 exempta

132 5151 337 5165 Qus-um

166 5247 200 5316 ³)
218 5248 287 5299 lluic
306 5240 499 5294 commentario
517 5237 544 5288 in
563 5235 693 5301 peculiari
710 5235 809 5301 μςίιια
825 5235 978 5299 praemissa
995 5240 1039 5290 est
1056 5237 1212 5302 inscriptio:
1238 5239 1467 5292 Commentarius
1485 5239 1515 5288 in
1530 5240 1656 5302 primum
1673 5240 1777 5292 libram
1794 5241 1957 5308 oriciorum
1970 5252 2124 5312 Ciceronis.

202 5321 313 5372 astare
333 5313 455 5378 Georato
473 5308 617 5363 cracovia
634 5306 659 5358 l.
681 5306 711 5357 V.
731 5307 857 5361 auctare
878 5309 907 5361 et
929 5306 1096 5374 professore
1118 5311 1150 5361 tn
1168 5309 1323 5364 Academia
1345 5307 1560 5372 lt’ttctcrccnsi.
1602 5309 1943 5367 AnnoM.n.h111.-
1972 5322 2016 5380 (tn
2043 5325 2127 5390 unffi)

199 5389 292 5442 Anno.
311 5383 385 5432 tm

133 5481 315 5545 mnasru.
337 5469 443 5534 Orsa.
465 5466 550 5531 Vos.
571 5462 663 5528 xvt.
1477 5443 1530 5518 34
