4544 5766
58 229 140 309 ιιι
294 231 372 311 ιν..
406 220 749 313 conmmanit
778 218 831 313 ut
861 232 1052 312 mauu
1077 232 1136 312 ut
1169 224 1509 312 ronncoauu
1539 233 1865 315 immorans.
2019 240 2094 314 ιιι

62 406 259 480 censum
273 426 367 481 ¹suae
385 411 595 484 sententiae.
634 430 644 443 ··
663 410 788 509 ltaque
801 412 984 507 'scriptum'
1003 413 1076 484 ius·
1110 405 1294 486 virdaria
1314 407 1378 486 καὶ
1400 407 1489 495 τούς
1509 411 1665 508 νόμους,
1699 411 1720 488 ὅ
1743 410 1780 489 d’
1804 413 2012 511 ἄνθρωπον
2033 439 2093 486 κε-

61 510 186 582 munlt
207 513 436 605 magistratus
455 516 627 586 adversus
652 515 960 609 importunitatem
990 515 1060 584 liti-
1110 504 1230 588 ledum
1245 511 1464 611 προςείθηοι
1482 512 1545 588 καὶ
1565 515 1723 612 θηρίον·
1756 514 1844 612 ἥτε
1864 514 1939 616 yolo
1961 515 2093 589 ἐπιθυ·

63 613 251 706 gentium,
293 616 356 710 qui
379 628 461 686 cum
485 628 623 688 norunt
644 618 719 703 ius,
760 619 883 688 vident
905 619 1058 689 iudicem
1109 610 1180 708 μία
1196 620 1386 704 τοιοῦτον,
1411 615 1475 690 καὶ
1496 612 1516 690 ὃ
1539 617 1664 713 θυμὸς
1679 619 1862 714 ἄρχοντας
1879 616 2093 714 διαστρέφει

62 711 159 785 nihil
177 716 322 809 privato
343 719 499 805 affectu,
527 717 632 790 nihil
662 742 783 791 errore
810 722 1058 814 pronuntiare,
1108 714 1271 798 καὶτοὺς
1284 716 1458 814 ἀρίστους
1480 717 1632 818 ἄνδρας.
1684 718 1810 816 διόπερ
1832 722 1923 795 ἄνευ
1942 718 2092 816 ὀρέξεως

62 821 129 889 sed
145 820 246 915 sequi
263 824 542 916 praescriptum,
567 825 665 918 quod
682 836 821 895 mutare
845 823 897 893 illi
917 847 992 892 non
1015 824 1058 892 li·
1109 825 1198 901 νοῦς
1218 815 1366 914 ὄνόμος
1386 818 1487 895 ἐστίν
1497 821 1556 917 ⁰⁰).
1608 822 1685 892 Hoc
1701 839 1768 895 est:
1796 824 1867 916 Qui
1892 826 2006 915 legem
2028 846 2092 891 vo-

62 934 155 993 oeut.
216 922 270 992 'Et
290 924 494 1016 intelligunt
515 950 552 997 se
573 922 642 996 hoc
660 928 716 997 ius
741 928 868 996 dehere
892 927 1057 1011 tolerare,
1107 921 1187 990 lunt
1202 922 1337 993 civitati
1354 925 1550 1009 dominari,
1575 922 1615 994 hi
1630 927 1796 999 videntur
1808 927 1926 997 Deum
1942 951 1982 995 ac
1999 927 2092 1015 leges

62 1026 165 1119 quod
181 1027 418 1116 excogitatum
435 1038 506 1112 est,
532 1053 607 1098 non
622 1032 668 1099 ad
682 1029 789 1099 ullius
804 1029 968 1120 gratiam,
995 1042 1057 1099 aut
1108 1026 1288 1095 dominari
1313 1028 1414 1099 velle.
1482 1028 1555 1120 Qui
1585 1054 1671 1099 vero
1697 1026 1880 1100 hominem
1910 1026 2090 1098 dominari

63 1126 245 1219 privatam
266 1129 476 1216 utilitatem,
503 1133 565 1202 sed
589 1134 635 1202 ad
658 1131 884 1201 retinendam
909 1131 1057 1202 societa-
1106 1129 1250 1211 volunt,
1276 1127 1314 1198 hi
1329 1130 1481 1198 belluam
1496 1132 1718 1221 praeficiunt.
1768 1133 1861 1204 Nam
1885 1128 2093 1201 huiusmodi

65 1242 141 1299 tem
165 1243 203 1299 et
228 1233 523 1326 tranquillitatem
545 1234 638 1304 inter
660 1235 764 1307 cives.
821 1234 869 1306 Et
892 1236 938 1304 ob
963 1231 1056 1303 hanc
1107 1231 1277 1322 quiddam
1302 1232 1476 1323 cupiditas
1496 1246 1566 1317 est,
1602 1247 1637 1304 et
1658 1236 1841 1306 iracundia
1864 1235 2090 1326 magistratus

66 1356 212 1403 eausam
228 1333 387 1405 arbitror
400 1337 505 1405 initio
518 1338 612 1429 leges
631 1362 704 1408 esse
717 1339 827 1421 latas,
854 1362 934 1407 cum
950 1350 1054 1406 antea
1106 1332 1278 1423 depravat
1295 1336 1557 1427 quantumlibet
1576 1338 1691 1408 bonos
1715 1339 1833 1424 viros,
1861 1339 2012 1431 ideoque
2034 1335 2091 1403 lex

64 1458 121 1505 res
143 1435 389 1507 iudicarentur
411 1464 453 1509 ex
475 1440 623 1509 arbitrio
647 1441 938 1532 magistratuum,
964 1464 1055 1511 sem·
1107 1446 1158 1502 est
1187 1460 1289 1506 mens
1317 1437 1392 1506 sine
1418 1438 1621 1531 cupiditate.
1679 1437 1780 1512 Nihil
1804 1443 1967 1534 gravius,
2000 1433 2092 1507 nihil

65 1560 132 1631 per
150 1537 249 1607 enim
266 1541 393 1631 vulgus
413 1542 574 1637 queritur
597 1545 640 1612 de
660 1543 935 1636 magistratibus.
986 1539 1056 1611 lta·
1106 1537 1299 1626 elegantius
1316 1539 1385 1607 dici
1399 1539 1437 1607 in
1451 1537 1518 1611 hac
1539 1567 1644 1612 causa
1666 1557 1799 1636 potest,
1824 1567 1932 1638 quam
1955 1541 2024 1610 hoc
2045 1540 2091 1611 ab

68 1660 139 1734 que
152 1639 228 1711 visa
246 1655 299 1712 est
315 1637 403 1712 haec
425 1645 600 1716 tutissima
623 1668 697 1716 esse
716 1647 810 1716 ratio
832 1669 1054 1739 compescen·
1104 1638 1294 1710 Aristotele
1311 1641 1521 1714 dictumest.
1573 1644 1680 1737 Quod
1696 1646 1790 1715 enim
1814 1646 1946 1739 inquit,
1972 1643 2092 1712 Deum

66 1744 136 1812 dae
155 1745 417 1831 multitudinis,
450 1760 562 1818 certas
580 1749 674 1840 leges
696 1772 910 1841 proponere.
960 1748 1053 1820 Nam
1105 1743 1302 1828 dominari,
1329 1744 1360 1813 si
1374 1747 1430 1813 lex
1447 1747 1671 1833 dominetur,
1698 1750 1871 1840 significat
1885 1750 1999 1839 legem
2015 1767 2089 1813 cer-

68 1868 149 1915 cum
165 1841 232 1918 has
246 1849 480 1940 recepissent,
502 1876 578 1920 non
591 1852 720 1920 licebat
735 1876 860 1922 eorum
883 1850 1054 1921 autorita-
1105 1857 1178 1913 tam
1196 1849 1377 1940 quandam
1393 1871 1434 1915 ac
1451 1850 1591 1919 firmam
1614 1852 1824 1921 sententiam
1846 1875 1939 1935 esse,
1961 1846 2092 1918 divini·

67 1960 138 2017 tem
154 1951 420 2048 detrectarem).
476 1953 522 2022 Et
538 1955 704 2025 extabant
719 1978 844 2025 causae
864 1978 985 2024 rerum
999 1952 1054 2023 iu·
1105 1959 1161 2017 tus
1176 1947 1215 2016 in
1230 1963 1358 2020 natura
1377 1946 1564 2046 scriptam,
1590 1966 1644 2038 et,
1669 1967 1710 2024 ut
1725 1954 1841 2024 dicam
1855 1953 2001 2036 clarius,
2026 1974 2091 2018 vo·

66 2050 286 2136 dicatarum,
329 2078 421 2146 quae
448 2056 649 2126 liberabant
677 2057 830 2128 iudicem
853 2057 1053 2149 suspicione
1105 2075 1179 2118 cem
1200 2050 1289 2137 Dei,
1319 2077 1410 2146 quae
1433 2055 1523 2125 iusta
1547 2068 1582 2124 et
1602 2057 1732 2128 iniusta
1754 2057 1932 2128 discernit.
1994 2055 2091 2127 Nam

67 2153 221 2244 gratiae,
255 2155 330 2223 odii
352 2169 387 2226 et
410 2159 552 2232 erroris.
613 2160 650 2229 si
674 2164 752 2229 erat
771 2159 965 2230 iudicatum
990 2160 1054 2227 du·
1104 2149 1310 2247 philosophi
1332 2158 1634 2249 quemadmodum
1658 2160 1815 2230 sentiunt
1836 2184 1908 2230 esse
1931 2160 2091 2252 aliquam

66 2255 159 2341 rius,
184 2256 255 2348 legi
269 2257 532 2350 imputabatur,
558 2262 615 2332 cui
631 2276 751 2333 tamen
767 2262 871 2332 irasci
883 2287 957 2331 non
971 2261 1053 2331 lice·
1104 2270 1281 2342 mentem,
1307 2282 1398 2353 quae
1415 2255 1508 2330 hanc
1524 2286 1645 2331 rerum
1660 2258 1926 2333 uniuersitatem
1949 2280 2092 2331 conser-

67 2359 145 2444 bat‚
170 2382 254 2428 cum
272 2363 438 2433 omnibus
458 2365 665 2456 placuisset,
691 2391 772 2437 eum
794 2379 898 2434 antea
921 2366 972 2434 ah'
990 2364 1052 2433 illo
1103 2371 1176 2443 vat,
1202 2360 1251 2428 ita
1268 2373 1380 2430 certas
1393 2363 1552 2449 notitias,
1577 2389 1668 2457 quae
1684 2391 1764 2436 cum
1777 2361 1924 2435 homine
1938 2386 2091 2434 nascun-

68 2461 145 2553 ipso
165 2475 308 2554 recepta
331 2477 366 2533 et
387 2468 619 2558 comprobata
644 2482 751 2553 esset,
785 2468 824 2536 in
848 2492 953 2561 quem
979 2466 1052 2535 iam
1103 2473 1181 2544 tur,
1219 2474 1254 2530 et
1276 2462 1376 2531 initia
1400 2477 1484 2534 sunt
1508 2466 1639 2535 artium
1665 2469 1836 2539 divinitus
1860 2469 1990 2536 inditas
2016 2488 2089 2535 csse

67 2565 255 2634 videbatur
281 2591 356 2636 esse
387 2569 647 2641 inclementior.
717 2571 936 2664 Quanquam
966 2569 1052 2664 quid
1103 2576 1253 2633 naturae
1270 2560 1427 2636 hominis
1443 2567 1655 2640 existimant.
1714 2570 1789 2642 Nec
1814 2582 1936 2640 errant
1960 2564 2028 2638 hac
2049 2567 2088 2635 in

69 2691 154 2759 opus
172 2680 226 2736 est
239 2667 504 2760 disputatione?
556 2673 690 2743 Omnes
703 2698 770 2743 usu
784 2672 891 2765 periti
911 2685 995 2743 sunt
1015 2673 1052 2741 in
1103 2689 1143 2735 re
1161 2661 1378 2759 philosophi.

68 2764 131 2838 bac
145 2770 339 2855 sententia,
365 2787 406 2844 ut
430 2782 588 2846 statuant
605 2788 772 2868 oportere
789 2801 831 2845 ex
848 2775 988 2868 scriptis
1003 2775 1052 2844 le·
1203 2765 1278 2838 lam
1292 2783 1333 2840 ut
1349 2771 1440 2843 aliae
1457 2774 1620 2845 nationes
1636 2775 1830 2870 aliquando
1847 2777 1891 2846 de
1912 2773 1983 2845 suis
2003 2770 2090 2862 legi-

73 2872 167 2962 gibus
190 2871 246 2942 ius
269 2874 350 2947 dici.
407 2875 453 2948 Et
476 2874 609 2949 habent
631 2879 909 2949 innumerabiles
930 2902 1052 2948 causas
1102 2871 1168 2940 bus
1183 2870 1260 2942 iure
1277 2875 1480 2971 questae⁷⁰)'
1498 2879 1588 2962 sint,
1616 2892 1709 2948 certe
1731 2875 1800 2948 hoc
1823 2892 1984 2970 tempore
1999 2876 2089 2945 Ger·

74 2998 149 3044 suae
164 2973 373 3068 opiniones,
400 3006 488 3074 quas
503 3005 627 3053 omnes
641 2977 700 3051 hic
713 3006 895 3052 recensere
910 3005 985 3049 non
1001 2994 1053 3051 est
1102 2996 1230 3045 manos
1260 2977 1408 3048 minime
1438 2981 1537 3049 decet
1568 2981 1748 3077 querifl),
1788 3007 1899 3076 quum
1920 2980 2088 3049 Romano

75 3101 167 3169 opus.
200 3078 341 3149 Horum
357 3085 882 3179 autoritatemconvsnitsequi
898 3084 1051 3154 maxime
1103 3076 1179 3146 iure
1193 3077 1349 3163 utimur,
1375 3083 1472 3175 quod
1489 3095 1541 3152 est
1562 3085 1707 3175 plenum
1725 3080 1958 3154 humanitatis
1981 3095 2088 3175 atque

74 3178 164 3266 illos,
191 3180 254 3275 qni
269 3184 431 3254 nondum
446 3200 529 3257 sunt
543 3188 674 3259 versati
688 3189 726 3256 in
740 3188 935 3281 republica.
1103 3180 1311 3272 aequitatis,
1338 3187 1435 3276 quod
1450 3187 1494 3254 ab
1508 3182 1714 3257 hominibus
1732 3188 1948 3279 reipublicae
1964 3207 2090 3276 regen·

20 3884 25 3947 ι

21 4070 26 4195 l

163 3280 219 3352 De
245 3285 323 3356 aliis
348 3289 483 3360 artibus
502 3291 608 3361 nullis
631 3290 788 3360 iudicare
818 3289 1049 3382 permittitur,
1101 3283 1168 3351 dae
1183 3284 1405 3374 peritissimis
1420 3289 1588 3380 scriptum
1607 3300 1678 3373 est,
1713 3293 1809 3384 quod
1824 3287 1917 3360 hanc
1935 3301 2089 3381 gentem,

72 3383 132 3455 nisi
144 3385 359 3473 artificibus,
385 3403 420 3460 et
433 3418 500 3462 usu
514 3394 648 3484 peritis.
699 3392 748 3464 At
761 3396 804 3463 de
819 3393 959 3462 ratione
981 3390 1050 3461 rei·
1102 3385 1299 3456 cuius·olim
1315 3413 1453 3457 summa
1467 3392 1648 3462 barbaries
1663 3393 1750 3477 suit,
1777 3394 1823 3461 ad
1840 3393 2022 3463 mitiorem
2046 3412 2089 3458 ae

73 3488 227 3579 publicae
241 3495 435 3582 regendae,
462 3521 553 3589 quse
570 3510 621 3566 est
636 3491 734 3566 haud
755 3495 860 3566 dubie
887 3494 1048 3564 omnium
1100 3482 1349 3557 humaniorem
1367 3492 1477 3560 vitam
1491 3494 1659 3563 traduxit.
1709 3494 1787 3564 Hoc
1803 3495 1898 3564 enim
1915 3518 1998 3563 vere
2016 3491 2088 3561 dici

74 3591 196 3662 artium
209 3592 315 3683 longe
334 3595 559 3682 difficillima,
585 3599 744 3669 iudicant
763 3593 928 3668 homines
946 3620 1049 3690 pror·
1100 3601 1234 3680 Ρθῒθδῑ,
1273 3593 1443 3687 quicquid
1466 3608 1517 3664 est
1540 3591 1771 3669 humanitatis
1793 3596 1963 3690 privatim
1991 3594 2086 3690 in⁷²)

74 3718 122 3764 sus
137 3694 313 3786 imperiti,
341 3723 411 3791 qua
426 3699 517 3769 inre
531 3726 606 3771 non
621 3704 730 3770 modo
746 3700 938 3793 indignitas
954 3725 1049 3770 sum·
1099 3705 1304 3762 nostrorum
1328 3691 1516 3766 hominum
1539 3700 1718 3784 moribus,
1750 3701 1919 3796 quicquid
1935 3712 1987 3771 esi
2002 3698 2088 3769 clvi·

72 3821 122 3865 ma
137 3797 248 3882 inest,
273 3801 335 3869 sed
350 3802 455 3870 etiam
472 3804 667 3895 plurimum
689 3804 856 3896 periculi,
888 3804 971 3897 quia
997 3802 1048 3870 la·
1099 3794 1187 3863 lium
1213 3796 1411 3869 officiorum
1433 3799 1471 3869 in
1492 3802 1673 3894 republica
1705 3804 1921 3874 aRomanis
1949 3803 2086 3894 legibus

72 3898 197 3969 beiacta
211 3903 403 3974 autoritate
418 3905 556 3996 legum,
587 3932 663 3977 non
677 3920 795 4000 potest
810 3904 1048 4001 tranquillitas
1099 3911 1279 3989 sumptum
1294 3926 1379 3986 esse,
1405 3902 1533 3997 quibus
1546 3905 1674 3976 imbuti
1689 3908 1803 3978 nostri
1817 3904 1981 3977 homines
1996 3930 2086 3997 pau·

21 4032 26 4059 2
72 4002 277 4096 reipublicae
292 4006 451 4081 retineri.
503 4009 623 4102 Quare
637 4006 726 4080 haec
747 4010 966 4104 impudentia
982 4033 1048 4100 pu-
1097 4000 1198 4069 latim
1213 4003 1310 4072 illam
1326 4018 1481 4076 veterem
1497 4007 1755 4078 immanitatem
1771 4022 1955 4080 exuemnt.
1980 4009 2083 4101 Quae

73 4105 162 4178 blicis
175 4107 303 4198 poenis
319 4111 521 4203 castiganda
537 4127 623 4184 erat.
674 4113 750 4185 Nos
769 4114 905 4182 interea
922 4110 1048 4179 memi-
1099 4115 1152 4173 est
1164 4104 1260 4173 enim
1274 4129 1357 4199 pars
1370 4108 1464 4179 vitae
1480 4111 1611 4196 civilis,
1644 4110 1688 4180 de
1710 4136 1779 4206 qua
1802 4136 1878 4180 non
1897 4111 2082 4204 reperian-

20 4210 25 4261 i
74 4210 222 4280 nerimus
243 4210 444 4286 Aristotelis
470 4217 681 4286 sententiam
704 4211 898 4285 haedere
925 4213 1047 4282 inseri·
1098 4218 1158 4275 tur
1180 4206 1313 4279 inistis
1338 4211 1474 4301 legibus
1495 4208 1752 4284 humanissima
1774 4226 1809 4282 et
1830 4210 2081 4284 honestissima

74 4326 160 4403 ptam
176 4325 212 4382 et
227 4313 439 4408 insculptam
457 4318 607 4404 animis,
638 4332 680 4389 ut
703 4318 758 4389 ius
780 4319 949 4410 scriptum
971 4340 1047 4384 non
1097 4311 1311 4403 praecepta?
1371 4311 1585 4384 ludaeorum
1605 4316 1697 4408 leges
1721 4340 1927 4411 quanquam
1957 4316 2079 4386 aDeo

73 4420 170 4486 modo
187 4417 435 4504 retinendum,
461 4423 522 4492 sed
544 4421 652 4490 etiam
670 4421 834 4512 religiose
858 4420 1045 4488 colendum
1097 4412 1249 4482 traditae
1265 4414 1356 4500 sint,
1380 4429 1501 4487 tamen
1517 4418 1568 4485 illi
1581 4419 1678 4510 genti
1691 4418 1804 4512 magis
1819 4420 2082 4491 conveniebant

71 4543 134 4590 esse
148 4519 315 4592 sciamus.
366 4523 417 4592 Ac
433 4525 519 4594 tales
536 4548 640 4594 voces
655 4526 802 4616 prodest
816 4523 971 4593 inserere
993 4522 1046 4591 iu·
1097 4538 1205 4606 quam
1219 4517 1356 4608 possint
1371 4521 1475 4590 nobis
1491 4520 1692 4592 convenire.
1742 4522 1867 4618 Neque
1883 4523 1978 4592 enim
1997 4524 2079 4592 ideo

69 4648 193 4694 venum
214 4624 363 4710 animis,
404 4640 445 4697 ut
475 4639 678 4696 assuescant
707 4650 828 4695 amare
857 4628 970 4716 teges,
1011 4636 1046 4691 et
1096 4616 1188 4686 latae
1201 4632 1303 4704 sunt,
1329 4633 1369 4692 ut
1392 4622 1470 4691 aliis
1489 4623 1652 4713 gentibus
1674 4625 1955 4718 imponerentur.
2006 4625 2080 4720 Ly·

65 4726 208 4818 pturtmi
230 4727 365 4813 facere,
399 4732 496 4825 quod
523 4729 667 4822 quidem
690 4730 734 4796 sd
760 4729 960 4798 efficiendos
980 4727 1042 4795 bo.
1096 4721 1195 4810 curgi
1218 4723 1343 4812 politia
1363 4726 1475 4795 multa
1505 4722 1631 4797 habuit
1656 4728 1883 4798 incommoda
1914 4744 1949 4801 et
1977 4730 2078 4799 vitia.

62 4855 125 4902 nos
140 4831 239 4901 viros
254 4853 425 4922 magnum
442 4844 664 4902 momentum
681 4832 806 4902 adfert.
1095 4820 1236 4895 Solonis
1248 4824 1342 4916 leges
1356 4826 1532 4899 civiliores
1550 4830 1712 4916 suerunt,
1742 4832 1804 4903 sed
1828 4833 1866 4902 in
1887 4830 1943 4905 his
1963 4835 2078 4904 multa
2144 4826 2147 4833 ’

159 4932 279 5003 verbs
302 4931 501 5006 Aristotelis
522 4930 611 5004 haee
629 4932 784 5029 sunm:
814 4930 859 5007 Ὁ
881 4926 953 5025 μὲν
974 4924 1044 5004 οὖν
1094 4925 1138 4992 de
1150 4927 1389 5001 matrimoniis
1412 4943 1447 5001 et
1468 4931 1547 5004 aliis
1571 4935 1677 5006 rebus
1699 4949 1930 5007 correxerunt
1942 4936 2078 5006 Roma·

57 5036 128 5112 τὸν
141 5031 262 5131 νόμον
281 5031 441 5111 κελεύων
464 5038 592 5137 ἄρχειν
613 5032 718 5110 δοκεῖ
734 5028 894 5108 κελεύειν
915 5032 1043 5132 ἄρχειν

54 5178 264 5202 .-.----
1126 5146 1175 5202 69)
1194 5139 1295 5208 ἔστιν]
1326 5145 1369 5199 sle
1389 5147 1475 5199 rute
1499 5150 1634 5218 Δείπνοις
1667 5155 1752 5206 ruttt.
1779 5157 1860 5208 totus
1885 5158 2075 5209 commentarit

1209 5215 1230 5263 1.

90 5257 331 5383 mumgffl]
353 5254 394 5309 8ἱο
410 5257 496 5311 Edltt.
516 5255 592 5310 ¹5³⁰.
615 5257 644 5307 et
659 5253 764 5319 Barim
797 5250 871 5304 nult
888 5249 975 5302 tm.
989 5249 1041 5302 ⁶⁰·
1125 5211 1321 5363 vulsinum]
1338 5301 1380 5353 sle
1394 5303 1480 5354 ratu.
1495 5305 1571 5362 tm.
1589 5309 1618 5359 et
1633 5309 1737 5375 lutis
1753 5311 1828 5364 rttt.
1842 5312 1917 5364 15¹5.
1935 5316 2074 5376 qm.

88 5415 138 5484 re)
156 5412 276 5466 amoc.
292 5410 312 5460 ι.
325 5411 344 5467 ι.
359 5410 380 5462 ι.
391 5410 437 5464 ιιι.
455 5425 480 5467 ι.
494 5414 536 5467 ιι.
553 5411 623 5479 se
638 5407 723 5463 ιιιιιε
741 5404 892 5461 mutuor
909 5406 939 5458 ιι
955 5405 1040 5459 sose
1123 5384 1172 5452 ⁷¹)
1191 5386 1283 5450 quen]
1300 5388 1342 5440 ιιι
1358 5390 1442 5447 ttttt
1458 5393 1531 5447 ¹⁶³⁰.
1549 5395 1577 5445 et
1596 5395 1697 5460 rutis
1719 5398 1790 5448 5⁶¹2
1806 5398 1882 5475 Μ
1900 5397 2004 5463 quaeri.

122 5479 308 5553 (ειειιιι
324 5478 435 5548 aaa).
1122 5472 1234 5542 artu]
1252 5476 1485 5532 ιιειιιιειιιι.
1503 5480 1649 5549 ornus
1675 5483 1994 5539 orerecurrunt.
