4544 5766
122 189 194 266 551
688 185 811 262 PlilL.
844 187 957 262 MEL.
990 185 1194 260 SCRIPTA
1226 186 1576 267 ementes*
2054 191 2131 273 ⁵⁶oe

125 365 155 437 si
169 365 248 459 quis
264 364 372 432 vitam
390 384 411 428 a
428 358 505 428 Deo
520 360 640 427 datam
662 361 765 430 alteri
782 362 898 454 eripit.
949 362 1005 432 Sic
1027 386 1103 431 ma·
1153 363 1255 446 salis,
1279 362 1342 432 sed
1355 375 1434 432 erat
1445 375 1654 453 stratagema
1670 363 1732 433 illo
1750 377 1909 457 tempore
1923 367 2027 454 utile,
2054 371 2139 465 quia

126 468 289 559 gistratus
307 490 381 533 uon
396 464 457 531 dat
472 461 536 529 tibi
550 461 605 532 ius
619 459 846 534 haereditatis
860 477 1029 555 paternae
1054 476 1104 533 te·
1153 466 1336 535 facultates
1361 463 1584 536 credentibus
1609 465 1864 558 eripiebantur.
1919 467 2009 540 Erat
2032 472 2142 562 igitur

127 572 285 649 nendae,
308 568 380 636 sed
400 559 544 633 hocius
565 563 770 642 immediate
794 591 814 634 a
834 565 912 636 Deo
937 582 1008 651 est,
1039 567 1105 636 mi·
1155 567 1275 638 utilius
1304 591 1362 638 eas
1391 569 1555 638 vendere.
1618 566 1667 637 Et
1688 572 1785 663 quod
1803 568 1962 643 Ananias
1986 598 2007 642 a
2031 576 2142 646 Petro

127 674 237 742 nister
254 682 371 738 autem
387 679 439 735 cst
456 666 593 736 ordinis
607 669 720 737 divini
743 669 967 760 magistratus
992 671 1030 738 in
1053 671 1106 739 iu·
1157 667 1450 764 interficitur⁸¹),.
1465 669 1613 762 punitur
1625 684 1772 764 propter
1793 676 2040 762 mendacium,
2066 703 2142 749 non

128 774 244 855 dictis,
270 772 357 840 etin
374 793 510 861 poena,
542 768 674 863 siquis
696 771 782 840 velit
804 773 869 841 tibi
888 774 1025 865 eripere
1045 797 1109 865 pa·
1158 784 1348 864 propterea
1372 774 1470 865 quod
1484 773 1668 845 facultates
1683 799 1757 847 non
1774 777 1978 852 contulisset
1992 781 2029 850 in
2047 764 2144 852 com·

127 890 265 946 ternam
282 869 549 945 haereditatem.
1159 899 1278 946 mune.

228 975 449 1066 Longissime
479 974 648 1042 differunt
676 969 783 1056 haec,
820 969 951 1045 habere
972 975 1027 1044 ius
1049 998 1111 1044 seu

130 1080 351 1163 dominium,
389 1090 424 1148 et
451 1072 582 1146 habere
608 1078 828 1147 defensorem
852 1078 1110 1167 magistratum.
1387 1042 1569 1111 sexium
1595 1060 1918 1136 argumentum·

131 1185 188 1255 Sic
218 1183 255 1251 in
285 1180 449 1250 omnibus
477 1179 714 1272 contractibus
738 1178 791 1249 ius
815 1206 834 1248 a
858 1180 934 1250 Deo
959 1180 1112 1249 traditur
1212 1184 1248 1253 2.
1268 1173 1429 1247 Corinth.
1447 1179 1482 1263 8,
1508 1178 1586 1273 (14.
1603 1179 1678 1275 15.)
1691 1182 1823 1255 Paulus
1845 1186 1978 1281 inquit:
2012 1189 2064 1257 Ut
2084 1192 2143 1260 bat

131 1287 228 1357 iuxta
250 1295 494 1376 praeceptum:
528 1281 611 1352 Non
632 1283 766 1352 furtum
788 1283 912 1366 facies,
935 1282 1019 1352 item
1036 1307 1112 1350 non
1266 1280 1471 1372 aequalitas,
1483 1281 1573 1351 sicut
1586 1285 1756 1375 scriptum
1774 1300 1825 1357 est
1842 1288 2144 1389 (Exod.16,18.):

129 1389 237 1460 iacias
252 1385 538 1479 inaequalitatem
555 1384 592 1451 in
607 1386 770 1470 emendo,
794 1387 999 1468 vendendo,
1023 1409 1112 1476 pon·
1266 1381 1370 1472 „Qui
1388 1384 1558 1467 multum,
1585 1410 1659 1455 non
1680 1389 1893 1474 abundabit,
1921 1406 1955 1460 et
1981 1394 2043 1487 qui
2068 1419 2144 1465 mo-

132 1490 369 1561 deribusetc.'
402 1488 471 1558 Sed
492 1487 718 1578 magistratus
741 1501 793 1559 est
811 1488 972 1560 minister
986 1486 1054 1556 Dei
1068 1488 1113 1557 ad
1265 1485 1402 1566 dicum,
1424 1509 1498 1554 non
1515 1486 1633 1559 minus
1648 1485 1891 1586 habebit''³²).

134 1592 375 1663 executionem
394 1589 494 1661 istius
510 1589 608 1661 iuris.
1213 1585 1309 1677 Ergo
1325 1588 1462 1657 tollitur
1485 1589 1665 1660 distinctio
1684 1595 1947 1681 dominiorum,
1973 1599 2002 1669 si
2016 1624 2145 1694 aequa·

1266 1690 1347 1757 liter
1361 1689 1443 1758 licet
1457 1691 1508 1760 uti
1525 1693 1630 1763 rebus
1647 1695 1782 1768 alienis.

1266 1791 1479 1882 Respondeo
1494 1795 1539 1862 ad
1554 1800 1779 1870 antecedens:
1795 1800 1929 1871 Paulus
1941 1802 2014 1895 ipse
2030 1819 2145 1875 osten-

182 1897 390 1967 Amicorum
405 1897 525 1964 omnia
541 1909 623 1966 sunt
639 1898 854 1969 communia.
1166 1892 1219 1962 dit
1241 1918 1277 1962 se
1302 1918 1377 1962 non
1402 1908 1540 1965 mutare
1573 1900 1735 1972 ordinem
1762 1903 1963 1995 politicum,
2004 1910 2066 1978 sed
2094 1911 2146 1978 lo-

185 2002 320 2070 Omnes
338 2000 425 2067 boni
440 2012 522 2095 sunt
537 1998 642 2068 amici
656 1999 749 2067 inter
761 2023 810 2070 se.
1168 1996 1229 2090 qui
1245 1998 1289 2065 de
1304 1997 1505 2093 voluntaria
1523 2006 1864 2089 communicatione,
1896 2031 1987 2101 quae
2011 2012 2050 2078 lit
2074 2008 2146 2080 virss

185 2103 280 2192 Ergo
294 2101 581 2171 bonoruminter
595 2127 631 2171 se
646 2101 766 2170 omnia
783 2113 867 2172 sunt
881 2101 1096 2171 communia.
1167 2112 1240 2169 tute
1262 2098 1393 2168 scilicet
1415 2100 1657 2176 beneficentia.
1716 2106 1887 2199 Expresse
1909 2109 2003 2178 enim
2026 2112 2148 2207 inquit

237 2205 450 2295 Respondeo
474 2206 521 2272 ad
539 2204 730 2273 maiorem:
761 2203 969 2274 Amicorum
995 2204 1115 2272 omnia
1167 2201 1219 2295 (2.
1237 2199 1319 2271 Cor.
1336 2202 1371 2285 8,
1397 2201 1467 2297 8.):
1510 2203 1594 2274 Non
1626 2210 1728 2301 quasi
1759 2211 1937 2303 imperans
1966 2214 2062 2298 dico,
2104 2232 2146 2285 ut

136 2320 218 2377 sunt
233 2307 455 2391 communia,
480 2307 610 2376 scilicet
626 2307 776 2390 virtute,
801 2331 875 2376 non
891 2306 1115 2397 ,obligatione
1166 2303 1408 2399 unusquisque
1425 2305 1498 2398 ipse
1515 2307 1610 2399 eligit
1626 2310 1664 2379 in
1688 2315 1794 2384 corde
1818 2339 1903 2399 sun,
1927 2315 2056 2401 idest,
2082 2346 2145 2386 vo-

135 2435 197 2479 seu
220 2409 296 2479 iure
319 2410 425 2479 civili.
478 2407 567 2479 Cum
590 2421 709 2479 autem
732 2408 861 2479 dicitur
882 2410 1031 2492 virtute,
1062 2408 1116 2477 in·
1166 2408 1260 2490 lens,
1286 2431 1360 2476 non
1375 2431 1417 2476 ex
1431 2409 1624 2480 coactione.

136 2512 305 2603 telligitur
336 2512 536 2581 voluntaria
567 2511 840 2582 communicatio
871 2536 991 2582 rerum
1021 2536 1116 2579 com·
1266 2507 1386 2579 Addas
1407 2523 1442 2581 et
1464 2513 1507 2580 de
1532 2513 1764 2607 aequalitate,
1789 2518 1921 2590 Paulus
1940 2545 2015 2590 non
2031 2524 2146 2617 loqui-

134 2614 425 2699 municabilium,
472 2640 552 2686 cum
585 2611 692 2684 habet
719 2614 939 2705 probabilem
975 2637 1116 2684 causam
1168 2625 1225 2681 tur
1241 2613 1284 2681 de
1300 2614 1511 2707 aequalitate
1525 2617 1773 2707 possessionis,
1798 2623 1859 2690 sed
1874 2624 1918 2691 de
1933 2627 2146 2719 aequalitate

135 2743 197 2788 seu
212 2718 317 2787 officii
333 2718 529 2801 rationem,
555 2718 632 2787 sine
645 2717 841 2787 mutatione
863 2718 1000 2808 politici
1022 2716 1116 2785 ordi·
1167 2714 1474 2800 distributionum,
1496 2729 1532 2787 et
1554 2720 1697 2812 quidem
1723 2746 1797 2791 non
1819 2721 2040 2799 arithmetica
2065 2756 2146 2822 pro-

134 2821 204 2904 nis,
223 2833 264 2891 ut
281 2817 562 2912 hospesDavidis
577 2821 614 2888 in
629 2819 732 2890 exilio
742 2819 989 2915 Galadiresw),
1015 2844 1116 2911 prae·
1167 2818 1350 2909 portione,
1375 2818 1505 2904 idest,
1537 2845 1612 2890 non
1634 2836 1674 2895 ut
1698 2826 1821 2895 eodem
1844 2853 1995 2900 numero
2018 2834 2145 2925 singuli

135 2922 381 2992 bebatDavidi
392 2935 427 2991 et
443 2924 517 2992 eius
534 2923 655 2992 amicis
671 2919 837 3013 hospitia,
857 2936 892 2991 et
905 2923 974 2991 alia
991 2922 1116 3004 multa,
1168 2922 1367 3001 conferant,
1399 2934 1439 2990 ut
1459 2921 1731 3021 siFuccarusss)
1749 2929 1808 2998 det
1834 2933 1907 3003 100
1928 2958 2077 3021 aureos,
2102 2937 2144 3005 si-

137 3051 213 3095 non
234 3025 352 3094 debita
376 3025 470 3093 civili
501 3025 716 3117 obligatione
747 3038 781 3093 et
812 3025 887 3094 sine
918 3024 1116 3094 mutatione
1166 3022 1299 3092 militer
1323 3025 1537 3115 paupercula
1560 3015 1665 3101 vidua
1688 3030 1747 3099 det
1775 3035 1847 3104 100
1867 3059 2006 3108 aureos.
2077 3040 2141 3110 Sed

137 3128 276 3220 politici
298 3127 444 3198 ordinis.
514 3127 587 3198 Nec
607 3126 945 3197 David'excuticbat
968 3151 1048 3196 eum
1075 3151 1116 3195 ex
1167 3125 1400 3216 proportione
1435 3131 1649 3217 geometrica
1684 3134 1847 3208 videlicet
1877 3139 1916 3207 in
1946 3165 2074 3230 genere
2106 3155 2141 3212 ut

136 3231 318 3314 dominio,
351 3244 386 3299 et
407 3226 534 3321 hospes
556 3230 756 3302 voluntaria
783 3230 1116 3312 communicatione,
1166 3228 1318 3298 multum
1339 3223 1492 3312 habens,
1519 3234 1670 3304 multum
1691 3238 1750 3307 det
1769 3242 2003 3333 pauperibus,
2027 3245 2141 3315 minus

138 3333 175 3402 id
192 3345 263 3417 est,
287 3333 416 3403 virtute
431 3334 550 3416 dabat,
576 3335 666 3404 sicut
679 3357 748 3401 vox
764 3332 883 3401 divina
902 3334 1005 3402 docet
1020 3345 1114 3400 certo
1166 3325 1300 3400 habens
1314 3355 1426 3423 pauca
1443 3333 1513 3404 det.

136 3450 297 3528 tempore
324 3436 491 3527 opitulari
510 3437 584 3506 sine
604 3435 802 3507 mutatione
819 3436 954 3506 ordinis
970 3435 1116 3527 politici,
1267 3433 1340 3503 Nec
1355 3435 1422 3501 erit
1436 3435 1646 3508 inconcinna
1666 3448 1946 3517 accommodatio
1969 3450 2075 3520 etiam
2099 3453 2138 3520 de

137 3552 178 3608 ut
200 3540 328 3608 dicitur
350 3539 474 3633 (Pron.
487 3536 523 3622 5,
551 3539 646 3634 16.):
683 3538 813 3608 Fontes
836 3539 889 3609 tui
912 3539 1116 3609 deriventur
1167 3538 1460 3626 possessionibus,
1486 3535 1640 3610 habeant
1655 3547 1848 3640 principes,
1874 3566 2047 3645 quantum
2063 3555 2140 3646 ipsis

138 3643 253 3723 foras,
280 3654 314 3709 et
336 3653 376 3710 tn
399 3642 565 3712 dominus
588 3667 711 3712 eorum
729 3655 885 3711 maneto.
934 3642 997 3711 Est
1021 3641 1114 3710 enim
1167 3634 1296 3708 habere
1320 3642 1504 3725 convenit,
1543 3644 1669 3715 deinde
1691 3650 1752 3718 alii
1773 3655 1935 3743 ordines,
1968 3673 2137 3752 quantum

140 3744 252 3813 virtus
285 3744 365 3811 voci
396 3743 536 3812 divinae
569 3759 663 3814 recte
697 3744 894 3813 intellectae
936 3746 1114 3812 volentem
1168 3742 1292 3835 cuique
1307 3768 1370 3812 suo
1384 3743 1463 3812 loco
1479 3740 1609 3815 habere
1628 3754 1804 3825 convenit.

139 3847 295 3918 obedire,
1265 3844 1412 3915 Diseant
1433 3861 1549 3917 autem
1571 3845 1639 3920 hoc
1658 3854 1737 3924 loco
1757 3857 1922 3932 iuniores⁴
1938 3862 2137 3933 discrimina

1168 3947 1455 4038 appellationum.
1521 3951 1715 4045 Proportio
1747 3956 1967 4034 arithmetica
1990 3977 2043 4036 est
2063 3991 2136 4037 curn

1167 4050 1325 4140 pluribus
1340 4051 1498 4123 terminis
1512 4055 1655 4146 positis,
1681 4060 1900 4136 differentiae
1914 4081 1997 4138 sunt
2009 4067 2138 4163 simpli:

187 4155 229 4226 ln
242 4154 338 4226 Actis
351 4152 604 4246 Apostolorum
629 4153 682 4250 (4,
697 4154 757 4227 32.
771 4152 831 4224 34.
847 4151 925 4246 86.)
946 4154 1115 4245 scriptum
1167 4151 1253 4233 citer
1269 4153 1451 4245 aequales,
1477 4169 1518 4225 ut
1537 4156 1572 4228 8.
1587 4154 1622 4229 5.
1637 4162 1672 4232 7.
1689 4161 1723 4234 9.
1746 4165 1975 4254 differentiae⁴
1988 4185 2071 4243 sunt
2088 4173 2136 4242 bi·

242 4272 311 4342 est,
338 4254 556 4328 Christianos
572 4257 759 4329 contulisse
772 4258 953 4327 facultates
966 4257 1005 4325 in
1021 4281 1115 4326 com·
1166 4255 1270 4324 narii.
1605 4280 1608 4287 “
1904 4267 1905 4272 ’

239 4385 360 4432 mune.
1266 4358 1457 4449 Proportio
1485 4365 1697 4451 geometrica
1721 4383 1774 4440 cst
1794 4397 1873 4441 cum
1896 4389 2051 4469 quatuor
2071 4391 2136 4448 ter·

189 4463 284 4554 Ergo
317 4462 550 4554 Evangelium
583 4463 676 4533 tollit
703 4462 964 4534 distinctionem
1002 4462 1115 4530 domi·
1164 4460 1271 4531 minis
1284 4460 1419 4554 positis,
1440 4466 1714 4555 proportionum
1728 4475 1923 4566 aequalitas
1936 4481 2137 4564 custoditur,

239 4567 395 4635 nimum,
692 4618 696 4627 ,
962 4619 965 4626 .
1166 4564 1303 4633 etiarnsi
1318 4564 1534 4635 differentiae
1550 4593 1612 4639 seu
1627 4576 1767 4643 numeri
1780 4602 1854 4647 non
1869 4595 1951 4651 sunt
1966 4584 2136 4679 aequales,

238 4667 450 4758 Respondeo
475 4671 519 4738 ad
544 4671 769 4741 antecedens:
809 4666 1039 4739 iudicandum
1064 4679 1116 4737 est
1165 4663 1273 4736 uthic
1288 4679 1339 4739 est
1352 4670 1549 4762 quadrupla
1565 4677 1772 4768 proportio,
1796 4682 1854 4754 12.
1871 4682 1906 4755 8.
1922 4684 1956 4756 4.
1974 4687 2076 4781 1.⁸⁴).

136 4770 289 4863 legibus,
314 4794 389 4838 non
405 4772 582 4863 exemplis.
632 4769 706 4842 Lex
720 4773 840 4841 divina
863 4770 979 4841 sanxit
992 4769 1114 4840 distin-

139 4875 291 4945 ctionem
325 4873 589 4958 dominiorum,
634 4874 717 4945 Non
750 4877 891 4945 furtum.
909 4873 1014 4943 facies
1048 4884 1112 4943 etc.
1198 4899 1245 4958 at)
1264 4902 1363 4967 acto,
1383 4906 1470 4956 r-s.

137 4977 212 5052 Nee
234 4977 353 5046 abolet
375 4974 607 5067 Evangelium
637 4977 781 5069 politica
811 4990 845 5046 et
875 4975 1112 5048 oeconomica·
1196 5001 1474 5062 meorumnam
1493 5022 1607 5063 ...non
1620 5014 1708 5064 uinus
1721 5016 1842 5082 tenent]
1860 5023 1982 5088 Utroque
1993 5029 2055 5083 1000
2067 5033 2134 5083 mr·

136 5080 348 5173 Exemplum
363 5103 448 5149 vero
462 5080 716 5172 Apostolorum
731 5103 805 5148 non
821 5092 873 5150 est
894 5080 950 5148 lex
970 5078 1111 5149 univer·
1231 5074 1306 5189 {2¹23
1322 5075 1756 5199 ²⁸²92⁸⁰ff22ss133vpp⁸rr⁰rter
1768 5087 1849 5155 vug.
1867 5092 1962 5146 tutet:
1981 5109 2037 5148 non
2049 5102 2132 5152 mm·

341 1762 561 1855 Quartum
589 1773 904 1850 argumentum.

339 4015 554 4108 Quintum
575 4029 910 4121 ,argumentum

1194 5241 1242 5310 8³)
1260 5244 1380 5310 Fuggerl
1398 5255 1566 5302 mercatores
1578 5256 1733 5318 Augtntrnl
1748 5260 1873 5314 otttsuut
1889 5266 2020 5322 ccnolo
2033 5274 2069 5328 V.
2084 5274 2132 5326 in·

172 5356 222 5415 so)
239 5351 382 5413 mauu,
399 5348 550 5401 otranno
568 5360 602 5398 ex
617 5348 686 5400 une
702 5344 842 5412 nagera,
872 5344 926 5396 vu.
943 5345 968 5400 ι.
981 5344 1053 5399 san.
1068 5346 1109 5414 1⁷,
1229 5317 1356 5374 ¹³⁰¹“0‘0
1375 5318 1448 5369 ¹⁵³⁰·
1466 5319 1502 5369 ’ἅ
1519 5320 1677 5388 “lttstttem
1695 5330 1820 5381 ccultum
1839 5336 1935 5386 evecti.

193 5423 321 5475 n-w.
349 5422 393 5488 19,
410 5419 516 5484 trem.
1193 5412 1241 5482 8⁴)
1258 5415 1313 5472 le.
1334 5419 1519 5477 lethaei.
