4544 5766
197 204 271 279 aa
457 182 661 273 semera·
684 193 760 266 ra.
786 190 993 295 uanae
1012 194 1988 291 ,Ετιιιωτνοιιπωςεβεωωωμ
2143 194 2228 283 tte

195 379 398 472 Aegyptum
420 373 458 443 in
478 369 740 443 acerbissimam
762 367 968 440 servitutem
982 369 1184 467 redegicss).
1235 373 1392 467 legibus,
1418 400 1466 444 an
1483 374 1671 468 exscripto
1687 398 1728 445 ac
1743 386 1840 447 certo
1855 372 1946 445 iure.
2003 371 2101 443 Haec
2115 396 2229 466 quae·

198 484 320 577 Quare
336 474 547 570 dubiem-1⁰³)
564 497 639 542 non
656 473 779 557 debet,
804 471 893 564 quin
918 470 1025 543 etiam
1049 473 1185 544 tristior
1236 479 1305 549 stio
1327 480 1434 551 etiam
1454 490 1578 548 nostro
1602 491 1764 570 tempore
1787 502 1893 569 saepe
1914 475 2042 567 agitari
2065 474 2157 546 solet
2179 477 2227 547 ab

199 583 341 678 imperii
372 582 508 662 forma,
549 576 579 646 si
610 588 731 644 tamen
762 570 853 643 nibil
874 586 977 667 turpe
998 576 1185 669 praecipit,
1236 580 1409 665 indoctis,
1432 582 1495 675 qui
1513 605 1592 650 cum
1609 594 1795 651 exerceant
1809 579 1960 662 iudicia,
1987 603 2091 670 aegre
2103 580 2228 649 ierunt

197 688 275 757 Deo
290 685 473 777 probetur.
530 678 656 773 Neque
674 691 794 747 tamen
808 677 857 745 ita
874 677 1105 749 iudicandum
1122 693 1185 765 est,
1237 685 1335 777 quod
1362 698 1534 778 tanquam
1567 683 1687 774 puori,
1729 683 1859 753 dietata
1891 681 2227 753 iurisconsultorum

198 790 295 883 apud
312 809 435 855 omnes
449 794 569 874 gentes
586 794 752 874 oportere
767 778 920 850 similem
941 806 1013 851 esse
1035 783 1185 852 servitu·
1236 787 1404 880 subsequi
1419 799 1613 878 coguntur,
1640 810 1704 855 nec
1721 788 1854 854 audent
1872 784 2068 878 quidquam
2091 784 2136 853 de
2159 808 2227 854 suo

199 907 284 963 tem.
350 887 423 956 Ubi
442 909 567 976 regum
589 896 745 976 potestas
764 882 899 973 legibus
921 883 1185 977 circumscripta
1238 889 1385 959 consilio
1407 901 1573 961 statuere.
1621 886 1702 957 lloe
1718 912 1867 978 regnum
1891 886 2228 957 iurisconsultorum

198 1009 271 1079 est,
298 1015 389 1085 quae
406 989 605 1059 concedunt
619 985 767 1057 subditis
781 998 901 1055 tenere
917 988 1125 1081 proprium,
1152 1000 1187 1071 et
1236 988 1400 1062 homines
1422 992 1631 1061 ambitiosos
1655 990 1738 1063 urit.
1801 990 1850 1060 Et
1875 985 2007 1058 horum
2028 988 2227 1059 amentiam

198 1098 278 1168 aliis
294 1094 506 1188 quibusdam
520 1089 699 1159 beneficiis
715 1089 889 1158 libertatis
909 1090 999 1174 frui,
1023 1091 1186 1183 ibiprin-
1238 1095 1408 1164 adiuvant
1427 1094 1593 1165 nonnulli
1614 1085 1766 1177 literati,
1800 1095 1861 1162 sed
1887 1092 1926 1159 in
1948 1091 2019 1161 alio
2042 1091 2228 1163 doctrinae

199 1201 293 1293 cipes
308 1207 468 1289 peceant,
489 1218 569 1262 cum
586 1205 709 1261 contra
729 1217 809 1261 suas
823 1192 917 1282 leges
931 1193 1088 1286 eripiunt
1102 1218 1186 1286 pro·
1238 1222 1364 1290 genere
1387 1198 1536 1281 versati,
1577 1196 1639 1290 qui
1662 1196 1844 1288 disputant
1865 1194 2000 1284 legibus
2024 1218 2100 1263 non
2121 1217 2227 1284 posse

198 1304 296 1396 prias
310 1299 492 1369 facultates
507 1296 674 1378 subditis,
701 1307 872 1388 tanquam
889 1297 1010 1367 servis.
1062 1293 1186 1367 Achab
1239 1326 1362 1371 omnes
1379 1324 1500 1371 causas
1515 1295 1788 1390 comprehendi,
1815 1310 1851 1367 et
1866 1322 1946 1366 cum
1962 1297 2153 1390 pleraeque
2169 1320 2227 1366 res

199 1431 262 1476 rex
285 1400 525 1471 lsraelitarum
557 1398 686 1468 iniuste
719 1408 865 1467 conatus
894 1411 946 1468 est
976 1399 1112 1491 eripere
1135 1399 1187 1467 vi·
1238 1429 1280 1473 ex
1296 1403 1444 1473 arbitrio
1459 1403 1547 1482 boni
1561 1401 1631 1470 viri
1646 1401 1856 1471 iudicandae
1872 1399 1954 1483 sint,
1980 1411 2124 1470 censent
2139 1399 2228 1469 abo·

199 1532 305 1580 neam
336 1497 482 1576 Naboth
499 1498 559 1596 ⁰⁶).
633 1499 850 1594 Quanquam
886 1501 982 1572 enim
1021 1503 1189 1603 probavit
1237 1507 1309 1577 litis
1323 1506 1458 1597 legibus
1473 1505 1593 1575 omnia
1610 1503 1849 1596 permittenda
1866 1527 1939 1571 esse
1954 1501 2167 1593 prudentiae
2190 1513 2228 1570 ct

198 1609 297 1691 Deus
312 1609 476 1677 acerbam
492 1600 635 1696 imperii
647 1604 823 1686 formam,
854 1615 894 1672 ut
918 1607 1025 1674 rerba
1041 1605 1187 1674 Samue-

199 1715 244 1785 lis
261 1712 472 1792 ostendunt,
498 1719 620 1775 tamen
638 1705 676 1773 in
697 1707 764 1775 isto
781 1707 915 1797 populo
935 1708 1070 1798 regiam
1088 1721 1186 1799 pote-

200 1829 328 1888 statem
347 1815 423 1904 legc
448 1811 652 1878 moderatus
677 1820 739 1878 est.
790 1804 865 1875 Lex
882 1810 977 1878 enim
990 1811 1187 1880 tradiderat

199 1916 347 2010 singulis
362 1938 444 1985 suas
465 1910 723 2005 possessiones,
749 1920 784 1976 et
809 1910 953 1981 volebat
972 1925 1013 1981 ut
1032 1912 1186 1982 familiae

198 2016 418 2115 patrimonia
430 2040 493 2085 sua
509 2013 715 2083 retinerent.
749 2010 805 2080 Ad
818 2007 914 2081 bunc
927 2016 1076 2085 modum
1092 2018 1186 2109 apud

198 2149 267 2194 nos
280 2122 361 2190 lieet
382 2131 502 2186 tenere
520 2115 707 2209 proprium
729 2109 803 2198 his,
837 2116 964 2209 quibus
985 2118 1024 2187 id
1045 2118 1188 2211 imperii

200 2226 301 2308 iura,
328 2221 513 2314 exquibus
531 2243 588 2288 res
604 2219 698 2310 apud
725 2241 790 2286 nos
813 2216 1036 2304 iudicantur,
1063 2247 1186 2292 conce-

201 2329 303 2399 dunt.
361 2324 487 2416 Neque
509 2322 593 2390 licet
612 2320 831 2413 principibus
854 2317 951 2392 hunc
972 2323 1186 2415 reipublicae

201 2443 333 2503 statum
353 2440 485 2495 temere
508 2436 665 2508 mutare,
693 2435 728 2491 et
749 2421 802 2491 ris
820 2437 908 2494 esset
928 2427 1187 2516 possessionem

199 2530 374 2603 libertatis
406 2529 543 2622 eripere
574 2521 648 2610 his,
694 2524 756 2621 qui
787 2549 866 2596 eam
896 2528 1069 2600 beneficio
1099 2531 1187 2604 iuris

199 2633 371 2709 hactenus
391 2643 524 2701 tenent.

304 2737 493 2806 Caeterum
509 2733 572 2803 ubi
591 2755 676 2801 vera
700 2743 752 2801 est
773 2732 942 2818 servitus,
968 2748 1089 2808 tamen
1112 2763 1188 2807 non

198 2842 283 2914 licet
298 2838 452 2909 dominis
467 2835 588 2906 omnia
602 2859 740 2927 rapere.
791 2834 884 2906 Nam
907 2838 961 2908 ius
984 2853 1133 2911 naturae
1153 2854 1188 2910 et

200 2967 321 3016 sacrae
336 2941 459 3009 literae
475 2939 599 3006 iubent
617 2937 727 3006 servis
747 2937 922 3030 relinqui,
949 2944 1046 3033 quod
1067 2945 1112 3013 ad
1135 2943 1187 3010 vi.

200 3049 297 3117 ctum
312 3045 350 3112 in
366 3063 621 3134 unaquaquam
640 3037 775 3106 familia
792 3040 952 3114 scdliciat.
1009 3044 1067 3115 Sic
1092 3045 1185 3116 enim

201 3149 373 3240 scriptum
390 3157 441 3214 est
459 3143 497 3209 in
510 3139 755 3209 Ecclesiastico
779 3139 857 3236 (33,
873 3138 969 3238 25.):
997 3146 1139 3218 Cibaria
1153 3163 1187 3220 et

202 3251 303 3341 virga
326 3261 360 3319 et
376 3271 465 3316 onus
480 3245 593 3315 asino.
641 3242 749 3312 Panis
774 3256 809 3312 et
832 3245 1017 3338 disciplina
1039 3264 1074 3319 et
1097 3277 1186 3344 opus

200 3377 317 3425 servo.
348 3350 395 3419 Et
410 3349 489 3419 iura
506 3344 622 3416 civilia
640 3345 749 3416 servis
764 3348 941 3437 peculium
955 3352 1111 3448 relinqui
1124 3381 1186 3424 vo-

200 3456 282 3527 lunt
299 3465 332 3524 et
351 3452 483 3546 ubique
497 3452 619 3519 favent
633 3447 801 3519 libertati.

303 3556 372 3626 Sed
399 3555 543 3623 libertas
567 3548 676 3621 habet
698 3565 811 3622 certos
835 3554 942 3639 fines,
977 3555 1072 3627 intra
1096 3586 1186 3655 quos

201 3660 338 3731 versari
361 3658 475 3726 debet.
532 3654 627 3725 Nam
654 3666 688 3723 et
712 3654 767 3724 ius
789 3669 939 3727 naturae
965 3661 1074 3731 etius
1097 3664 1186 3731 divi-

201 3789 289 3834 num
309 3761 421 3830 multa
443 3781 552 3826 onera
573 3755 695 3827 liberis
719 3756 929 3849 imponunt,
969 3763 1104 3832 solvere
1124 3766 1186 3836 tri-

198 3868 307 3949 buta,
339 3887 466 3956 parere
488 3857 730 3951 magistratui,
762 3861 921 3931 conlerre
943 3863 1127 3938 facultates
1153 3883 1187 3938 et

202 3992 331 4060 corpus
353 3967 400 4034 ad
421 3962 592 4034 tuendam
612 3985 837 4030 communem
852 3963 1074 4052 societatem,
1099 3997 1187 4064 quo-

200 4072 266 4142 tics
282 4095 371 4164 opus
390 4080 453 4151 est,
477 4078 512 4135 et
528 4063 597 4132 alia
615 4063 791 4159 quaedam
809 4063 883 4133 iure
899 4067 1085 4161 descripta.
1118 4071 1187 4144 lta-

201 4199 271 4269 que
288 4173 488 4242 libertatem
512 4166 563 4236 ita
586 4166 861 4258 amplectamur,
897 4182 938 4239 ut
957 4169 1094 4243 interca
1114 4202 1187 4245 mc-

201 4276 411 4346 minerimus
430 4298 496 4342 nos
511 4283 546 4339 et
563 4294 581 4338 a
598 4267 675 4337 Deo
692 4282 725 4337 et
740 4292 760 4337 a
775 4281 903 4340 natura
926 4271 1004 4364 ipsa
1027 4279 1123 4369 cogi,
1148 4294 1188 4349 nt

201 4403 390 4471 pareamus
415 4366 699 4465 magistratibus,
740 4384 781 4443 ut
799 4372 1023 4447 facultatibus
1045 4384 1187 4467 nostris,

202 4494 238 4554 et
251 4481 323 4551 vita
340 4491 461 4548 nostra
479 4476 617 4545 civilem
636 4474 839 4544 societatem
858 4476 1029 4551 iuvemus.

556 4643 618 4714 De
644 4643 834 4734 legibus.

301 4784 344 4856 ln
359 4796 515 4853 extrema
530 4790 632 4874 parte
649 4779 746 4849 tertii
756 4780 841 4849 libri
861 4780 1055 4874 disputatio
1076 4792 1188 4860 conti-

202 4906 327 4975 netur,
370 4900 493 4956 utrum
529 4883 638 4953 satius
671 4882 716 4951 sit
749 4884 1005 4977 rempublicam
1037 4890 1189 4963 admini.

204 5009 316 5067 strare
350 5015 392 5060 ex
413 4984 571 5057 arbitrii)
599 4984 689 5054 boni
718 4985 908 5078 principis,
951 4984 1026 5059 sine
1050 4997 1189 5089 scriptis

237 5239 287 5295 64)
304 5234 404 5283 Gerros.
416 5227 460 5287 47,
481 5202 586 5290 θήῃ.

240 5338 288 5405 ss)
307 5333 440 5390 tutatur]
459 5332 500 5380 ste
517 5324 692 5381 reiterato.
709 5332 741 5380 et
756 5329 856 5394 bastt.;
880 5328 949 5382 nott.
965 5331 1040 5388 ttae.
1058 5337 1188 5397 duotore.

232 5444 286 5497 80⁴)
304 5441 327 5490 1.
341 5436 411 5498 fleg.
425 5434 469 5501 ²1,
486 5430 575 5495 seqq.

1239 1609 1411 1702 aequitati
1425 1607 1563 1679 iudicis.
1613 1606 1746 1675 Vident
1767 1606 1873 1675 etiam
1894 1606 2049 1675 sormam
2075 1603 2227 1675 iudicio-

1238 1736 1318 1781 rum
1335 1736 1375 1779 ac
1390 1710 1480 1795 lori,
1506 1709 1569 1780 ubi
1584 1708 1915 1780 iurisconsultorum
1933 1707 2067 1777 artilms
2086 1706 2167 1776 lites
2185 1707 2226 1775 in

1237 1814 1417 1883 infinitum
1433 1809 1679 1885 extrahuntur.
1729 1807 1771 1878 ld
1794 1834 1870 1880 non
1895 1811 2012 1892 lieret,
2045 1808 2076 1877 si
2097 1809 2225 1879 iudicis

1239 1918 1411 1987 autoritas
1425 1917 1561 1985 valeret
1576 1927 1610 1983 et
1624 1938 1701 1985 non
1719 1926 1809 1984 esset
1825 1912 1966 1983 astricta
1984 1911 2132 2002 legibus.

1339 2020 1512 2091 Recenset
1534 2016 1740 2088 Aristoteles
1769 2017 1908 2110 aliquot
1935 2009 2143 2084 huiusmodi
2167 2035 2228 2087 ra-

1238 2121 1365 2207 tiones,
1389 2124 1450 2193 sed
1465 2122 1610 2190 tandem
1625 2120 1782 2189 decernit
1797 2119 1906 2188 tutius
1928 2142 2020 2200 esse,
2045 2129 2156 2187 utres
2170 2116 2226 2185 iu-

1238 2225 1401 2295 dicentur
1423 2249 1465 2294 ex
1487 2223 1590 2293 certis
1614 2222 1749 2314 legibus
1776 2235 1811 2291 ct
1839 2219 1972 2311 scripto
2002 2220 2097 2304 iure,
2136 2218 2226 2313 quia

1237 2352 1313 2397 non
1327 2353 1431 2420 saepe
1448 2325 1622 2417 contingit
1635 2326 1743 2395 iudex
1756 2337 1819 2396 aut
1831 2321 2023 2414 prudentia
2036 2335 2156 2404 tanta,
2182 2333 2225 2392 ut

1238 2431 1314 2500 sine
1329 2431 1465 2522 legibus
1480 2430 1616 2512 videat,
1652 2428 1738 2521 quid
1751 2427 1799 2498 sit
1812 2424 2067 2518 aequissimum
2085 2449 2126 2495 ac
2146 2448 2226 2497 ma-

1238 2533 1330 2602 xime
1344 2534 1430 2604 utile
1444 2531 1678 2625 reipublicae,
1704 2543 1767 2599 aut
1787 2541 1886 2598 tanta
1906 2527 2059 2612 iustitia,
2084 2539 2225 2601 utnon

1238 2636 1284 2706 sit
1297 2663 1385 2729 opus
1401 2637 1475 2707 eius
1489 2646 1702 2728 potestatem
1716 2632 1851 2722 legibus
1867 2629 2061 2701 moderari.
2109 2630 2223 2721 Saepe

1239 2739 1334 2809 enim
1352 2740 1470 2811 virum
1487 2738 1704 2808 mediocrem
1721 2735 1840 2829 aliqua
1864 2733 1952 2803 recti
1973 2732 2107 2825 species
2128 2731 2225 2802 deci·

1237 2842 1308 2933 pit,
1335 2842 1447 2937 quisi
1468 2841 1604 2932 legibus
1625 2850 1715 2909 esset
1738 2836 1962 2919 admonitus,
1987 2836 2114 2905 melius
2129 2835 2224 2907 iudi-

1238 2956 1379 3014 caturus
1403 2955 1490 3014 erat.
1555 2940 1740 3012 Interdum
1761 2940 1904 3025 animo,
1938 2939 2001 3032 qui
2025 2937 2138 3030 gratia
2159 2950 2225 3007 aut

1239 3048 1321 3116 odio
1339 3046 1529 3139 impeditus
1546 3057 1617 3128 est,
1643 3067 1781 3113 morem
1800 3040 1912 3134 gerit,
1937 3042 2021 3135 quia
2043 3040 2151 3111 nullis
2172 3042 2224 3109 le·

1237 3174 1320 3240 gum
1342 3149 1492 3219 vinculis
1515 3159 1667 3220 tenetur.
1732 3145 1826 3217 Nam
1852 3146 1968 3214 bonos
1995 3143 2104 3214 etiam
2125 3143 2224 3213 viros

1237 3252 1379 3322 licentia
1416 3250 1535 3322 reddit
1563 3250 1769 3320 deteriores.
1831 3247 1952 3340 Quare
1974 3246 2049 3317 istis
2071 3246 2223 3316 vinculis

1238 3381 1326 3446 opus
1342 3368 1411 3437 cst,
1437 3379 1527 3450 quae
1543 3353 1649 3422 etiam
1666 3352 1696 3422 si
1709 3363 1947 3444 perrumpunt
1960 3349 2152 3443 aliquando
2169 3361 2225 3440 ty-

1237 3458 1365 3543 ranni,
1393 3470 1513 3527 tamen
1527 3469 1681 3549 prosunt
1695 3456 1741 3524 ad
1766 3455 1920 3545 regenda
1944 3465 1980 3522 et
2000 3449 2223 3522 cohercenda

1238 3560 1432 3631 mediocria
1448 3560 1601 3651 ingenia.
1652 3557 1815 3627 Praestat
1829 3568 1948 3625 autem
1969 3552 2038 3624 boc
2061 3555 2162 3648 quod
2183 3554 2225 3622 in

1238 3688 1426 3733 commune
1441 3664 1598 3757 prodest,
1625 3659 1765 3730 etiamsi
1780 3660 1959 3727 interdurn
1975 3682 2073 3729 secus
2086 3657 2224 3751 aliquid

1238 3768 1375 3849 evenit,
1402 3778 1442 3835 ut
1457 3765 1671 3843 medicinam
1687 3763 1854 3844 colimus,
1888 3759 1972 3855 quia
1995 3784 2099 3852 saepe
2119 3760 2224 3830 resti-

1238 3871 1306 3940 tuit
1321 3882 1503 3959 aegrotos,
1530 3866 1672 3935 tametsi
1683 3889 1757 3935 non
1781 3888 1904 3957 omnes
1927 3865 2073 3937 morbos
2093 3864 2224 3939 tollere

1238 3973 1359 4064 possit.
1411 3971 1468 4038 Ad
1482 3965 1568 4040 baec
1581 3968 1720 4062 quoties
1736 3968 1828 4037 inter
1841 3991 1877 4038 sc
1898 3965 1987 4036 boni
2006 3966 2076 4035 viri
2105 3967 2224 4039 intio-

1238 4075 1390 4144 dicando
1421 4071 1665 4153 dissentirent,
1701 4071 1732 4140 si
1752 4070 1889 4141 nullam
1912 4081 2044 4139 certam
2065 4071 2225 4140 sormam

1238 4175 1411 4247 haberent
1424 4172 1703 4267 praescriptam?
1753 4172 1871 4243 Facile
1888 4186 1940 4244 est
1964 4186 2081 4243 autem
2104 4199 2149 4245 ex
2167 4187 2224 4242 ta-

1238 4281 1330 4352 libus
1345 4276 1620 4371 dissensionibus
1636 4276 1725 4346 oriri
1740 4278 1915 4365 maximos
1929 4288 2047 4347 motus
2061 4276 2099 4360 in
2113 4277 2225 4357 rebus

1238 4383 1405 4475 publicis,
1433 4382 1531 4476 quod
1544 4405 1590 4448 ne
1605 4379 1758 4463 accidat,
1779 4403 1919 4475 summa
1934 4379 2115 4469 diligentia
2137 4404 2225 4472 pro-

1239 4487 1430 4555 videndum
1446 4497 1508 4555 cst.
2107 4552 2111 4563 ,

1340 4589 1410 4658 Sed
1429 4590 1520 4678 lingo
1536 4584 1591 4657 ius
1612 4584 1728 4655 dicere
1752 4583 1848 4652 viros
1871 4608 2010 4653 summa
2031 4585 2238 4677 prudentia.

1241 4703 1275 4760 et
1301 4690 1498 4761 constantia
1521 4689 1720 4779 praeditos,
1748 4687 1809 4781 qui
1828 4710 2005 4780 nusquam
2019 4688 2111 4772 falli,
2139 4713 2227 4763 ntis.

1240 4786 1486 4888 quam'decipi
1504 4792 1662 4883 possint,
1703 4790 1766 4886 qui
1787 4814 1903 4883 neque
1932 4791 2079 4881 gratia,
2104 4816 2225 4886 neque

1241 4897 1324 4966 odio
1342 4896 1432 4967 allici
1447 4907 1509 4967 am
1524 4892 1743 4991 commoveri
1759 4905 1903 4988 queant,
1929 4906 2049 4979 tamen
2063 4893 2109 4965 ad
2124 4907 2226 4967 tresn-

1241 4999 1452 5093 quillitatem
1466 4996 1645 5091 proderit,
1670 5009 1805 5069 certum
1823 5007 1942 5065 extare
1955 4997 2030 5080 ius,
2061 5010 2096 5067 et
2109 5013 2226 5079 certas

1239 5102 1344 5193 leges.
1396 5103 1489 5173 llam
1511 5099 1708 5193 importuni
1728 5099 1923 5188 litigatores
1945 5124 2019 5168 nisu
2042 5100 2225 5193 obtempe-

1240 5218 1341 5288 rant,
1365 5230 1440 5291 non
1459 5201 1712 5296 ceduntiudici
1727 5202 1795 5273 nisi
1809 5215 1949 5289 certium
1960 5203 2015 5273 ius
2028 5202 2084 5279 sil.
2122 5204 2223 5275 Sern-

1241 5332 1305 5400 per
1330 5320 1494 5379 accusant
1516 5319 1576 5374 aut
1600 5306 1724 5387 iidem,
1757 5318 1818 5374 aut
1841 5304 2060 5394 diligentiam
2087 5306 2225 5389 iudicis,

1031 5478 1036 5487 ,
1132 5502 1134 5507 Ι
1241 5410 1311 5481 nis'i
1335 5404 1535 5501 intelllgianl
1557 5404 1667 5502 quani
1687 5403 1850 5479 babuerit
1877 5400 1979 5511 inilia
1999 5408 2141 5499 caesarii
2163 5415 2224 5481 nc'-
