4544 5766
191 224 267 304 286

194 398 349 490 imperiti
371 392 536 466 homines
558 392 684 463 stolide
708 391 967 475 vociferantur,
992 416 1068 460 non
1091 415 1181 482 opus

196 528 270 572 esse
294 500 433 591 scriptis
455 498 608 588 legibus,
640 496 701 566 sed
724 520 766 563 ex
787 495 944 563 naturali
966 493 1097 564 iudicio
1122 519 1180 563 eo-

196 630 298 687 rum,
325 603 386 696 qui
408 611 596 691 praesunt,
628 622 684 666 res
707 596 914 667 iudicandas
937 622 1029 679 esse,
1059 609 1181 665 tamen

197 707 378 777 sciemlum
394 715 464 785 est,
490 698 583 770 hanc
606 700 830 770 barbaricam
856 700 1062 791 opinionem
1086 702 1182 769 dete-

196 809 359 879 standam
382 830 476 887 esse,
500 817 535 873 et
556 800 720 873 homines
742 804 920 872 docendos
936 828 1029 886 esse,
1055 802 1182 872 melius

197 937 270 980 esse
287 907 418 978 habere
434 907 581 998 scriptas
596 908 708 997 leges,
735 918 769 973 et
783 901 847 975 has
863 918 1067 974 reverenter
1081 918 1181 973 tuen-

197 1016 260 1083 das
276 1026 310 1081 et
325 1011 495 1080 amandas
511 1033 596 1079 esse.
655 1008 712 1077 Sic
734 1021 769 1075 et
781 1007 989 1088 Aristoteles
1012 1008 1050 1074 in
1075 1007 1180 1076 tertio

195 1116 431 1186 Politicorum
449 1113 612 1194 affirmat,
629 1111 755 1180 melius
771 1124 859 1182 esset
875 1111 927 1179 uti
942 1110 1074 1201 scripto
1092 1111 1182 1192 iure,

197 1217 381 1312 inquiens:
423 1215 496 1306 Qui
518 1217 630 1305 legem
654 1215 730 1282 vult
750 1237 931 1315 pre,ieesse
965 1239 994 1284 rs
1009 1213 1125 1282 Deum
1148 1225 1183 1281 et

198 1321 330 1410 leges
309 1320 384 1387 vult
401 1342 575 1409 praeesse,
598 1316 684 1410 qui
674 1330 792 1386 alutem
809 1311 1035 1384 hominem
1008 1340 1083 1385 sme
1099 1315 1183 1405 legi-

198 1426 264 1493 bus
291 1423 368 1492 vult
391 1445 570 1512 praeesse,
612 1419 761 1487 addit
732 1445 765 1487 er
785 1420 938 1488 beluam.
1004 1418 1103 1488 Talis
1132 1431 1183 1488 est

199 1527 295 1595 enim
311 1524 496 1614 cupiditas,
515 1546 606 1615 quae
621 1520 793 1611 depravat
807 1522 1045 1612 magistratus,
1060 1521 1183 1589 etiam-

197 1629 226 1699 si
244 1629 315 1698 sint
329 1626 397 1693 viri
413 1623 606 1718 optimi⁶¹).
657 1624 726 1693 Sed
744 1626 872 1695 omissa
890 1624 1183 1715 disputationem

197 1757 237 1801 re
256 1730 441 1799 manifesta
465 1727 727 1797 consideremus
754 1730 973 1797 voluntatem
994 1726 1081 1808 liei,
1121 1727 1182 1820 qui

198 1847 233 1904 et
247 1834 284 1901 in
300 1856 362 1903 sua
378 1830 503 1922 politia
520 1830 634 1898 voluit
650 1842 768 1898 extare
784 1830 838 1898 ius
853 1829 1042 1919 scriptum,
1063 1841 1097 1898 et
1110 1832 1182 1898 lere

198 1935 365 2005 omnibus
382 1932 508 2002 seculis
534 1931 723 2023 praecipua
748 1946 782 2000 et
802 1928 1007 2001 honestiora
1031 1931 1182 2022 imperia

198 2039 275 2107 iure
293 2037 425 2125 scripto
444 2034 646 2124 gubernari.

300 2139 402 2207 Nunc
425 2136 534 2226 igitur
558 2139 601 2205 de
622 2137 731 2204 altera
755 2137 961 2228 quaestione
993 2136 1181 2205 dicendum

198 2255 266 2311 cst:
300 2241 357 2308 An
375 2239 562 2329 exscripto
584 2239 661 2308 iare
683 2238 915 2308 iudicandum
936 2239 999 2321 sit,
1024 2263 1071 2306 an
1096 2263 1182 2306 vero

198 2345 401 2438 quaerenda
433 2341 593 2434 aequitas
626 2354 722 2410 extra
758 2342 941 2433 scriptum.
999 2339 1056 2409 Ad
1089 2336 1182 2408 hanc

198 2446 442 2540 ‹paraestionem
467 2457 601 2513 certrrm
626 2457 703 2525 est,
722 2439 813 2512 banc
836 2443 1105 2534 responsionem
1124 2469 1182 2511 re-

196 2574 275 2618 ram
293 2573 383 2618 esse:
411 2546 635 2636 Regulariter
653 2547 840 2638 exscripto
858 2547 934 2616 iure
952 2546 1182 2616 iudicandum

197 2677 283 2734 esse,
310 2674 349 2719 ac
362 2651 571 2741 praesertim
590 2652 633 2717 de
651 2675 691 2718 ea
708 2650 835 2740 specie,
861 2646 928 2719 boc
944 2662 1007 2730 est,
1029 2650 1067 2717 in
1082 2649 1182 2719 scietis

196 2779 258 2824 seu
288 2754 443 2835 casibus,
476 2755 521 2820 de
553 2753 680 2844 quibus
708 2752 765 2821 lex
793 2752 1038 2844 principaliter
1065 2753 1181 2845 loqui-

197 2870 266 2926 tur.
324 2856 376 2923 Ac
400 2855 586 2923 manifesta
609 2854 702 2922 ratio
727 2867 788 2922 est.
853 2855 950 2945 Quid
973 2854 1067 2921 enim
1092 2880 1181 2944 opas

197 2971 286 3028 esset
307 2956 415 3026 scribi
440 2957 552 3046 leges,
592 2956 622 3024 si
645 2955 819 3025 iudicibus
842 2982 903 3025 snei
927 2955 1181 3045 imaginatione

82 3143 98 3153 ‚
195 3084 335 3151 semper
357 3061 401 3125 ab
417 3057 467 3126 eis
483 3059 660 3126 discedere
678 3056 808 3127 liceret.
865 3057 912 3125 Et
937 3084 1016 3126 cum
1040 3084 1108 3126 vox
1129 3059 1180 3126 di·

196 3165 279 3231 vina
302 3161 498 3251 praecipiat
522 3159 666 3227 obedire
690 3160 973 3248 magistratibus,
1009 3173 1102 3229 certe
1119 3185 1182 3238 nef

195 3289 287 3335 cesse
305 3276 356 3332 est
374 3276 408 3332 et
423 3288 502 3331 voci
492 3262 602 3352 legis
620 3263 783 3346 obedire,
812 3287 902 3356 quae
923 3275 974 3332 est
992 3289 1061 3332 vox
1078 3288 1180 3354 supe-

193 3368 332 3436 riorum
350 3364 633 3455 magistratuum.

295 3469 348 3537 Ex
364 3465 432 3538 hac
448 3469 570 3557 regula
588 3467 738 3557 intelligi
759 3481 875 3559 potest
897 3438 1067 3536 dictum
1057 3493 1095 3535 m
1112 3467 1179 3536 Co-

194 3571 270 3641 dice
300 3575 344 3641 dc
372 3572 529 3642 iudiciis:
570 3571 741 3641 Placuit
731 3595 768 3637 m
793 3571 977 3653 omnibus,
1014 3571 1181 3654 iustitiae,

194 3672 453 3766 aequitatisque
468 3675 620 3764 scriptae
641 3671 817 3764 potiorem
842 3699 913 3743 csse
938 3673 1180 3757 autoritatem,

195 3800 303 3870 quam
332 3776 445 3843 stricti
477 3775 637 3870 iuris⁶²).
698 3771 871 3844 Prohibet
906 3777 1000 3845 enim
1035 3777 1091 3845 lex
1125 3801 1180 3844 ca-

194 3877 390 3946 lumniosas
409 3877 740 3967 interpretationes,
767 3879 888 3969 qualles
904 3879 1180 3948 innumerabiles

194 3980 353 4074 quotidie
372 3979 636 4069 excogitantur,
663 3978 777 4072 qualis
794 3993 846 4047 est
862 3981 940 4063 illa,
963 3983 1179 4073 quamreln-

192 4095 245 4151 tat
264 4083 388 4153 Cicero
405 4107 471 4173 pro
490 4082 660 4151 Corinna:
695 4081 777 4150 Non
792 4082 876 4150 eieci
893 4109 933 4151 ex
956 4086 1086 4166 lando,
1119 4086 1179 4153 sed

191 4182 381 4277 prohibui,
410 4211 453 4253 no
472 4198 590 4276 posset
606 4185 782 4254 accedere.
839 4185 922 4257 Non
941 4186 1047 4276 igitur
1064 4200 1180 4278 potest

193 4289 249 4378 agi
265 4288 453 4357 interdicto
463 4290 567 4359 Unde
583 4287 684 4383 via).
736 4285 968 4358 Interdictum
984 4302 1101 4359 autem
1122 4315 1179 4380 ge-

194 4446 400 4461 m

226 4547 294 4626 at)
293 4546 455 4599 aristotelis
473 4548 595 4600 verosi
608 4547 653 4596 ιιι.
672 4546 757 4628 reliq
770 4560 793 4598 c.
795 4543 848 4599 ιι
874 4549 937 4609 §.a
963 4550 1030 4598 naec
1054 4553 1132 4630 sapt.
1165 4514 1188 4596 ιΙ

260 4611 316 4698 μιν
334 4604 384 4665 oliv
408 4612 458 4665 τὸν
482 4613 571 4679 νόμον
594 4611 713 4666 κελεύων
737 4611 836 4701 ἄρχειν
853 4613 930 4667 δοκεῖ
945 4613 1101 4669 κελεύειν
1083 4632 1180 4683 opleta

259 4682 311 4736 τόν
328 4680 397 4734 θεὸν
414 4681 460 4733 not
479 4680 542 4740 ιοιις
561 4680 679 4766 νόμους,
705 4683 719 4732 5
739 4682 788 4734 ιιι
790 4681 935 4750 ternanos
957 4681 1076 4736 κελεύων
1093 4702 1178 4752 apoc-

260 4756 351 4815 τίθησι
369 4769 415 4802 κιιι
433 4756 548 4817 θηρίον
582 4747 597 4814 ἦ
619 4768 647 4802 τε
673 4749 728 4818 ylio
745 4751 892 4840 ἓπιουμιιι
917 4755 1060 4815 τοιοῦτον,
1092 4753 1137 4805 και
1164 4755 1177 4805 ιι

260 4820 352 4891 θυμός
371 4817 509 4888 (lexoviae
528 4819 686 4888 διαστρέφει
704 4819 750 4871 καὶ
768 4819 833 4880 rode
851 4822 981 4890 ἀρίστους
999 4821 1143 4890 ἄνδρας.

225 4927 273 4982 52)
295 4926 361 4976 cod.
380 4924 425 4977 111.
453 4925 496 4973 tit.
513 4926 535 4974 1
563 4925 664 4987 legess.
690 4923 786 4985 (Coro.
805 4926 859 4975 ιιιι.
877 4928 929 4978 civ.
949 4930 990 4978 ed.
1009 4931 1130 4980 BeckT.
1145 4930 1176 4979 11.

260 4994 322 5045 tal.
348 5009 372 5054 ιι.
389 4994 462 5050 355.)
482 4995 547 5041 haec
564 4988 709 5055 leguntur:
745 4993 866 5058 Placuit,
899 4998 925 5045 in
950 4999 1074 5047 omnituis
1096 5002 1178 5048 rebus

257 5064 433 5182 ppgiqcnipp'an
452 5064 517 5112 esse
535 5062 654 5110 iustitiae
671 5062 888 5129 aequitatisque,
907 5078 987 5128 quam
1002 5066 1092 5118 stricti
1109 5068 1179 5116 iuris

236 5224 239 5229 '
223 5228 271 5298 53)
223 5228 369 5284 53οιιιιιι
386 5230 439 5291 ri]
459 5228 709 5279 sonantmale.
728 5224 844 5281 struit
865 5231 1041 5291 ilervagiana
1060 5200 1178 5297 Operum

258 5301 315 5351 Cic.
333 5313 366 5349 ex
385 5312 496 5362 recogn.
516 5300 604 5348 loacli.
625 5298 778 5347 camerarii
798 5301 896 5358 (Basil.
918 5302 991 5354 taso.
1009 5305 1079 5367 Tot,
1099 5318 1177 5367 quani

257 5369 402 5432 descripsit
422 5369 509 5420 Orelli
535 5369 561 5415 in
579 5367 652 5417 Edit.
667 5368 791 5433 Operum
809 5368 865 5423 Cic.
891 5371 954 5422 Vol.
968 5371 1016 5421 vl.
1041 5387 1065 5436 p.
1085 5374 1176 5439 aab),

238 5437 337 5486 lectio
353 5440 467 5500 recepta
485 5441 543 5486 est:
568 5433 646 5485 ullae
665 5436 702 5485 ιιι.
722 5432 791 5496 (rid.
811 5432 891 5488 530.
910 5436 936 5500 S.
952 5436 995 5491 07.
1009 5434 1176 5505 inluserat.

463 218 663 293 SCRIPTA
686 218 762 290 ΡΗ.
788 215 901 291 MEL.
925 215 1000 289 ΑΙ)-
1018 215 1230 299 ETHICEN
1257 218 1323 291 ΕΤ
1348 217 1606 299 POLl‘l'lCEN
1632 219 1944 296 SPECTANTIA.

2139 221 2221 296 055

1231 391 1401 461 neraliter
1416 391 1624 462 violentiam
1641 390 1828 485 prohibet,
1859 395 1933 465 sive
1948 394 2010 464 fiat
2025 393 2064 463 in
2077 392 2221 463 eiicien-

1232 497 1300 578 do,
1328 494 1401 564 sive
1417 496 1479 564 fiat
1494 495 1532 563 in
1548 499 1703 565 arcendo
1717 511 1787 584 etc.

1334 596 1408 666 Nec
1433 598 1572 667 difficile
1596 611 1648 667 est
1672 598 1816 682 artifici,
1850 599 1948 670 cuius
1969 608 2099 669 natura
2122 609 2220 666 reeta

1233 710 1304 781 est,
1338 712 1522 769 clamans
1543 701 1722 784 veritatis,
1754 724 1829 772 non
1851 700 2141 782 cavillationum,
2167 700 2222 768 iu·

1233 801 1373 885 dicare,
1399 826 1492 895 quae
1508 803 1554 871 sit
1570 805 1807 888 calaminiosa,
1834 827 2028 897 quaerero
2053 803 2099 873 sit
2121 801 2221 893 prin-

1234 904 1355 994 cipalis
1371 904 1544 972 sententia
1562 905 1696 997 scripti.
1748 907 1797 975 Ut
1820 907 1928 996 igitur
1950 906 2007 974 lex
2029 906 2069 974 in
2085 904 2220 974 Codice

1233 1007 1400 1096 probibet
1418 1006 1655 1078 calumniosas
1678 1009 2008 1100 interpretationes,
2044 1033 2133 1101 quas
2156 1031 2222 1075 no-

1233 1108 1348 1178 minat
1367 1108 1420 1178 ius
1439 1110 1600 1179 strictum
1615 1109 1680 1207 ⁶⁴):
1709 1111 1757 1180 ita
1775 1123 1918 1179 econtra
1934 1111 2101 1178 nominat
2121 1109 2223 1179 iusti-

1234 1211 1321 1278 tiam
1348 1224 1382 1277 et
1404 1213 1639 1305 aequitatem,
1674 1213 1727 1283 ius
1750 1214 1941 1303 scriptum,
1974 1214 2095 1282 dextre
2118 1212 2223 1281 intel·

1233 1314 1362 1382 lectum
1379 1315 1416 1380 in
1431 1316 1603 1383 sententia
1622 1316 1823 1407 principali.
1874 1315 1948 1385 Nec
1968 1314 2145 1385 inerudite
2168 1315 2223 1384 di-

1235 1417 1344 1498 citur,
1356 1487 1358 1491 ,
1371 1418 1539 1508 scriptam
1554 1419 1770 1511 aequitatem
1787 1420 2003 1511 sequendam
2022 1443 2109 1502 esse,
2135 1418 2223 1512 quia

1234 1520 1443 1612 plerumque
1460 1520 1548 1589 illud
1566 1520 1701 1612 ipsum,
1726 1524 1824 1615 quod
1845 1521 2016 1610 scriptum
2038 1534 2090 1591 est
2114 1521 2154 1588 in
2178 1544 2223 1591 eo

1235 1646 1337 1703 casu,
1364 1624 1496 1715 dequo
1518 1624 1575 1691 lex
1596 1623 1842 1715 principaliter
1860 1624 2040 1717 loquitur,
2065 1624 2223 1694 maxime

1235 1736 1287 1793 est
1301 1725 1469 1816 aequale,
1494 1738 1529 1793 et
1542 1727 1691 1817 propius
1706 1726 1839 1795 rationi
1854 1727 2022 1795 naturali.
2073 1727 2125 1794 Ut
2146 1751 2223 1796 ma·

1234 1826 1327 1894 xime
1344 1828 1492 1920 aequale
1507 1842 1558 1898 est
1577 1843 1611 1897 et
1629 1830 1762 1897 rationi
1778 1841 2074 1912 consentaneum,
2099 1841 2141 1898 ut
2159 1828 2224 1923 qui

1235 1931 1378 2016 caedem
1396 1932 1557 2000 consulto
1577 1945 1612 2000 et
1628 1934 1829 2023 petulanter
1843 1932 1945 2013 secit,
1972 1931 2128 2001 vicissim
2146 1933 2223 2001 affi-

1235 2032 1348 2100 riatur
1356 2031 1402 2125 ⁶⁶)
1418 2057 1533 2122 poena
1550 2035 1704 2125 capitali.
1756 2033 1806 2103 lta
1824 2047 1876 2104 est
1891 2035 2085 2127 aequalitas
2100 2035 2224 2103 delicti

1236 2147 1271 2202 et
1285 2160 1435 2226 poenae.
1487 2135 1533 2203 Et
1548 2139 1603 2206 lex
1619 2134 1712 2206 hanc
1728 2162 1880 2228 poenam
1897 2138 2079 2220 sanciens,
2105 2137 2224 2231 loqui-

1235 2250 1294 2306 tur
1318 2237 1562 2328 principaliter
1582 2242 1625 2308 de
1646 2243 1751 2308 caede
1775 2242 1935 2311 consulto
1959 2252 1994 2308 et
2019 2241 2225 2331 petulanter

1233 2342 1336 2408 lacta.

1335 2442 1408 2509 Alii
1423 2442 1531 2510 vicini
1554 2469 1654 2513 casus
1678 2457 1779 2528 suut,
1811 2459 1853 2514 ut
1876 2448 1998 2516 caedes
2019 2445 2223 2515 inconsulto

1235 2557 1269 2612 et
1292 2570 1438 2636 prorsus
1465 2570 1548 2615 casu
1570 2550 1661 2615 sacta
1675 2546 1741 2642 56),
1776 2561 1837 2616 aut
1860 2547 1897 2615 in
1924 2550 2000 2617 rixa
2023 2548 2226 2618 inconside-

1233 2661 1312 2717 rato
1330 2648 1465 2739 impetu
1481 2650 1571 2716 facta
1581 2649 1639 2744 ⁶⁰).
1677 2648 1719 2719 ln
1735 2647 1788 2721 his
1804 2651 1941 2721 casibus
1958 2653 2064 2721 iudex
2079 2653 2225 2745 quaerit

1233 2751 1505 2840 mitigationem.
1558 2753 1654 2820 llaec
1671 2753 1746 2844 ipsa
1764 2753 1939 2844 mitigatio
1960 2780 2065 2845 saepe
2086 2755 2224 2846 scripta

1234 2867 1305 2935 cst,
1331 2854 1510 2923 interdum
1527 2868 1669 2924 nonest
1686 2856 1838 2946 scripta,
1864 2857 1926 2925 ubi
1951 2859 2075 2926 artilex
2102 2871 2225 2926 tamen

1234 2981 1275 3024 ex
1291 2957 1376 3025 artis
1391 2957 1548 3026 fontibus
1563 2982 1641 3025 eam
1657 2960 1776 3028 surriit.
1827 2958 1921 3027 Ac
1894 2985 1923 3030 ει
1941 2962 2085 3053 quando
2103 2961 2226 3031 ascri·

1232 3072 1295 3150 pto
1316 3059 1465 3127 discedit
1480 3058 1547 3152 ὕ7),
1581 3072 1702 3128 tamen
1723 3062 1804 3129 ideo
1827 3063 1993 3146 discedit,
2024 3062 2111 3156 quia
2127 3043 2229 3132 videt

1232 3164 1346 3252 legem
1362 3187 1437 3230 non
1452 3162 1699 3254 principaliter
1714 3165 1814 3257 loqui
1829 3166 1873 3233 de
1890 3162 1946 3235 bis
1962 3166 2113 3236 casibus.

1334 3264 1411 3333 Hoc
1442 3268 1552 3332 modo
1577 3265 1784 3336 Aristoteles
1814 3269 1980 3338 nominat
2011 3265 2224 3352 ἐπιείκειαν,

1232 3367 1354 3457 scripti
1390 3368 1668 3451 correctionem,
1722 3371 1805 3463 quia
1848 3372 2030 3440 interdum
2063 3383 2235 3462 potestas.

1217 3470 1374 3562 ¹quaerit
1392 3470 1654 3561 mitigationem
1679 3473 1859 3563 probabili
1881 3499 1984 3543 causa
2009 3482 2122 3543 extra'
2139 3473 2227 3543 scri-

1234 3585 1345 3662 ptum.
1382 3575 1430 3642 Ut
1447 3574 1502 3642 lex
1518 3587 1606 3656 erat,
1632 3587 1672 3643 ιιι
1684 3575 1941 3647 interficeretur
1956 3600 2123 3667 pugnans
2140 3600 2226 3647 con-a

1232 3688 1287 3743 tra
1315 3676 1497 3747 dictatoris
1526 3678 1728 3768 imperium.
1787 3679 1899 3747 Fabio
1923 3693 2044 3748 tamen
2059 3679 2224 3749 ¹remittit

1217 3804 1386 3869 ,poenam
1403 3780 1586 3870 Papirius,
1612 3792 1647 3848 et
1662 3782 1744 3874 quia
1759 3782 1863 3864 vicit,
1891 3794 1926 3851 et
1948 3783 2031 3878 quia
2052 3783 2220 3874 depreca-

1232 3894 1291 3950 tur
1306 3881 1527 3975 popldustt).
1579 3881 1654 3951 Lex
1670 3898 1748 3953 erat
1763 3881 1917 3967 Thebis,
1943 3910 1988 3955 ne
2003 3888 2075 3954 dux
2091 3887 2217 3955 retine·

1233 4022 1438 4038 *⁶⁸*—

1299 4113 1321 4151 c.
1341 4103 1439 4154 veriet.
1458 4104 1522 4154 leot.
1539 4103 1568 4153 in
1588 4105 1637 4153 Ed
1658 4104 2064 4167 otorantinam)
2107 4106 2222 4157 Plenior.
2248 4130 2270 4173 3

1299 4170 1418 4221 formula
1435 4178 1493 4222 est:
1525 4176 1602 4223 Unde
1625 4178 1654 4222 tu
1671 4174 1811 4239 deiecisti,
1837 4187 1870 4224 eo
1888 4176 2044 4241 restituas,
2062 4179 2157 4237 [conl.
2170 4176 2216 4243 ul.

1301 4238 1389 4293 tirell.
1409 4242 1471 4292 Vol.
1485 4243 1555 4293 viu.
1578 4256 1602 4310 ιι.
1621 4243 1705 4307 450..)
2245 4250 2250 4267 “

1264 4339 1472 4406 instratum]
1491 4344 1530 4394 sic
1547 4346 1815 4407 recteltdd.155‹l.‚
1837 4347 2061 4411 1557511500,
2079 4346 2129 4399 Ed.
2146 4330 2219 4398 1550.
2247 4346 2270 4391 ἱ

1299 4414 1439 4474 ιιιιιιιιιιιι.
1474 4415 1545 4463 illud
1563 4414 1633 4462 idem
1651 4418 1710 4473 est,
1736 4417 1806 4478 ιιιιοιι
1824 4429 1909 4478 supra
1932 4431 1957 4478 ιι.
1974 4416 2037 4468 050.
2062 4416 2260 4496 appetitam.
2249 4446 2270 4497 ,ξ

1300 4495 1432 4532 surranum
1453 4484 1512 4547 ius,
1538 4485 1614 4533 cilius
1633 4485 1741 4546 species
1757 4497 1842 4549 saepo
1858 4485 2022 4561 calumniosi
2039 4485 2184 4537 hominis·
2175 4498 2219 4543 ιιι-

1300 4552 1496 4613 terpretationi
1514 4553 1692 4613 praetexitur.
1727 4552 1730 4557 ’

1264 4654 1482 4773 55))ῒιιιιιιιιιιι]
1501 4657 1628 4709 ιιιιΕιιιι
1650 4655 1882 4728 1550.,1554.οι
1904 4632 2156 4747 1557.,1051500.
2177 4634 2226 4759 alf*
2247 4674 2270 4704 κ

1318 4736 1397 4777 cur.
2123 4762 2128 4775 .

1263 4824 1311 4943 50)
1330 4826 1513 4962 1055(οι153]
1538 4831 1664 4882 sieltdd.
1688 4832 1779 4894 1554,
1806 4831 1880 4882 1557.
1899 4835 1928 4881 et
1948 4818 2041 4894 150οι
2065 4831 2126 4882 -Ed,
2148 4830 2227 4883 105οε
2248 4836 2270 4889 Ν

1310 4909 1389 4946 aeae
1430 4913 1467 4946 ns

1263 4997 1468 5120 501οι015050]
1500 5002 1541 5051 sic
1564 5003 1614 5053 Ed.
1637 5003 1731 5062 -1.550,
1771 5002 1837 5055 aad.
1865 5004 1957 5094 1554,,
1987 5002 2065 5053 1557.
2090 5005 2122 5052 et
2148 5000 2223 5053 1500
2248 4970 2270 5025 t,

1318 5080 1408 5117 isoee
2251 5104 2254 5111 -

1263 5168 1311 5218 58)
1331 5169 1451 5227 Quum
1443 5184 1471 5219 m
1494 5168 1567 5220 bello
1593 5171 1742 5221 Samnitico
1767 5174 1888 5223 secundo
1911 5172 1943 5220 L.
1961 5170 2089 5233 rapinas
2113 5168 2222 5221 Cursor
2251 5192 2270 5221 ιι

1300 5237 1417 5287 dictator
1436 5253 1568 5289 reuersus
1593 5240 1620 5287 ιιι
1639 5241 1733 5289 urbem
1752 5244 1785 5290 ab
1804 5242 1926 5291 exercitu
1945 5243 2021 5289 esset
2036 5238 2153 5301 propter
2169 5250 2223 5288 au·

1297 5305 1386 5366 spicia
1403 5309 1567 5389 repetenda,
1597 5310 1628 5367 0.
1647 5309 1747 5358 Fabius
1765 5311 1910 5360 Rullianus
1937 5309 2073 5372 magister
2089 5258 2270 5371 equitum?

1264 5377 1442 5443 occasione
1470 5377 1512 5427 rei
1536 5379 1604 5425 bene
1628 5380 1780 5442 gereirdeo
1794 5379 1945 5441 invimus,
1979 5382 2078 5434 eontra
2104 5379 2222 5429 esiam
2253 5367 2270 5405 ⁸

1297 5436 1355 5492 elus
1377 5457 1402 5495 a.
1417 5445 1478 5498 ³24.
1495 5456 1520 5495 a.
1537 5445 1600 5496 Chr.
1620 5459 1754 5510 prospere
1771 5446 2064 5527 ιιιιιιιιιιειιιιιιιοιι
2076 5443 2270 5527 pugnsrlt.
2251 5432 2270 5477 ¹
