4544 5766
62 214 111 287 et
452 252 457 259 ·
627 208 656 285 l.
686 203 1037 285 mosonium
1061 197 1275 275 uouaus
1295 195 1525 271 EPITOME.
2038 200 2089 277 οξ

62 408 163 456 casm
178 379 348 455 nonnihil
364 383 592 455 inflectendus
607 406 693 467 esse,
720 395 842 453 umen
856 382 984 450 modus
1001 389 1054 448 est
1105 373 1303 444 liberantur
1317 396 1445 464 poena.
1494 369 1615 441 Sciens
1628 373 1850 446 voluntatem
1864 373 2023 458 domini,
2046 388 2083 445 et

60 488 139 559 eius
153 486 227 570 rei,
254 487 436 571 videlicet,
460 488 523 558 ubi
538 500 591 558 est
603 486 793 578 perspicua
808 497 844 555 et
858 481 1053 575 probabilis
1103 500 1179 545 non
1199 475 1351 559 faciens,
1381 473 1518 543 maiore
1549 499 1665 565 poena
1694 478 1885 563 afficiettu,
1910 479 2082 570 ignorans

56 590 173 660 ratio:
200 590 283 659 ideo
303 587 504 682 Imperator
527 589 566 658 iu
594 589 753 661 obscuris
771 587 931 659 materiis
952 585 1052 655 iussit
1102 580 1242 647 minore
1257 601 1374 669 poena
1390 577 1562 647 afficietur
1588 575 1691 672 (Luc.
1707 581 1775 662 12,
1790 580 1850 653 47.
1868 580 1960 674 48.).
2010 580 2081 651 Ex-

57 693 181 784 legum
196 705 233 763 et
250 693 440 787 aequitatis
455 692 748 764 diiudicatiouem
766 693 811 761 ad
829 715 864 759 se
878 689 1016 759 reterri.
1103 694 1228 751 cusant
1250 680 1427 751 inscitiam
1451 679 1616 749 nonnulli
1635 676 1705 750 hoc
1727 684 1840 755 dicto:
1871 686 2001 755 Sancta
2020 709 2081 754 ru-

716 850 725 868 ,
892 847 901 864 ,
1101 784 1250 866 sticitas,
1269 784 1346 853 .sed
1378 779 1573 853 Christiani
1603 784 1735 870 sciant,
1767 789 1977 858 mandatum
2009 786 2080 857 Dei

161 844 321 935 Quam
345 855 503 920 “w“
523 856 693 921 malum
710 839 949 943 ‘mmmmm‘
1101 910 1195 970 esse,
1218 897 1260 956 ut
1274 899 1367 954 recte
1384 896 1600 977 cognoscant
1613 885 1867 979 Evangelium,
1889 891 1987 984 quod
2000 891 2079 963 sine

161 980 353 1053 Humanae
375 982 468 1072 leges
491 982 647 1074 puniunt
677 978 878 1050 voluntaria
909 976 1048 1061 delicia,
1099 1012 1230 1081 magno
1257 989 1395 1072 studio,
1427 988 1660 1059 meditatione
1695 1004 1730 1060 et
1756 993 2079 1063 communicatione

57 1083 313 1154 involuntariis
331 1109 486 1178 poenam
513 1096 575 1154 aut
603 1108 749 1176 prorsus
774 1095 836 1152 aut
860 1105 989 1172 magna
1007 1105 1048 1149 ex
1099 1116 1180 1161 cum
1204 1091 1370 1174 eruditis,
1396 1091 1548 1181 intelligi
1569 1115 1645 1160 non
1665 1105 1799 1185 potest:
1828 1107 1863 1164 et
1877 1095 2004 1167 Pecu„
2024 1096 2079 1167 iu.

57 1200 161 1280 parit!
178 1188 380 1286 remittunt.
429 1186 476 1256 Εἰ
500 1187 543 1256 (le
566 1181 621 1257 his
644 1186 805 1257 civilibus
828 1184 971 1254 delecils
995 1182 1046 1250 (ll-
1096 1194 1158 1263 bei
1181 1207 1329 1287 paratos
1348 1219 1421 1265 esse
1444 1195 1490 1265 ad
1504 1195 1724 1265 reddendam
1738 1196 1916 1266 milonem
1931 1222 2079 1288 poscen-

56 1290 168 1360 citur:
212 1304 397 1383 peccatum
432 1315 507 1360 non
550 1314 623 1361 esse
640 1287 688 1384 ¹⁸)
726 1301 930 1381 peccatum,
978 1285 1047 1356 nisi
1098 1297 1278 1367 tibusert,
1306 1294 1647 1390 (1‚Pet1‚3,15,),
1697 1297 1999 1393 &Hieronymus
2024 1302 2079 1371 in.

55 1405 150 1463 esset
177 1393 435 1464 voluntarium.
493 1392 584 1463 Cum
618 1392 714 1461 enim
745 1392 838 1483 leges
866 1387 1045 1460 humanae
1097 1400 1192 1494 quit:
1217 1399 1346 1471 similia
1361 1412 1502 1491 peccata
1518 1423 1591 1469 esse
1607 1401 1703 1490 apud
1718 1398 1938 1473 Christianos
1955 1405 1999 1472 de
2015 1405 2079 1475 (10.

54 1497 245 1580 fetantur,
279 1509 320 1565 ut
349 1490 562 1565 coherceant
589 1491 771 1577 homines,
806 1517 848 1562 ea
878 1491 1046 1585 puniunt,
1096 1503 1233 1585 ctrina,
1259 1499 1420 1594 decipere
1438 1513 1473 1571 et
1489 1501 1615 1592 decipi.

56 1622 152 1692 quae
178 1596 298 1668 caveri
327 1611 496 1691 possunt,
529 1598 693 1666 videlicet
715 1595 930 1666 voluntaria.
987 1592 1044 1663 ln·
1198 1604 1373 1675 Secundo,
1450 1603 1524 1675 Nec
1563 1603 1652 1674 iuris
1684 1605 1847 1696 positivi,
1891 1631 1956 1676 nec
1994 1609 2078 1679 facti

57 1701 214 1770 tuendae
238 1714 322 1771 sunt
338 1700 447 1792 igitur
468 1726 593 1771 causae
618 1700 849 1783 delictorum,
881 1698 1046 1767 videlicet
1095 1706 1300 1798 ignorantia
1316 1707 1478 1775 affectata
1495 1719 1648 1780 excusat.
1697 1706 1762 1778 Est
1777 1723 1896 1781 autern
1913 1710 2079 1781 affectata

57 1803 232 1873 iudicium
255 1817 291 1873 et
305 1805 482 1873 voluntas.
531 1801 715 1875 Interdum
736 1801 858 1872 iudicii
874 1826 975 1871 error
990 1801 1043 1869 in·
1094 1809 1298 1900 ignorantia
1315 1809 1409 1893 eim,
1436 1810 1533 1902 quod
1553 1808 1702 1904 quisque
1720 1836 1801 1881 cum
1816 1813 1860 1881 de
1875 1812 1972 1895 iure,
2000 1824 2077 1883 tum

61 1906 162 1990 ‘ltili‘
190 1905 255 2000 qul
279 1919 332 1978 0⁸1
352 1906 568 1998 ignorantia.
619 1905 802 1976 Interdum
826 1904 991 1974 voluntas
1007 1902 1045 1970 Vi
1095 1913 1138 1981 de
1158 1913 1252 1981 facto
1276 1912 1365 1981 scire
1392 1923 1543 1982 tenetur.
1594 1910 1803 1985 Aristoteles
1824 1926 1970 1984 venuste
1996 1939 2075 1985 eam

61 2009 266 2101 impeditur.
317 2009 388 2079 Sed
402 2009 559 2101 primum
573 2010 618 2078 de
632 2007 836 2101 ignorantia
852 2006 1042 2076 (luendum
1095 2015 1277 2085 describit:
1302 2012 1528 2106 Ignorantia,
1555 2039 1664 2107 quam
1679 2016 1802 2087 volens
1817 2017 1947 2109 aliquis
1960 2041 2077 2087 accer-

56 2125 119 2183 est.
171 2112 315 2203 Duplex
331 2124 383 2181 est
397 2111 620 2202 ignorantia,
646 2111 715 2180 alia
730 2110 836 2192 iuris,
863 2107 1044 2192 allafaclh
1093 2117 1157 2201 sit,
1182 2142 1258 2187 nou
1276 2128 1437 2200 excusat,
1463 2118 1591 2186 sedest
1605 2119 1830 2208 perversitas.
1875 2119 1932 2189 Sic
1949 2133 1985 2189 et
1996 2121 2078 2189 uni·

55 2229 95 2285 ut
117 2215 243 2306 regula
271 2215 405 2309 inquit:
438 2212 643 2306 Ignorantia
665 2213 750 2284 facti
777 2237 853 2282 nou
877 2211 965 2283 iuris
985 2236 1044 2280 ex·
1093 2220 1239 2290 versalis
1268 2218 1490 2310 ignorantia,
1521 2215 1592 2287 hoc
1616 2232 1686 2305 est,
1720 2246 1801 2291 cum
1827 2216 1920 2291 nihil
1950 2248 2075 2292 eorum

55 2332 167 2388 cruat.
221 2316 291 2388 Sed
316 2313 399 2388 huic
419 2319 562 2408 regulae
584 2317 747 2387 addenda
764 2329 816 2386 est
830 2313 1042 2407 interpreta-
1093 2322 1241 2407 scimus,
1275 2346 1366 2417 quae
1389 2321 1493 2391 nobis
1521 2324 1656 2413 agenda
1681 2337 1775 2394 sunt.
1817 2323 1956 2395 Deinde
1980 2326 2079 2397 iubet

56 2422 117 2491 tio.
171 2420 267 2491 Nam
286 2446 403 2515 neque
418 2446 557 2514 semper
573 2433 715 2490 excusat
728 2421 812 2489 facti
827 2417 1042 2510 ignorantia,
1093 2424 1246 2497 iudicem
1273 2425 1402 2518 punire
1433 2425 1696 2515 ignorantiam,
1724 2427 1755 2496 si
1777 2427 1856 2519 quis
1879 2428 1949 2497 sibi
1971 2452 2076 2499 caum

56 2537 89 2593 et
103 2522 341 2594 discernenda
361 2536 413 2593 est
428 2524 516 2595 iuris
533 2523 746 2614 ignorantia.
797 2521 961 2592 Primum
977 2519 1041 2610 igi·
1094 2540 1146 2597 est
1165 2526 1400 2617 ignorantiae.
1450 2526 1507 2597 Sic
1522 2526 1599 2617 ipse
1615 2527 1816 2598 affectatam
1834 2530 2077 2621 ignorantiam

57 2639 112 2696 tur
142 2625 343 2698 sciendum·
360 2640 430 2712 est,
463 2626 646 2697 neminem
678 2650 805 2695 sanum
840 2648 879 2693 ea
914 2634 1041 2703 aetate,
1092 2629 1269 2700 describit.
1329 2628 1447 2698 Verba
1469 2628 1603 2722 eius¹⁰)
1629 2625 1717 2698 haec
1745 2644 1845 2700 sunt:
1881 2631 1928 2704 οὐ
1950 2629 2075 2731 γὰρὴ

58 2752 146 2822 quae
177 2727 338 2800 iudicare
367 2742 505 2821 potest,
538 2728 697 2800 excusari
726 2725 928 2818 ignorantia
953 2724 1041 2796 iuris
1092 2732 1133 2804 ἐν
1158 2735 1205 2825 τῇ
1226 2729 1433 2827 προαιρέσει
1464 2728 1620 2828 ἄγνοια,
1653 2731 1754 2802 etate
1782 2737 1851 2803 τοῦ
1878 2730 2077 2824 ἀκουσίου,

58 2831 244 2903 naturalis.
306 2829 391 2901 Ideo
425 2832 544 2927 inquit
575 2831 801 2913 Aristoteles,
844 2827 1040 2898 excusabile
1092 2830 1185 2905 ἀλλὰ
1204 2837 1269 2926 τῆς
1289 2825 1517 2926 μοχθηρίας,
1545 2825 1633 2904 οὐδὲ
1661 2827 1684 2926 ἡ
1708 2828 1889 2909 καθόλου,
1948 2832 2073 2932 ltaque

57 2959 145 3020 esse,
177 2934 211 3005 si
239 2935 320 3031 quis
345 2948 439 3006 erret
465 2935 503 3005 in
524 2936 680 3027 legibus,
711 2929 780 3004 hoc
803 2945 872 3016 est,
905 2932 943 3000 in
964 2931 1041 3001 iure
1091 2961 1166 3005 nou
1188 2947 1329 3006 excusat
1351 2935 1502 3005 iudicem
1527 2935 1730 3024 ignorantia
1751 2936 1857 3020 iuris,
1885 2940 1982 3030 quod
2006 2964 2075 3030 pro

57 3036 224 3129 positivo.
275 3036 410 3122 Verum
432 3063 507 3107 non
525 3064 598 3108 esse
620 3035 836 3119 excusabile,
861 3034 891 3105 si
906 3034 985 3128 quis
1002 3034 1041 3103 in
1092 3038 1208 3108 officio
1232 3061 1297 3108 suo
1322 3037 1410 3107 scire
1434 3048 1594 3119 tenetur,
1620 3060 1685 3105 nec
1700 3035 1747 3130 ¹⁸)
1773 3038 1991 3129 litigatorem
2016 3067 2074 3111 ex-

56 3164 93 3209 eo
108 3141 191 3211 iure
209 3154 326 3225 erret,
350 3143 447 3234 quod
464 3141 536 3233 ipse
551 3153 655 3211 vocat
668 3140 839 3231 primum,
859 3137 896 3206 id
914 3149 978 3221 est,
1001 3137 1041 3205 in
1092 3154 1190 3212 cusat
1205 3141 1291 3212 iuris
1306 3137 1520 3232 ignorantia,
1542 3138 1639 3235 quod
1656 3140 1701 3207 ad
1717 3164 1818 3209 suam
1835 3165 1976 3211 eausam
1993 3167 2073 3234 per·

56 3242 210 3314 naturali
227 3243 317 3314 iure.
367 3243 423 3315 Ad
438 3246 589 3315 eundem
603 3244 752 3313 modum
767 3240 968 3332 ignorantia
987 3238 1040 3310 iu·
1091 3247 1201 3328 tinet,
1226 3257 1267 3313 ut
1287 3243 1456 3312 Scaevola
1479 3241 1578 3312 dixit.
1627 3240 1749 3334 Turpe
1773 3255 1826 3312 est
1850 3245 1929 3314 viro
1947 3245 2074 3329 nobili,

56 3346 98 3417 ris
127 3346 252 3417 divini
278 3360 430 3417 excusat.
488 3348 580 3418 Nam
607 3359 642 3416 et
663 3346 719 3415 lex
740 3344 887 3414 moralis
911 3355 963 3412 est
985 3341 1039 3412 ius
1091 3361 1126 3417 et
1141 3350 1187 3417 ad
1211 3369 1333 3416 causas
1353 3343 1533 3414 accedenti
1553 3344 1608 3413 ius
1630 3344 1816 3435 ignorare,
1843 3347 1880 3415 in
1903 3373 1975 3441 quo
1997 3373 2075 3418 ver·

57 3462 218 3532 naturae,
232 3463 275 3519 ut
289 3474 397 3542 supra
415 3449 620 3521 dictumest.
645 3448 784 3517 Deinde
793 3445 1038 3536 ueEvangelio
1090 3464 1207 3532 satur,
1231 3449 1294 3519 sed
1309 3448 1421 3540 excipi
1438 3448 1554 3516 solent
1577 3446 1621 3514 ab
1638 3441 1708 3515 hoc
1728 3448 1841 3538 gradu
1854 3450 2024 3520 mulieres
2039 3464 2074 3520 et

56 3551 420 3623 extatseverissimurn
429 3566 658 3645 praeceptum
676 3550 742 3620 toti
759 3549 898 3641 generis
913 3544 1039 3618 huma·
1090 3553 1239 3635 milites,
1265 3551 1394 3644 quibus
1410 3573 1512 3618 error
1526 3548 1613 3617 iuris
1633 3551 1877 3634 condonatur,
1903 3577 1970 3622 nec
1987 3553 2072 3622 arti-

58 3656 299 3738 notraditum,
309 3655 384 3747 ipsa
399 3681 485 3725 voce
502 3654 639 3727 aeterni
654 3653 776 3746 patris,
784 3652 847 3745 qui
862 3651 979 3744 inquit
995 3652 1038 3720 de
1090 3657 1188 3740 fices,
1215 3666 1255 3722 ut
1274 3648 1506 3735 architectos,
1531 3650 1707 3734 medicos,
1734 3664 1796 3722 aut
1820 3654 1909 3726 alios
1931 3669 2074 3726 excusat

62 3753 197 3829 (histo
209 3756 316 3851 (Inue.
333 3757 371 3841 9,
383 3755 480 3854 85.);
507 3758 574 3828 Hic
588 3770 640 3827 est
652 3757 743 3827 filius
758 3780 858 3825 meus
873 3754 1037 3823 dilectus:
1090 3759 1177 3828 artis
1192 3755 1351 3839 inscitia,
1377 3755 1451 3823 imo
1467 3753 1611 3823 artificis
1624 3753 1803 3847 imperitia
1821 3758 2074 3850 eulpae-annu-

59 3854 146 3931 bnm
177 3860 316 3931 audite.
366 3857 467 3931 Iubet
486 3885 609 3931 omues
630 3855 811 3931 Christum
835 3879 1037 3948 agnoscere,
1088 3872 1267 3942 metatur,
1293 3870 1334 3927 ut
1364 3857 1481 3951 inquit
1512 3855 1634 3928 Celsus
1659 3859 1698 3926 in
1723 3857 1877 3950 Digestis
1897 3861 1940 3929 de
1964 3862 2073 3930 actio-

59 3964 176 4034 eteius
191 3962 406 4033 beneficium
422 3964 591 4055 accipere.
631 3959 786 4056 Ideoque
801 3959 1037 4051 Evangelium
1088 3965 1192 4035 nibus
1206 3958 1379 4054 locatiss).

58 4067 95 4135 Ie
109 4062 261 4137 Christo
276 4090 438 4158 sparsum
452 4078 505 4135 est
520 4066 556 4134 iu
578 4078 693 4135 totum
709 4065 832 4133 orbem
848 4077 1037 4133 terrarum.
1189 4065 1263 4135 Nec
1278 4075 1420 4132 excusat
1440 4061 1643 4152 ignorantia
1663 4062 1808 4131 infacto
1825 4065 1993 4155 proprio,
2020 4075 2072 4145 ut,

59 4167 249 4239 Neminem
283 4167 391 4259 igitur
424 4181 567 4239 excusat
605 4167 808 4258 ignorantia
842 4163 1037 4255 Evangelii.
1089 4168 1119 4238 si
1144 4169 1223 4262 quis
1247 4165 1489 4234 venditionem
1509 4189 1611 4234 suam
1633 4164 1831 4234 rescindere
1856 4165 1960 4247 velit,
1988 4166 2071 4259 qnia

60 4271 247 4343 {heterum
264 4295 385 4340 sacrae
398 4271 522 4340 literae
536 4271 726 4342 discrimen
744 4269 889 4365 aliquod
904 4268 1039 4336 faciunt
1089 4283 1193 4340 antea
1217 4293 1302 4339 suae
1321 4267 1447 4336 mercis
1462 4266 1616 4359 pretium
1634 4276 1695 4333 aut
1714 4265 1922 4356 dignitatem
1940 4268 2072 4338 nescie-

61 4373 147 4447 teter
168 4398 253 4457 eos,
282 4374 344 4467 qui
369 4387 517 4465 peccant
536 4374 704 4456 scientes,
731 4372 880 4453 stilles,
904 4371 968 4465 qui
986 4370 1037 4439 la·
1072 4374 1147 4442 ¹rit.
1199 4371 1265 4439 Hic
1289 4368 1467 4438 venditori
1497 4364 1587 4436 nihil
1616 4367 1762 4457 prodest
1789 4367 1943 4460 allegare
1971 4371 2073 4462 igno-

61 4476 188 4549 bnntnr
220 4475 435 4568 ignorantia.
492 4475 562 4547 Sed
591 4490 711 4546 tamen
738 4474 942 4566 ignorantes
963 4496 1039 4546 non
1088 4475 1263 4557 tantiam,
1290 4474 1380 4542 sicut
1394 4470 1511 4565 inquit
1525 4481 1655 4539 tentus:
1683 4467 1767 4540 Non
1782 4471 1916 4556 stultis,
1940 4475 2003 4544 sed
2017 4498 2072 4543 er·

1089 4578 1250 4647 rantibus
1264 4597 1426 4645 succurre
1443 4570 1502 4666 ⁹⁸).

120 4690 192 4743 que
210 4672 479 4736 numeniacum
502 4672 544 4722 stc
566 4672 700 4735 expttcct:
724 4663 757 4724 eci
774 4667 829 4789 γάρ
847 4665 878 4720 ἔκ
894 4667 976 4754 tetur
996 4666 1038 4718 tt·
1188 4677 1328 4749 Tertio.
1379 4673 1443 4743 Est
1464 4675 1639 4767 quaedam
1657 4673 1852 4764 probabilis
1869 4675 2069 4766 ignorantia

120 4750 185 4799 Μ
202 4741 253 4795 καὶ
271 4743 337 4799 lune
354 4740 560 4806 συντιθεμένων
577 4737 624 4790 καὶ
640 4735 804 4806 ἄαεαθυνομ
821 4753 878 4788 νων
900 4755 916 4800 ιι
934 4735 1037 4788 καλου-

120 4815 194 4937 ptn
210 4804 672 4947 Λέσβροςλοίξοοδορρὴιᾴἑρδομεῗοῷ
683 4805 789 4930 cigognis
804 4804 860 4942 reip
874 4802 1040 4927 'aguiAitppdtg
1088 4783 1191 4864 facil,
1217 4782 1290 4851 sive
1315 4774 1471 4869 proprii,
1487 4775 1571 4923 :ive
1588 4775 1716 4875 alle-fils,
1738 4801 1830 4870 quae
1849 4773 1957 4849 habet
1970 4804 2073 4852 exm.

171 4897 322 4940 ηαςτους
402 4895 479 4937 ece
548 4893 620 4929 σιοι
674 4893 823 4929 noceor.
855 4892 909 4929 v.
947 4889 961 4926 r
1000 4889 1037 4927 o.
1145 4885 1153 4900 ·
1333 4880 1341 4895 ⁰
1405 4880 1413 4895 ⁰
1600 4879 1608 4896 ·
1821 4880 1831 4897 ·

124 4901 214 5005 fik
231 4951 334 5003 mm
351 4950 416 5000 mm
432 4949 467 5000 X
487 4950 529 5002 θα.
572 4948 626 5001 ἰ.
644 4896 778 5000 uacauit.
810 4948 859 4997 m
876 4947 902 4999 2.
925 4944 1037 4996 VM·
1088 4898 1281 4966 satronem,
1308 4879 1471 4949 videlicet
1518 4876 1951 4973 ),s1qultnesc1atea,
1979 4909 2073 4978 quae

126 5021 265 5084 [umbi
289 5019 382 5079 tm]
404 5032 431 5080 p.
449 5017 530 5082 m).
570 5020 704 5068 brunus
729 5016 824 5068 [tuter.
848 5029 881 5066 cx
903 5016 954 5064 troo
976 5016 1037 5064 loeo

124 5092 251 5156 mgtun
270 5088 396 5152 procudit
411 5087 498 5151 Δάας.
523 5088 550 5151 l,
574 5086 606 5146 b,
630 5085 672 5138 98.
700 5083 756 5150 (ed.
775 5084 869 5137 colon.
889 5084 965 5136 1640.
989 5084 1036 5137 tol.
1124 5086 1171 5142 tt]
1189 5083 1264 5144 οἰω]
1283 5082 1364 5133 esen
1379 5079 1408 5130 ln
1426 5079 1475 5131 Ed.
1496 5078 1570 5131 tw.

124 5174 150 5225 p.
169 5156 262 5224 uode
286 5158 394 5209 Lutto
415 5157 535 5222 cuuto,
559 5155 631 5218 quod
653 5155 814 5216 murpatnn
835 5166 899 5203 esse
922 5153 988 5202 dtett
1003 5152 1037 5200 dc
1121 5154 1171 5210 πο)
1188 5154 1253 5211 uec]
1272 5150 1313 5202 sle
1330 5150 1379 5201 Ed
1401 5150 1492 5211 totos
1516 5146 1566 5199 Ed
1583 5147 1656 5198 toto.
1675 5158 1715 5197 eo.

126 5232 208 5280 retu
231 5228 412 5291 praepostere
436 5225 537 5289 faetta,
564 5224 610 5274 ubl
635 5234 689 5272 non
712 5222 748 5273 etl
769 5221 903 5273 rationem
924 5222 1037 5284 lectuna,
1120 5219 1387 5283 astrigerum.
1407 5216 1484 5268 tttt.
1504 5214 1753 5277 conuenerunt,
1775 5215 1829 5283 leg.
1842 5215 1867 5267 9.
1887 5214 1915 5279 ς.
1929 5216 1954 5268 b.
1974 5215 2071 5285 (corp.

127 5300 172 5349 nt
187 5298 227 5348 td
245 5298 349 5346 oman
373 5295 445 5344 ratio
468 5293 693 5343 accommodatur.
734 5289 789 5342 sod
807 5290 909 5341 nullm
926 5292 1037 5354 meter
1155 5291 1207 5340 tur.
1224 5290 1278 5342 etv.
1296 5288 1337 5339 ed
1356 5287 1428 5337 Beck
1446 5285 1477 5335 ’1.
1494 5284 1514 5338 t
1533 5283 1565 5333 Ρ.
1581 5285 1601 5333 t
1619 5297 1644 5345 p.
1661 5281 1744 5347 m).

128 5368 195 5418 hc
210 5366 303 5417 lon·
322 5365 445 5428 protulit.
865 5398 870 5419 ,
1120 5358 1169 5422 n)
1191 5358 1346 5414 araceum]
1365 5355 1405 5404 stc
1423 5353 1472 5403 Ed.
1494 5352 1584 5412 totta
1610 5350 1660 5400 ut.
1681 5351 1754 5401 toto.
1774 5364 1944 5405 succuum.

104 5432 234 5496 mm]
251 5435 296 5484 uc
311 5434 361 5483 uu.
381 5433 476 5492 rosea
499 5430 549 5480 re.
570 5429 644 5481 csso.
662 5433 748 5483 eam.
874 5414 878 5421 '
1124 5428 1174 5487 aa)
1194 5426 1333 5485 vueuoet]
1352 5423 1395 5473 αα
1410 5422 1460 5472 ra.
1482 5421 1574 5485 uem
1596 5420 1646 5471 re.
1666 5419 1740 5471 sm.
1758 5423 1789 5471 uc
1805 5419 1942 5472 mooe

82 5512 239 5586 Ιιωτε.
255 5517 364 5583 0eru.
396 5518 480 5581 von.
497 5515 586 5578 xvt.
1432 5491 1456 5561 6
