<?xml version="1.0" encoding="UTF-8"?>
<!DOCTYPE html PUBLIC "-//W3C//DTD XHTML 1.0 Transitional//EN"
    "http://www.w3.org/TR/xhtml1/DTD/xhtml1-transitional.dtd">
<html xmlns="http://www.w3.org/1999/xhtml" xml:lang="en" lang="en">
 <head>
  <title>
</title>
<meta http-equiv="Content-Type" content="text/html;charset=utf-8" />
  <meta name='ocr-system' content='tesseract 3.04.00' />
  <meta name='ocr-capabilities' content='ocr_page ocr_carea ocr_par ocr_line ocrx_word'/>
</head>
<body>
  <div class='ocr_page' id='page_1' title='image "./corpusreformato12melagoog/corpusreformato12melagoog_0121.png"; bbox 0 0 4544 5766; ppageno 0'>
   <div class='ocr_carea' id='block_1_1' title="bbox 195 158 2223 267">
    <p class='ocr_par' dir='ltr' id='par_1_1' title="bbox 195 158 2223 267">
     <span class='ocr_line' id='line_1_1' title="bbox 195 158 2223 267; baseline -0.005 -3"><span class='ocrx_word' id='word_1_1' title='bbox 195 191 268 267; x_wconf 76' lang='lat'><strong>211</strong></span> <span class='ocrx_word' id='word_1_2' title='bbox 481 180 916 260; x_wconf 70' lang='lat' dir='ltr'><strong>scalperentur.</strong></span> <span class='ocrx_word' id='word_1_3' title='bbox 939 168 1006 257; x_wconf 81' lang='lat' dir='ltr'><strong>au</strong></span> <span class='ocrx_word' id='word_1_4' title='bbox 1025 169 1234 257; x_wconf 70' lang='lat' dir='ltr'><strong>nnuma</strong></span> <span class='ocrx_word' id='word_1_5' title='bbox 1257 184 1324 258; x_wconf 78' lang='lat' dir='ltr'><strong>ar</strong></span> <span class='ocrx_word' id='word_1_6' title='bbox 1342 174 1930 259; x_wconf 66' lang='lat' dir='ltr'><strong>nonnata-serenarum</strong></span> <span class='ocrx_word' id='word_1_7' title='bbox 1973 158 1979 168; x_wconf 80' lang='lat'>‘</span> <span class='ocrx_word' id='word_1_8' title='bbox 2128 158 2223 254; x_wconf 70' lang='lat' dir='ltr'><strong>ere</strong></span> 
     </span>
    </p>
   </div>
   <div class='ocr_carea' id='block_1_2' title="bbox 84 342 2262 4943">
    <p class='ocr_par' dir='ltr' id='par_1_2' title="bbox 198 342 2225 661">
     <span class='ocr_line' id='line_1_2' title="bbox 299 342 2225 453; baseline -0.004 -23"><span class='ocrx_word' id='word_1_9' title='bbox 299 361 505 430; x_wconf 81' lang='lat' dir='ltr'><strong>Postremus</strong></span> <span class='ocrx_word' id='word_1_10' title='bbox 521 361 651 450; x_wconf 89' lang='lat' dir='ltr'><strong>gradus</strong></span> <span class='ocrx_word' id='word_1_11' title='bbox 665 372 736 443; x_wconf 88' lang='lat' dir='ltr'><strong>est,</strong></span> <span class='ocrx_word' id='word_1_12' title='bbox 764 361 826 453; x_wconf 91' lang='lat' dir='ltr'><strong>qui</strong></span> <span class='ocrx_word' id='word_1_13' title='bbox 849 372 902 430; x_wconf 90' lang='lat' dir='ltr'><strong>est</strong></span> <span class='ocrx_word' id='word_1_14' title='bbox 924 360 1092 452; x_wconf 92' lang='lat' dir='ltr'><strong>proprius</strong></span> <span class='ocrx_word' id='word_1_15' title='bbox 1113 357 1185 427; x_wconf 86' lang='lat' dir='ltr'><strong>vir-</strong></span> <span class='ocrx_word' id='word_1_16' title='bbox 1236 361 1287 430; x_wconf 87' lang='lat' dir='ltr'><strong>ris</strong></span> <span class='ocrx_word' id='word_1_17' title='bbox 1300 359 1498 451; x_wconf 78' lang='lat' dir='ltr'><strong>dispositis,</strong></span> <span class='ocrx_word' id='word_1_18' title='bbox 1524 342 1685 431; x_wconf 80' lang='lat' dir='ltr'><strong>servatur</strong></span> <span class='ocrx_word' id='word_1_19' title='bbox 1706 354 1991 426; x_wconf 75' lang='lat' dir='ltr'><strong>differentiarum</strong></span> <span class='ocrx_word' id='word_1_20' title='bbox 2015 352 2225 446; x_wconf 80' lang='lat' dir='ltr'><strong>aequalitas,</strong></span> 
     </span>
     <span class='ocr_line' id='line_1_3' title="bbox 198 454 2224 551; baseline -0.005 -19"><span class='ocrx_word' id='word_1_21' title='bbox 198 464 302 547; x_wconf 90' lang='lat' dir='ltr'><strong>tutis,</strong></span> <span class='ocrx_word' id='word_1_22' title='bbox 329 464 391 533; x_wconf 93' lang='lat' dir='ltr'><strong>ubi</strong></span> <span class='ocrx_word' id='word_1_23' title='bbox 411 488 485 532; x_wconf 91' lang='lat' dir='ltr'><strong>non</strong></span> <span class='ocrx_word' id='word_1_24' title='bbox 510 474 605 530; x_wconf 91' lang='lat' dir='ltr'><strong>errat</strong></span> <span class='ocrx_word' id='word_1_25' title='bbox 627 462 798 532; x_wconf 92' lang='lat' dir='ltr'><strong>iudicium</strong></span> <span class='ocrx_word' id='word_1_26' title='bbox 825 476 860 532; x_wconf 89' lang='lat' dir='ltr'><strong>et</strong></span> <span class='ocrx_word' id='word_1_27' title='bbox 881 465 1047 534; x_wconf 87' lang='lat' dir='ltr'><strong>voluntas</strong></span> <span class='ocrx_word' id='word_1_28' title='bbox 1061 462 1184 544; x_wconf 87' lang='lat' dir='ltr'><strong>libere,</strong></span> <span class='ocrx_word' id='word_1_29' title='bbox 1237 476 1278 533; x_wconf 94' lang='lat' dir='ltr'><strong>ut</strong></span> <span class='ocrx_word' id='word_1_30' title='bbox 1294 465 1328 535; x_wconf 76' lang='grc' dir='ltr'><strong>δ.</strong></span> <span class='ocrx_word' id='word_1_31' title='bbox 1347 460 1382 534; x_wconf 82' lang='grc'><strong>5.</strong></span> <span class='ocrx_word' id='word_1_32' title='bbox 1398 461 1433 533; x_wconf 85' lang='grc'><strong>7.</strong></span> <span class='ocrx_word' id='word_1_33' title='bbox 1450 461 1485 532; x_wconf 89' lang='grc'><strong>9.</strong></span> <span class='ocrx_word' id='word_1_34' title='bbox 1536 461 1584 528; x_wconf 87' lang='lat' dir='ltr'><strong>Hi</strong></span> <span class='ocrx_word' id='word_1_35' title='bbox 1600 460 1742 530; x_wconf 86' lang='lat' dir='ltr'><strong>numeri</strong></span> <span class='ocrx_word' id='word_1_36' title='bbox 1763 459 1894 551; x_wconf 79' lang='lat' dir='ltr'><strong>singuli</strong></span> <span class='ocrx_word' id='word_1_37' title='bbox 1914 457 2048 526; x_wconf 91' lang='lat' dir='ltr'><strong>distant</strong></span> <span class='ocrx_word' id='word_1_38' title='bbox 2067 454 2224 526; x_wconf 87' lang='lat' dir='ltr'><strong>binario.</strong></span> 
     </span>
     <span class='ocr_line' id='line_1_4' title="bbox 200 556 2225 661; baseline -0.005 -25"><span class='ocrx_word' id='word_1_39' title='bbox 200 567 287 636; x_wconf 89' lang='lat' dir='ltr'><strong>etin</strong></span> <span class='ocrx_word' id='word_1_40' title='bbox 304 567 383 634; x_wconf 89' lang='lat' dir='ltr'><strong>loco</strong></span> <span class='ocrx_word' id='word_1_41' title='bbox 400 565 497 656; x_wconf 86' lang='lat' dir='ltr'><strong>eligit</strong></span> <span class='ocrx_word' id='word_1_42' title='bbox 511 565 756 655; x_wconf 87' lang='lat' dir='ltr'><strong>congruentia.</strong></span> <span class='ocrx_word' id='word_1_43' title='bbox 1236 567 1284 634; x_wconf 86' lang='lat' dir='ltr'><strong>At</strong></span> <span class='ocrx_word' id='word_1_44' title='bbox 1299 565 1511 657; x_wconf 82' lang='lat' dir='ltr'><strong>geometrica</strong></span> <span class='ocrx_word' id='word_1_45' title='bbox 1529 560 1710 661; x_wconf 73' lang='grc' dir='ltr'><em>ἀναλογία</em></span> <span class='ocrx_word' id='word_1_46' title='bbox 1726 574 1796 647; x_wconf 89' lang='lat' dir='ltr'><strong>est,</strong></span> <span class='ocrx_word' id='word_1_47' title='bbox 1822 561 1885 631; x_wconf 91' lang='lat' dir='ltr'><strong>ubi</strong></span> <span class='ocrx_word' id='word_1_48' title='bbox 1906 584 1982 628; x_wconf 91' lang='lat' dir='ltr'><strong>non</strong></span> <span class='ocrx_word' id='word_1_49' title='bbox 2005 556 2225 627; x_wconf 83' lang='lat' dir='ltr'><strong>differentia-</strong></span> 
     </span>
    </p>

    <p class='ocr_par' dir='ltr' id='par_1_3' title="bbox 243 665 2226 851">
     <span class='ocr_line' id='line_1_5' title="bbox 243 665 2226 759; baseline -0.009 -13"><span class='ocrx_word' id='word_1_50' title='bbox 243 692 250 703; x_wconf 86' lang='lat'><em>&#39;</em></span> <span class='ocrx_word' id='word_1_51' title='bbox 718 732 726 749; x_wconf 87' lang='lat'><strong>.</strong></span> <span class='ocrx_word' id='word_1_52' title='bbox 1236 693 1336 753; x_wconf 89' lang='lat' dir='ltr'><strong>rum,</strong></span> <span class='ocrx_word' id='word_1_53' title='bbox 1362 670 1423 738; x_wconf 91' lang='lat' dir='ltr'><strong>sed</strong></span> <span class='ocrx_word' id='word_1_54' title='bbox 1443 667 1721 759; x_wconf 85' lang='lat' dir='ltr'><strong>proportionum</strong></span> <span class='ocrx_word' id='word_1_55' title='bbox 1744 665 1940 757; x_wconf 79' lang='lat' dir='ltr'><strong>aequalitas</strong></span> <span class='ocrx_word' id='word_1_56' title='bbox 1965 672 2147 745; x_wconf 85' lang='lat' dir='ltr'><strong>servatur,</strong></span> <span class='ocrx_word' id='word_1_57' title='bbox 2182 673 2226 729; x_wconf 91' lang='lat' dir='ltr'><strong>ut</strong></span> 
     </span>
     <span class='ocr_line' id='line_1_6' title="bbox 516 734 2224 851; baseline -0.005 -8"><span class='ocrx_word' id='word_1_58' title='bbox 516 734 577 803; x_wconf 64' lang='lat' dir='ltr'><strong>De</strong></span> <span class='ocrx_word' id='word_1_59' title='bbox 610 735 867 804; x_wconf 54' lang='lat' dir='ltr'><strong>medfflale&#39;</strong></span> <span class='ocrx_word' id='word_1_60' title='bbox 1237 771 1327 841; x_wconf 87' lang='lat' dir='ltr'><strong>sicut</strong></span> <span class='ocrx_word' id='word_1_61' title='bbox 1347 795 1383 840; x_wconf 89' lang='lat' dir='ltr'><strong>se</strong></span> <span class='ocrx_word' id='word_1_62' title='bbox 1407 767 1541 839; x_wconf 88' lang='lat' dir='ltr'><strong>habent</strong></span> <span class='ocrx_word' id='word_1_63' title='bbox 1570 765 1662 836; x_wconf 79' lang='lat' dir='ltr'><strong>9‘ad</strong></span> <span class='ocrx_word' id='word_1_64' title='bbox 1686 767 1728 851; x_wconf 77' lang='grc'><strong>3,</strong></span> <span class='ocrx_word' id='word_1_65' title='bbox 1758 768 1808 836; x_wconf 90' lang='lat' dir='ltr'><strong>sic</strong></span> <span class='ocrx_word' id='word_1_66' title='bbox 1830 792 1867 837; x_wconf 88' lang='lat' dir='ltr'><strong>se</strong></span> <span class='ocrx_word' id='word_1_67' title='bbox 1889 762 2023 834; x_wconf 90' lang='lat' dir='ltr'><strong>habent</strong></span> <span class='ocrx_word' id='word_1_68' title='bbox 2046 766 2095 837; x_wconf 76' lang='lat'><strong>12</strong></span> <span class='ocrx_word' id='word_1_69' title='bbox 2118 764 2164 832; x_wconf 93' lang='lat' dir='ltr'><strong>ad</strong></span> <span class='ocrx_word' id='word_1_70' title='bbox 2183 760 2224 847; x_wconf 84' lang='lat'><strong>4,</strong></span> 
     </span>
    </p>

    <p class='ocr_par' dir='ltr' id='par_1_4' title="bbox 197 867 2227 2299">
     <span class='ocr_line' id='line_1_7' title="bbox 300 867 1926 968; baseline -0.003 -25"><span class='ocrx_word' id='word_1_71' title='bbox 300 872 436 943; x_wconf 88' lang='lat' dir='ltr'><strong>Natura</strong></span> <span class='ocrx_word' id='word_1_72' title='bbox 448 884 576 941; x_wconf 91' lang='lat' dir='ltr'><strong>notum</strong></span> <span class='ocrx_word' id='word_1_73' title='bbox 591 884 655 952; x_wconf 91' lang='lat' dir='ltr'><strong>est,</strong></span> <span class='ocrx_word' id='word_1_74' title='bbox 670 869 919 938; x_wconf 86' lang='lat' dir='ltr'><strong>rectitudinem</strong></span> <span class='ocrx_word' id='word_1_75' title='bbox 932 869 970 937; x_wconf 93' lang='lat' dir='ltr'><strong>in</strong></span> <span class='ocrx_word' id='word_1_76' title='bbox 987 867 1184 938; x_wconf 86' lang='lat' dir='ltr'><strong>actionibus</strong></span> <span class='ocrx_word' id='word_1_77' title='bbox 1238 874 1320 968; x_wconf 90' lang='lat' dir='ltr'><strong>quia</strong></span> <span class='ocrx_word' id='word_1_78' title='bbox 1335 873 1526 966; x_wconf 84' lang='lat' dir='ltr'><strong>utrobique</strong></span> <span class='ocrx_word' id='word_1_79' title='bbox 1538 870 1644 961; x_wconf 90' lang='lat' dir='ltr'><strong>tripla</strong></span> <span class='ocrx_word' id='word_1_80' title='bbox 1661 871 1848 961; x_wconf 86' lang='lat' dir='ltr'><strong>proportio</strong></span> <span class='ocrx_word' id='word_1_81' title='bbox 1864 879 1926 939; x_wconf 88' lang='lat' dir='ltr'><strong>est.</strong></span> 
     </span>
     <span class='ocr_line' id='line_1_8' title="bbox 199 965 2227 1066; baseline -0.005 -22"><span class='ocrx_word' id='word_1_82' title='bbox 199 971 384 1057; x_wconf 88' lang='lat' dir='ltr'><strong>humanis,</strong></span> <span class='ocrx_word' id='word_1_83' title='bbox 412 973 681 1066; x_wconf 81' lang='lat' dir='ltr'><strong>congruentiam</strong></span> <span class='ocrx_word' id='word_1_84' title='bbox 693 973 887 1041; x_wconf 84' lang='lat' dir='ltr'><strong>voluntatis</strong></span> <span class='ocrx_word' id='word_1_85' title='bbox 911 996 983 1042; x_wconf 89' lang='lat' dir='ltr'><strong>esse</strong></span> <span class='ocrx_word' id='word_1_86' title='bbox 1004 972 1184 1062; x_wconf 88' lang='lat' dir='ltr'><strong>eum-lege</strong></span> <span class='ocrx_word' id='word_1_87' title='bbox 1337 975 1439 1044; x_wconf 86' lang='lat' dir='ltr'><strong>Hanc</strong></span> <span class='ocrx_word' id='word_1_88' title='bbox 1460 973 1633 1066; x_wconf 85' lang='lat' dir='ltr'><strong>puerilem</strong></span> <span class='ocrx_word' id='word_1_89' title='bbox 1656 971 1856 1041; x_wconf 86' lang='lat' dir='ltr'><strong>doctrinam</strong></span> <span class='ocrx_word' id='word_1_90' title='bbox 1885 968 2051 1038; x_wconf 90' lang='lat' dir='ltr'><strong>omnibus</strong></span> <span class='ocrx_word' id='word_1_91' title='bbox 2082 965 2227 1037; x_wconf 89' lang='lat' dir='ltr'><strong>notissi-</strong></span> 
     </span>
     <span class='ocr_line' id='line_1_9' title="bbox 197 1069 2227 1169; baseline -0.004 -23"><span class='ocrx_word' id='word_1_92' title='bbox 197 1090 368 1160; x_wconf 89' lang='lat' dir='ltr'><strong>naturae,</strong></span> <span class='ocrx_word' id='word_1_93' title='bbox 396 1101 487 1169; x_wconf 90' lang='lat' dir='ltr'><strong>quae</strong></span> <span class='ocrx_word' id='word_1_94' title='bbox 502 1090 553 1145; x_wconf 89' lang='lat' dir='ltr'><strong>est</strong></span> <span class='ocrx_word' id='word_1_95' title='bbox 568 1077 628 1144; x_wconf 90' lang='lat' dir='ltr'><strong>lux</strong></span> <span class='ocrx_word' id='word_1_96' title='bbox 643 1075 776 1159; x_wconf 87' lang='lat' dir='ltr'><strong>divina,</strong></span> <span class='ocrx_word' id='word_1_97' title='bbox 802 1074 980 1144; x_wconf 91' lang='lat' dir='ltr'><strong>mentibus</strong></span> <span class='ocrx_word' id='word_1_98' title='bbox 994 1070 1184 1144; x_wconf 90' lang='lat' dir='ltr'><strong>hominum</strong></span> <span class='ocrx_word' id='word_1_99' title='bbox 1235 1102 1334 1147; x_wconf 90' lang='lat' dir='ltr'><strong>mam</strong></span> <span class='ocrx_word' id='word_1_100' title='bbox 1359 1102 1432 1147; x_wconf 90' lang='lat' dir='ltr'><strong>esse</strong></span> <span class='ocrx_word' id='word_1_101' title='bbox 1457 1086 1609 1168; x_wconf 85' lang='lat' dir='ltr'><strong>oportet.</strong></span> <span class='ocrx_word' id='word_1_102' title='bbox 1676 1073 1725 1143; x_wconf 83' lang='lat' dir='ltr'><strong>Et</strong></span> <span class='ocrx_word' id='word_1_103' title='bbox 1748 1097 1852 1165; x_wconf 88' lang='lat' dir='ltr'><strong>saepe</strong></span> <span class='ocrx_word' id='word_1_104' title='bbox 1876 1069 2040 1142; x_wconf 87' lang='lat' dir='ltr'><strong>homines</strong></span> <span class='ocrx_word' id='word_1_105' title='bbox 2060 1070 2158 1138; x_wconf 90' lang='lat' dir='ltr'><strong>docti</strong></span> <span class='ocrx_word' id='word_1_106' title='bbox 2179 1070 2227 1138; x_wconf 90' lang='lat' dir='ltr'><strong>ad</strong></span> 
     </span>
     <span class='ocr_line' id='line_1_10' title="bbox 198 1171 2226 1266; baseline -0.003 -19"><span class='ocrx_word' id='word_1_107' title='bbox 198 1180 323 1263; x_wconf 89' lang='lat' dir='ltr'><strong>insita,</strong></span> <span class='ocrx_word' id='word_1_108' title='bbox 369 1180 558 1249; x_wconf 89' lang='lat' dir='ltr'><strong>ostendens</strong></span> <span class='ocrx_word' id='word_1_109' title='bbox 600 1177 764 1248; x_wconf 89' lang='lat' dir='ltr'><strong>ordinem</strong></span> <span class='ocrx_word' id='word_1_110' title='bbox 803 1178 1073 1246; x_wconf 86' lang='lat' dir='ltr'><strong>convenientem</strong></span> <span class='ocrx_word' id='word_1_111' title='bbox 1102 1202 1183 1246; x_wconf 91' lang='lat' dir='ltr'><strong>cum</strong></span> <span class='ocrx_word' id='word_1_112' title='bbox 1236 1176 1325 1248; x_wconf 88' lang='lat' dir='ltr'><strong>haec</strong></span> <span class='ocrx_word' id='word_1_113' title='bbox 1353 1179 1558 1250; x_wconf 89' lang='lat' dir='ltr'><strong>discrimina</strong></span> <span class='ocrx_word' id='word_1_114' title='bbox 1590 1178 1775 1258; x_wconf 90' lang='lat' dir='ltr'><strong>alludunt,</strong></span> <span class='ocrx_word' id='word_1_115' title='bbox 1808 1189 1867 1260; x_wconf 90' lang='lat' dir='ltr'><strong>ut,</strong></span> <span class='ocrx_word' id='word_1_116' title='bbox 1900 1176 1934 1245; x_wconf 90' lang='lat' dir='ltr'><strong>si·</strong></span> <span class='ocrx_word' id='word_1_117' title='bbox 1952 1171 2118 1266; x_wconf 83' lang='lat' dir='ltr'><strong>lulius¹⁸)</strong></span> <span class='ocrx_word' id='word_1_118' title='bbox 2148 1172 2226 1242; x_wconf 89' lang='lat' dir='ltr'><strong>sine</strong></span> 
     </span>
     <span class='ocr_line' id='line_1_11' title="bbox 199 1274 2225 1376; baseline -0.003 -25"><span class='ocrx_word' id='word_1_119' title='bbox 199 1296 344 1351; x_wconf 88' lang='lat' dir='ltr'><strong>aeterna</strong></span> <span class='ocrx_word' id='word_1_120' title='bbox 367 1306 496 1350; x_wconf 90' lang='lat' dir='ltr'><strong>norma</strong></span> <span class='ocrx_word' id='word_1_121' title='bbox 517 1281 646 1350; x_wconf 91' lang='lat' dir='ltr'><strong>mentis</strong></span> <span class='ocrx_word' id='word_1_122' title='bbox 668 1279 821 1349; x_wconf 89' lang='lat' dir='ltr'><strong>divinae.</strong></span> <span class='ocrx_word' id='word_1_123' title='bbox 878 1276 1002 1374; x_wconf 89' lang='lat' dir='ltr'><strong>ltaque</strong></span> <span class='ocrx_word' id='word_1_124' title='bbox 1024 1279 1183 1348; x_wconf 88' lang='lat' dir='ltr'><strong>definitio</strong></span> <span class='ocrx_word' id='word_1_125' title='bbox 1236 1295 1398 1376; x_wconf 89' lang='lat' dir='ltr'><strong>respectu</strong></span> <span class='ocrx_word' id='word_1_126' title='bbox 1419 1293 1653 1374; x_wconf 83' lang='lat' dir='ltr'><strong>personarum</strong></span> <span class='ocrx_word' id='word_1_127' title='bbox 1678 1278 1854 1349; x_wconf 87' lang='lat' dir='ltr'><strong>divideret</strong></span> <span class='ocrx_word' id='word_1_128' title='bbox 1881 1279 2064 1348; x_wconf 83' lang='lat' dir='ltr'><strong>facultates</strong></span> <span class='ocrx_word' id='word_1_129' title='bbox 2092 1274 2225 1344; x_wconf 87' lang='lat' dir='ltr'><strong>civium</strong></span> 
     </span>
     <span class='ocr_line' id='line_1_12' title="bbox 199 1377 2227 1480; baseline -0.003 -27"><span class='ocrx_word' id='word_1_130' title='bbox 199 1386 340 1454; x_wconf 91' lang='lat' dir='ltr'><strong>virtutis</strong></span> <span class='ocrx_word' id='word_1_131' title='bbox 363 1385 469 1474; x_wconf 87' lang='lat' dir='ltr'><strong>plana</strong></span> <span class='ocrx_word' id='word_1_132' title='bbox 496 1397 531 1452; x_wconf 90' lang='lat' dir='ltr'><strong>et</strong></span> <span class='ocrx_word' id='word_1_133' title='bbox 553 1384 740 1476; x_wconf 88' lang='lat' dir='ltr'><strong>perspicua</strong></span> <span class='ocrx_word' id='word_1_134' title='bbox 762 1377 849 1450; x_wconf 87' lang='lat' dir='ltr'><strong>haee</strong></span> <span class='ocrx_word' id='word_1_135' title='bbox 874 1395 942 1451; x_wconf 88' lang='lat' dir='ltr'><strong>est:</strong></span> <span class='ocrx_word' id='word_1_136' title='bbox 987 1381 1109 1451; x_wconf 89' lang='lat' dir='ltr'><strong>Virtus</strong></span> <span class='ocrx_word' id='word_1_137' title='bbox 1133 1395 1185 1451; x_wconf 91' lang='lat' dir='ltr'><strong>est</strong></span> <span class='ocrx_word' id='word_1_138' title='bbox 1237 1387 1450 1480; x_wconf 90' lang='lat' dir='ltr'><strong>aequaliter,</strong></span> <span class='ocrx_word' id='word_1_139' title='bbox 1484 1397 1519 1453; x_wconf 90' lang='lat' dir='ltr'><strong>et</strong></span> <span class='ocrx_word' id='word_1_140' title='bbox 1549 1383 1688 1476; x_wconf 90' lang='lat' dir='ltr'><strong>aequali</strong></span> <span class='ocrx_word' id='word_1_141' title='bbox 1720 1406 1871 1451; x_wconf 89' lang='lat' dir='ltr'><strong>numero</strong></span> <span class='ocrx_word' id='word_1_142' title='bbox 1910 1383 2012 1450; x_wconf 89' lang='lat' dir='ltr'><strong>daret</strong></span> <span class='ocrx_word' id='word_1_143' title='bbox 2042 1378 2166 1446; x_wconf 88' lang='lat' dir='ltr'><strong>intimo</strong></span> <span class='ocrx_word' id='word_1_144' title='bbox 2191 1390 2227 1446; x_wconf 91' lang='lat' dir='ltr'><strong>et</strong></span> 
     </span>
     <span class='ocr_line' id='line_1_13' title="bbox 201 1480 2227 1577; baseline -0.003 -21"><span class='ocrx_word' id='word_1_145' title='bbox 201 1486 403 1556; x_wconf 89' lang='lat' dir='ltr'><strong>obedientia</strong></span> <span class='ocrx_word' id='word_1_146' title='bbox 419 1486 625 1569; x_wconf 85' lang='lat' dir='ltr'><strong>voluntatis,</strong></span> <span class='ocrx_word' id='word_1_147' title='bbox 642 1508 841 1575; x_wconf 83' lang='lat' dir='ltr'><strong>congruens</strong></span> <span class='ocrx_word' id='word_1_148' title='bbox 857 1510 936 1553; x_wconf 92' lang='lat' dir='ltr'><strong>cum</strong></span> <span class='ocrx_word' id='word_1_149' title='bbox 952 1486 1027 1576; x_wconf 91' lang='lat' dir='ltr'><strong>lege</strong></span> <span class='ocrx_word' id='word_1_150' title='bbox 1042 1485 1184 1567; x_wconf 90' lang='lat' dir='ltr'><strong>morali,</strong></span> <span class='ocrx_word' id='word_1_151' title='bbox 1237 1513 1395 1558; x_wconf 91' lang='lat' dir='ltr'><strong>summo:</strong></span> <span class='ocrx_word' id='word_1_152' title='bbox 1413 1483 1501 1556; x_wconf 89' lang='lat' dir='ltr'><strong>haee</strong></span> <span class='ocrx_word' id='word_1_153' title='bbox 1516 1498 1604 1556; x_wconf 84' lang='lat' dir='ltr'><strong>esset</strong></span> <span class='ocrx_word' id='word_1_154' title='bbox 1620 1483 1816 1577; x_wconf 86' lang='lat' dir='ltr'><strong>aequalitas</strong></span> <span class='ocrx_word' id='word_1_155' title='bbox 1833 1480 2054 1553; x_wconf 87' lang='lat' dir='ltr'><strong>arithmetica</strong></span> <span class='ocrx_word' id='word_1_156' title='bbox 2071 1503 2227 1572; x_wconf 88' lang='lat' dir='ltr'><strong>propor-</strong></span> 
     </span>
     <span class='ocr_line' id='line_1_14' title="bbox 201 1582 2223 1684; baseline -0.004 -26"><span class='ocrx_word' id='word_1_157' title='bbox 201 1615 308 1684; x_wconf 89' lang='lat' dir='ltr'><strong>quam</strong></span> <span class='ocrx_word' id='word_1_158' title='bbox 324 1602 358 1660; x_wconf 90' lang='lat' dir='ltr'><strong>et</strong></span> <span class='ocrx_word' id='word_1_159' title='bbox 379 1588 510 1658; x_wconf 91' lang='lat' dir='ltr'><strong>indidit</strong></span> <span class='ocrx_word' id='word_1_160' title='bbox 522 1589 618 1658; x_wconf 90' lang='lat' dir='ltr'><strong>Deus</strong></span> <span class='ocrx_word' id='word_1_161' title='bbox 639 1584 843 1658; x_wconf 89' lang='lat' dir='ltr'><strong>hominibus</strong></span> <span class='ocrx_word' id='word_1_162' title='bbox 861 1588 899 1655; x_wconf 93' lang='lat' dir='ltr'><strong>in</strong></span> <span class='ocrx_word' id='word_1_163' title='bbox 925 1587 1122 1671; x_wconf 87' lang='lat' dir='ltr'><strong>creatione,</strong></span> <span class='ocrx_word' id='word_1_164' title='bbox 1150 1600 1186 1656; x_wconf 91' lang='lat' dir='ltr'><strong>et</strong></span> <span class='ocrx_word' id='word_1_165' title='bbox 1236 1591 1345 1661; x_wconf 90' lang='lat' dir='ltr'><strong>tione.</strong></span> <span class='ocrx_word' id='word_1_166' title='bbox 1396 1589 1444 1659; x_wconf 83' lang='lat' dir='ltr'><strong>At</strong></span> <span class='ocrx_word' id='word_1_167' title='bbox 1455 1588 1501 1684; x_wconf 81' lang='lat'><strong>¹⁴)</strong></span> <span class='ocrx_word' id='word_1_168' title='bbox 1523 1589 1552 1659; x_wconf 90' lang='lat' dir='ltr'><strong>si</strong></span> <span class='ocrx_word' id='word_1_169' title='bbox 1565 1587 1643 1679; x_wconf 89' lang='lat' dir='ltr'><strong>plns</strong></span> <span class='ocrx_word' id='word_1_170' title='bbox 1660 1587 1761 1655; x_wconf 89' lang='lat' dir='ltr'><strong>daret</strong></span> <span class='ocrx_word' id='word_1_171' title='bbox 1775 1587 1953 1671; x_wconf 90' lang='lat' dir='ltr'><strong>senatori,</strong></span> <span class='ocrx_word' id='word_1_172' title='bbox 1972 1606 2080 1681; x_wconf 85' lang='lat' dir='ltr'><strong>quam</strong></span> <span class='ocrx_word' id='word_1_173' title='bbox 2095 1582 2223 1651; x_wconf 85' lang='lat' dir='ltr'><strong>infimo</strong></span> 
     </span>
     <span class='ocr_line' id='line_1_15' title="bbox 199 1683 2225 1785; baseline -0 -25"><span class='ocrx_word' id='word_1_174' title='bbox 199 1706 321 1785; x_wconf 87' lang='lat' dir='ltr'><strong>postea</strong></span> <span class='ocrx_word' id='word_1_175' title='bbox 344 1692 539 1761; x_wconf 79' lang='lat' dir='ltr'><strong>manifestis</strong></span> <span class='ocrx_word' id='word_1_176' title='bbox 568 1689 781 1759; x_wconf 89' lang='lat' dir='ltr'><strong>testimoniis</strong></span> <span class='ocrx_word' id='word_1_177' title='bbox 809 1689 847 1756; x_wconf 95' lang='lat' dir='ltr'><strong>in</strong></span> <span class='ocrx_word' id='word_1_178' title='bbox 870 1688 1027 1758; x_wconf 85' lang='lat' dir='ltr'><strong>Ecclesia</strong></span> <span class='ocrx_word' id='word_1_179' title='bbox 1056 1689 1185 1779; x_wconf 91' lang='lat' dir='ltr'><strong>repeti·</strong></span> <span class='ocrx_word' id='word_1_180' title='bbox 1237 1694 1317 1776; x_wconf 85' lang='lat' dir='ltr'><strong>civi,</strong></span> <span class='ocrx_word' id='word_1_181' title='bbox 1333 1689 1422 1762; x_wconf 90' lang='lat' dir='ltr'><strong>haec</strong></span> <span class='ocrx_word' id='word_1_182' title='bbox 1437 1705 1527 1761; x_wconf 88' lang='lat' dir='ltr'><strong>esset</strong></span> <span class='ocrx_word' id='word_1_183' title='bbox 1542 1689 1736 1784; x_wconf 87' lang='lat' dir='ltr'><strong>aequalitas</strong></span> <span class='ocrx_word' id='word_1_184' title='bbox 1751 1689 1963 1778; x_wconf 86' lang='lat' dir='ltr'><strong>geometrica</strong></span> <span class='ocrx_word' id='word_1_185' title='bbox 1975 1683 2225 1782; x_wconf 76' lang='grc' dir='ltr'><em>ἀναλογίᾳ”).</em></span> 
     </span>
     <span class='ocr_line' id='line_1_16' title="bbox 199 1787 2224 1890; baseline -0.004 -27"><span class='ocrx_word' id='word_1_186' title='bbox 199 1796 252 1864; x_wconf 86' lang='lat' dir='ltr'><strong>vit</strong></span> <span class='ocrx_word' id='word_1_187' title='bbox 263 1790 322 1890; x_wconf 66' lang='grc'><strong>11).’</strong></span> <span class='ocrx_word' id='word_1_188' title='bbox 389 1792 525 1863; x_wconf 87' lang='lat' dir='ltr'><strong>Eadem</strong></span> <span class='ocrx_word' id='word_1_189' title='bbox 549 1817 696 1885; x_wconf 87' lang='lat' dir='ltr'><strong>prorsus</strong></span> <span class='ocrx_word' id='word_1_190' title='bbox 717 1805 770 1861; x_wconf 89' lang='lat' dir='ltr'><strong>est</strong></span> <span class='ocrx_word' id='word_1_191' title='bbox 791 1792 964 1860; x_wconf 88' lang='lat' dir='ltr'><strong>sententia</strong></span> <span class='ocrx_word' id='word_1_192' title='bbox 990 1792 1182 1860; x_wconf 88' lang='lat' dir='ltr'><strong>verborum</strong></span> <span class='ocrx_word' id='word_1_193' title='bbox 1236 1796 1333 1864; x_wconf 90' lang='lat' dir='ltr'><strong>Haec</strong></span> <span class='ocrx_word' id='word_1_194' title='bbox 1357 1794 1487 1877; x_wconf 91' lang='lat' dir='ltr'><strong>recito,</strong></span> <span class='ocrx_word' id='word_1_195' title='bbox 1523 1793 1607 1887; x_wconf 90' lang='lat' dir='ltr'><strong>quia</strong></span> <span class='ocrx_word' id='word_1_196' title='bbox 1631 1792 1735 1861; x_wconf 89' lang='lat' dir='ltr'><strong>Plato</strong></span> <span class='ocrx_word' id='word_1_197' title='bbox 1759 1803 1794 1858; x_wconf 90' lang='lat' dir='ltr'><strong>et</strong></span> <span class='ocrx_word' id='word_1_198' title='bbox 1814 1787 1984 1860; x_wconf 89' lang='lat' dir='ltr'><strong>Isocrates</strong></span> <span class='ocrx_word' id='word_1_199' title='bbox 2006 1791 2151 1872; x_wconf 89' lang='lat' dir='ltr'><strong>dicunt,</strong></span> <span class='ocrx_word' id='word_1_200' title='bbox 2186 1787 2224 1856; x_wconf 91' lang='lat' dir='ltr'><strong>in</strong></span> 
     </span>
     <span class='ocr_line' id='line_1_17' title="bbox 197 1890 2226 1992; baseline -0.011 -24"><span class='ocrx_word' id='word_1_201' title='bbox 197 1897 409 1968; x_wconf 78' lang='lat' dir='ltr'><strong>Aristotelis.</strong></span> <span class='ocrx_word' id='word_1_202' title='bbox 459 1897 529 1965; x_wconf 88' lang='lat' dir='ltr'><strong>Sed</strong></span> <span class='ocrx_word' id='word_1_203' title='bbox 545 1897 691 1964; x_wconf 87' lang='lat' dir='ltr'><strong>modum</strong></span> <span class='ocrx_word' id='word_1_204' title='bbox 708 1893 930 1962; x_wconf 86' lang='lat' dir='ltr'><strong>obedientiae</strong></span> <span class='ocrx_word' id='word_1_205' title='bbox 951 1894 1047 1963; x_wconf 91' lang='lat' dir='ltr'><strong>illius</strong></span> <span class='ocrx_word' id='word_1_206' title='bbox 1070 1893 1185 1985; x_wconf 85' lang='lat' dir='ltr'><strong>expri-</strong></span> <span class='ocrx_word' id='word_1_207' title='bbox 1236 1898 1418 1992; x_wconf 71' lang='lat' dir='ltr'><strong>republica</strong></span> <span class='ocrx_word' id='word_1_208' title='bbox 1455 1895 1705 1991; x_wconf 71' lang='lat' dir='ltr'><strong>aequalitatem</strong></span> <span class='ocrx_word' id='word_1_209' title='bbox 1737 1893 1988 1986; x_wconf 67' lang='lat' dir='ltr'><strong>geometricam</strong></span> <span class='ocrx_word' id='word_1_210' title='bbox 2025 1890 2226 1962; x_wconf 59' lang='lat' dir='ltr'><strong>custodiam.</strong></span> 
     </span>
     <span class='ocr_line' id='line_1_18' title="bbox 197 1996 1678 2091; baseline -0.005 -22"><span class='ocrx_word' id='word_1_211' title='bbox 197 2001 267 2069; x_wconf 91' lang='lat' dir='ltr'><strong>mit</strong></span> <span class='ocrx_word' id='word_1_212' title='bbox 288 1998 513 2081; x_wconf 80' lang='lat' dir='ltr'><strong>Aristoteles,</strong></span> <span class='ocrx_word' id='word_1_213' title='bbox 545 1996 710 2091; x_wconf 88' lang='lat' dir='ltr'><strong>inquiens</strong></span> <span class='ocrx_word' id='word_1_214' title='bbox 737 2016 814 2064; x_wconf 90' lang='lat' dir='ltr'><strong>eam</strong></span> <span class='ocrx_word' id='word_1_215' title='bbox 849 2021 922 2066; x_wconf 86' lang='lat' dir='ltr'><strong>esse</strong></span> <span class='ocrx_word' id='word_1_216' title='bbox 944 1996 1184 2080; x_wconf 89' lang='lat' dir='ltr'><strong>medietatem,</strong></span> <span class='ocrx_word' id='word_1_217' title='bbox 1237 2003 1320 2071; x_wconf 77' lang='lat' dir='ltr'><strong>dam</strong></span> <span class='ocrx_word' id='word_1_218' title='bbox 1345 2024 1430 2070; x_wconf 77' lang='lat' dir='ltr'><strong>esse.</strong></span> <span class='ocrx_word' id='word_1_219' title='bbox 1675 2036 1678 2043; x_wconf 91' lang='lat'>·</span> 
     </span>
     <span class='ocr_line' id='line_1_19' title="bbox 198 2092 2226 2192; baseline -0.003 -23"><span class='ocrx_word' id='word_1_220' title='bbox 198 2103 321 2184; x_wconf 90' lang='lat' dir='ltr'><strong>idest,</strong></span> <span class='ocrx_word' id='word_1_221' title='bbox 346 2100 514 2169; x_wconf 88' lang='lat' dir='ltr'><strong>reducere</strong></span> <span class='ocrx_word' id='word_1_222' title='bbox 533 2101 675 2168; x_wconf 82' lang='lat' dir='ltr'><strong>allectus</strong></span> <span class='ocrx_word' id='word_1_223' title='bbox 699 2111 735 2167; x_wconf 90' lang='lat' dir='ltr'><strong>et</strong></span> <span class='ocrx_word' id='word_1_224' title='bbox 757 2108 874 2169; x_wconf 88' lang='lat' dir='ltr'><strong>motus</strong></span> <span class='ocrx_word' id='word_1_225' title='bbox 899 2122 1021 2168; x_wconf 89' lang='lat' dir='ltr'><strong>omnes</strong></span> <span class='ocrx_word' id='word_1_226' title='bbox 1043 2098 1088 2166; x_wconf 90' lang='lat' dir='ltr'><strong>ad</strong></span> <span class='ocrx_word' id='word_1_227' title='bbox 1112 2124 1185 2167; x_wconf 92' lang='lat' dir='ltr'><strong>me·</strong></span> <span class='ocrx_word' id='word_1_228' title='bbox 1338 2100 1390 2171; x_wconf 92' lang='lat' dir='ltr'><strong>lta</strong></span> <span class='ocrx_word' id='word_1_229' title='bbox 1405 2115 1440 2171; x_wconf 89' lang='lat' dir='ltr'><strong>et</strong></span> <span class='ocrx_word' id='word_1_230' title='bbox 1455 2101 1493 2169; x_wconf 91' lang='lat' dir='ltr'><strong>in</strong></span> <span class='ocrx_word' id='word_1_231' title='bbox 1501 2100 1616 2170; x_wconf 87' lang='lat' dir='ltr'><strong>Paulo</strong></span> <span class='ocrx_word' id='word_1_232' title='bbox 1632 2104 1668 2174; x_wconf 73' lang='grc'><strong>2.</strong></span> <span class='ocrx_word' id='word_1_233' title='bbox 1680 2092 1842 2169; x_wconf 88' lang='lat' dir='ltr'><strong>Corinth.</strong></span> <span class='ocrx_word' id='word_1_234' title='bbox 1852 2098 1888 2180; x_wconf 84' lang='lat'><strong>8,</strong></span> <span class='ocrx_word' id='word_1_235' title='bbox 1906 2096 1983 2192; x_wconf 81' lang='lat'>(13.</span> <span class='ocrx_word' id='word_1_236' title='bbox 2002 2094 2226 2190; x_wconf 54' lang='grc'><strong>14116111-</strong></span> 
     </span>
     <span class='ocr_line' id='line_1_20' title="bbox 200 2196 2225 2299; baseline -0.003 -26"><span class='ocrx_word' id='word_1_237' title='bbox 200 2203 436 2273; x_wconf 88' lang='lat' dir='ltr'><strong>diocritatem.</strong></span> <span class='ocrx_word' id='word_1_238' title='bbox 1240 2206 1322 2275; x_wconf 90' lang='lat' dir='ltr'><strong>litas</strong></span> <span class='ocrx_word' id='word_1_239' title='bbox 1346 2203 1559 2296; x_wconf 87' lang='lat' dir='ltr'><strong>geometrica</strong></span> <span class='ocrx_word' id='word_1_240' title='bbox 1576 2196 1760 2299; x_wconf 80' lang='grc' dir='ltr'><em>ἀναλογίᾳ</em></span> <span class='ocrx_word' id='word_1_241' title='bbox 1785 2200 1975 2294; x_wconf 89' lang='lat' dir='ltr'><strong>constituta</strong></span> <span class='ocrx_word' id='word_1_242' title='bbox 2002 2197 2225 2289; x_wconf 85' lang='lat' dir='ltr'><strong>intelligitur,</strong></span> 
     </span>
    </p>

    <p class='ocr_par' dir='ltr' id='par_1_5' title="bbox 300 2296 2224 2402">
     <span class='ocr_line' id='line_1_21' title="bbox 300 2296 2224 2402; baseline -0.003 -28"><span class='ocrx_word' id='word_1_243' title='bbox 300 2305 397 2374; x_wconf 86' lang='lat' dir='ltr'><strong>Haec</strong></span> <span class='ocrx_word' id='word_1_244' title='bbox 419 2304 589 2395; x_wconf 77' lang='lat' dir='ltr'><strong>cogitatio</strong></span> <span class='ocrx_word' id='word_1_245' title='bbox 608 2306 803 2375; x_wconf 89' lang='lat' dir='ltr'><strong>admodum</strong></span> <span class='ocrx_word' id='word_1_246' title='bbox 827 2303 967 2395; x_wconf 89' lang='lat' dir='ltr'><strong>elegans</strong></span> <span class='ocrx_word' id='word_1_247' title='bbox 991 2316 1059 2388; x_wconf 90' lang='lat' dir='ltr'><strong>est,</strong></span> <span class='ocrx_word' id='word_1_248' title='bbox 1087 2317 1185 2373; x_wconf 86' lang='lat' dir='ltr'><strong>etex</strong></span> <span class='ocrx_word' id='word_1_249' title='bbox 1238 2335 1317 2378; x_wconf 87' lang='lat' dir='ltr'><strong>eum</strong></span> <span class='ocrx_word' id='word_1_250' title='bbox 1340 2307 1470 2402; x_wconf 87' lang='lat' dir='ltr'><strong>inquit:</strong></span> <span class='ocrx_word' id='word_1_251' title='bbox 1498 2305 1552 2373; x_wconf 89' lang='lat' dir='ltr'><strong>Sit</strong></span> <span class='ocrx_word' id='word_1_252' title='bbox 1573 2305 1786 2398; x_wconf 85' lang='lat' dir='ltr'><strong>aequalitas,-</strong></span> <span class='ocrx_word' id='word_1_253' title='bbox 1812 2300 2033 2372; x_wconf 89' lang='lat' dir='ltr'><strong>scilicetnon</strong></span> <span class='ocrx_word' id='word_1_254' title='bbox 2055 2296 2224 2370; x_wconf 82' lang='lat' dir='ltr'><strong>arithme-</strong></span> 
     </span>
    </p>

    <p class='ocr_par' dir='ltr' id='par_1_6' title="bbox 84 2403 2262 2814">
     <span class='ocr_line' id='line_1_22' title="bbox 84 2403 2224 2503; baseline -0.005 -23"><span class='ocrx_word' id='word_1_255' title='bbox 84 2443 86 2449; x_wconf 95' lang='lat'>·</span> <span class='ocrx_word' id='word_1_256' title='bbox 198 2405 358 2503; x_wconf 89' lang='lat' dir='ltr'><strong>Physicis</strong></span> <span class='ocrx_word' id='word_1_257' title='bbox 372 2420 531 2498; x_wconf 88' lang='lat' dir='ltr'><strong>sumpta,</strong></span> <span class='ocrx_word' id='word_1_258' title='bbox 555 2407 618 2476; x_wconf 89' lang='lat' dir='ltr'><strong>ubi</strong></span> <span class='ocrx_word' id='word_1_259' title='bbox 633 2408 806 2494; x_wconf 82' lang='lat' dir='ltr'><strong>cenritnr,</strong></span> <span class='ocrx_word' id='word_1_260' title='bbox 831 2419 998 2476; x_wconf 90' lang='lat' dir='ltr'><strong>naturam</strong></span> <span class='ocrx_word' id='word_1_261' title='bbox 1014 2408 1053 2475; x_wconf 89' lang='lat' dir='ltr'><strong>in</strong></span> <span class='ocrx_word' id='word_1_262' title='bbox 1070 2408 1185 2475; x_wconf 91' lang='lat' dir='ltr'><strong>omni·</strong></span> <span class='ocrx_word' id='word_1_263' title='bbox 1236 2412 1325 2495; x_wconf 89' lang='lat' dir='ltr'><strong>tica,</strong></span> <span class='ocrx_word' id='word_1_264' title='bbox 1351 2412 1411 2480; x_wconf 90' lang='lat' dir='ltr'><strong>sed</strong></span> <span class='ocrx_word' id='word_1_265' title='bbox 1427 2407 1639 2501; x_wconf 84' lang='lat' dir='ltr'><strong>geometrica</strong></span> <span class='ocrx_word' id='word_1_266' title='bbox 1655 2406 1910 2497; x_wconf 89' lang='lat' dir='ltr'><strong>proportione,</strong></span> <span class='ocrx_word' id='word_1_267' title='bbox 1935 2419 1970 2475; x_wconf 91' lang='lat' dir='ltr'><strong>et</strong></span> <span class='ocrx_word' id='word_1_268' title='bbox 1992 2403 2138 2498; x_wconf 90' lang='lat' dir='ltr'><strong>quidem</strong></span> <span class='ocrx_word' id='word_1_269' title='bbox 2161 2427 2224 2470; x_wconf 81' lang='lat' dir='ltr'><strong>vo-</strong></span> 
     </span>
     <span class='ocr_line' id='line_1_23' title="bbox 197 2505 2262 2603; baseline -0.004 -21"><span class='ocrx_word' id='word_1_270' title='bbox 197 2513 264 2582; x_wconf 91' lang='lat' dir='ltr'><strong>bus</strong></span> <span class='ocrx_word' id='word_1_271' title='bbox 287 2509 564 2603; x_wconf 89' lang='lat' dir='ltr'><strong>appetitionibus</strong></span> <span class='ocrx_word' id='word_1_272' title='bbox 585 2523 621 2577; x_wconf 94' lang='lat' dir='ltr'><strong>et</strong></span> <span class='ocrx_word' id='word_1_273' title='bbox 644 2511 800 2580; x_wconf 90' lang='lat' dir='ltr'><strong>motibus</strong></span> <span class='ocrx_word' id='word_1_274' title='bbox 823 2533 943 2578; x_wconf 90' lang='lat' dir='ltr'><strong>amare</strong></span> <span class='ocrx_word' id='word_1_275' title='bbox 960 2509 1184 2578; x_wconf 89' lang='lat' dir='ltr'><strong>mediocrita-</strong></span> <span class='ocrx_word' id='word_1_276' title='bbox 1209 2508 1212 2585; x_wconf 67' lang='grc' dir='ltr'>ἶ</span> <span class='ocrx_word' id='word_1_277' title='bbox 1235 2513 1389 2583; x_wconf 90' lang='lat' dir='ltr'><strong>luntaria</strong></span> <span class='ocrx_word' id='word_1_278' title='bbox 1405 2509 1749 2592; x_wconf 88' lang='lat' dir='ltr'><strong>communicatione,</strong></span> <span class='ocrx_word' id='word_1_279' title='bbox 1773 2531 1847 2576; x_wconf 91' lang='lat' dir='ltr'><strong>nou</strong></span> <span class='ocrx_word' id='word_1_280' title='bbox 1862 2509 1965 2579; x_wconf 84' lang='lat' dir='ltr'><strong>novis</strong></span> <span class='ocrx_word' id='word_1_281' title='bbox 1981 2506 2117 2597; x_wconf 86' lang='lat' dir='ltr'><strong>legibus</strong></span> <span class='ocrx_word' id='word_1_282' title='bbox 2132 2505 2223 2597; x_wconf 89' lang='lat' dir='ltr'><strong>poli·</strong></span> <span class='ocrx_word' id='word_1_283' title='bbox 2258 2540 2262 2564; x_wconf 83' lang='lat'>·</span> 
     </span>
     <span class='ocr_line' id='line_1_24' title="bbox 197 2608 2262 2706; baseline -0.002 -22"><span class='ocrx_word' id='word_1_284' title='bbox 197 2628 289 2697; x_wconf 92' lang='lat' dir='ltr'><strong>tem,</strong></span> <span class='ocrx_word' id='word_1_285' title='bbox 315 2625 356 2683; x_wconf 90' lang='lat' dir='ltr'><strong>ut</strong></span> <span class='ocrx_word' id='word_1_286' title='bbox 370 2612 522 2682; x_wconf 89' lang='lat' dir='ltr'><strong>laeditur</strong></span> <span class='ocrx_word' id='word_1_287' title='bbox 536 2625 664 2681; x_wconf 91' lang='lat' dir='ltr'><strong>natura</strong></span> <span class='ocrx_word' id='word_1_288' title='bbox 680 2614 793 2682; x_wconf 91' lang='lat' dir='ltr'><strong>nimio</strong></span> <span class='ocrx_word' id='word_1_289' title='bbox 812 2613 994 2695; x_wconf 90' lang='lat' dir='ltr'><strong>alimento,</strong></span> <span class='ocrx_word' id='word_1_290' title='bbox 1022 2625 1056 2681; x_wconf 91' lang='lat' dir='ltr'><strong>et</strong></span> <span class='ocrx_word' id='word_1_291' title='bbox 1070 2613 1182 2681; x_wconf 94' lang='lat' dir='ltr'><strong>nimio</strong></span> <span class='ocrx_word' id='word_1_292' title='bbox 1236 2619 1334 2701; x_wconf 90' lang='lat' dir='ltr'><strong>ticis‚</strong></span> <span class='ocrx_word' id='word_1_293' title='bbox 1355 2616 1479 2697; x_wconf 88' lang='lat' dir='ltr'><strong>idest,</strong></span> <span class='ocrx_word' id='word_1_294' title='bbox 1505 2614 1585 2706; x_wconf 88' lang='lat' dir='ltr'><strong>plus</strong></span> <span class='ocrx_word' id='word_1_295' title='bbox 1601 2624 1719 2682; x_wconf 89' lang='lat' dir='ltr'><strong>teneat</strong></span> <span class='ocrx_word' id='word_1_296' title='bbox 1732 2611 1911 2704; x_wconf 89' lang='lat' dir='ltr'><strong>princeps,</strong></span> <span class='ocrx_word' id='word_1_297' title='bbox 1938 2633 2047 2706; x_wconf 85' lang='lat' dir='ltr'><strong>quarn</strong></span> <span class='ocrx_word' id='word_1_298' title='bbox 2062 2608 2221 2701; x_wconf 85' lang='lat' dir='ltr'><strong>plebeius</strong></span> <span class='ocrx_word' id='word_1_299' title='bbox 2259 2644 2262 2668; x_wconf 70' lang='grc' dir='ltr'><strong><em>ι</em></strong></span> 
     </span>
     <span class='ocr_line' id='line_1_25' title="bbox 196 2714 1449 2814; baseline 0.001 -28"><span class='ocrx_word' id='word_1_300' title='bbox 196 2730 317 2800; x_wconf 90' lang='lat' dir='ltr'><strong>motu,</strong></span> <span class='ocrx_word' id='word_1_301' title='bbox 348 2715 521 2785; x_wconf 90' lang='lat' dir='ltr'><strong>mediocri</strong></span> <span class='ocrx_word' id='word_1_302' title='bbox 545 2728 707 2785; x_wconf 84' lang='lat' dir='ltr'><strong>servatur</strong></span> <span class='ocrx_word' id='word_1_303' title='bbox 719 2714 776 2809; x_wconf 72' lang='lat'><strong>¹²).</strong></span> <span class='ocrx_word' id='word_1_304' title='bbox 836 2715 960 2784; x_wconf 79' lang='lat' dir='ltr'><strong>sicin</strong></span> <span class='ocrx_word' id='word_1_305' title='bbox 989 2715 1183 2798; x_wconf 84' lang='lat' dir='ltr'><strong>affectibus,</strong></span> <span class='ocrx_word' id='word_1_306' title='bbox 1236 2719 1365 2814; x_wconf 88' lang='lat' dir='ltr'><strong>aliquis</strong></span> <span class='ocrx_word' id='word_1_307' title='bbox 1384 2732 1449 2787; x_wconf 91' lang='lat' dir='ltr'><strong>etc.</strong></span> 
     </span>
    </p>

    <p class='ocr_par' dir='ltr' id='par_1_7' title="bbox 188 2813 2262 3609">
     <span class='ocr_line' id='line_1_26' title="bbox 189 2813 2262 2914; baseline -0.003 -25"><span class='ocrx_word' id='word_1_308' title='bbox 189 2821 260 2914; x_wconf 61' lang='lat' dir='ltr'><strong>‘qui</strong></span> <span class='ocrx_word' id='word_1_309' title='bbox 275 2832 357 2889; x_wconf 87' lang='lat' dir='ltr'><strong>sunt</strong></span> <span class='ocrx_word' id='word_1_310' title='bbox 372 2818 552 2888; x_wconf 91' lang='lat' dir='ltr'><strong>actionum</strong></span> <span class='ocrx_word' id='word_1_311' title='bbox 566 2821 702 2900; x_wconf 86' lang='lat' dir='ltr'><strong>sontes,</strong></span> <span class='ocrx_word' id='word_1_312' title='bbox 728 2817 860 2886; x_wconf 92' lang='lat' dir='ltr'><strong>nimius</strong></span> <span class='ocrx_word' id='word_1_313' title='bbox 873 2817 995 2900; x_wconf 91' lang='lat' dir='ltr'><strong>timor,</strong></span> <span class='ocrx_word' id='word_1_314' title='bbox 1021 2829 1056 2885; x_wconf 90' lang='lat' dir='ltr'><strong>et</strong></span> <span class='ocrx_word' id='word_1_315' title='bbox 1071 2817 1182 2885; x_wconf 87' lang='lat' dir='ltr'><strong>nimia</strong></span> <span class='ocrx_word' id='word_1_316' title='bbox 1335 2821 1381 2891; x_wconf 87' lang='lat' dir='ltr'><strong>Et</strong></span> <span class='ocrx_word' id='word_1_317' title='bbox 1395 2820 1478 2914; x_wconf 72' lang='lat' dir='ltr'><strong>(qnia</strong></span> <span class='ocrx_word' id='word_1_318' title='bbox 1503 2818 1541 2887; x_wconf 92' lang='lat' dir='ltr'><strong>in</strong></span> <span class='ocrx_word' id='word_1_319' title='bbox 1563 2817 1739 2910; x_wconf 87' lang='lat' dir='ltr'><strong>plerisque</strong></span> <span class='ocrx_word' id='word_1_320' title='bbox 1761 2814 1952 2886; x_wconf 88' lang='lat' dir='ltr'><strong>virtutibus</strong></span> <span class='ocrx_word' id='word_1_321' title='bbox 1975 2839 2051 2883; x_wconf 92' lang='lat' dir='ltr'><strong>non</strong></span> <span class='ocrx_word' id='word_1_322' title='bbox 2072 2814 2133 2884; x_wconf 86' lang='lat' dir='ltr'><strong>illa</strong></span> <span class='ocrx_word' id='word_1_323' title='bbox 2157 2813 2221 2882; x_wconf 85' lang='lat' dir='ltr'><strong>im·</strong></span> <span class='ocrx_word' id='word_1_324' title='bbox 2257 2835 2262 2876; x_wconf 77' lang='lat' dir='ltr'><strong>t</strong></span> 
     </span>
     <span class='ocr_line' id='line_1_27' title="bbox 198 2917 2262 3015; baseline -0.004 -23"><span class='ocrx_word' id='word_1_325' title='bbox 198 2921 368 3002; x_wconf 90' lang='lat' dir='ltr'><strong>audacia,</strong></span> <span class='ocrx_word' id='word_1_326' title='bbox 393 2920 504 2987; x_wconf 92' lang='lat' dir='ltr'><strong>nimia</strong></span> <span class='ocrx_word' id='word_1_327' title='bbox 523 2920 595 3002; x_wconf 91' lang='lat' dir='ltr'><strong>ira,</strong></span> <span class='ocrx_word' id='word_1_328' title='bbox 624 2933 657 2987; x_wconf 90' lang='lat' dir='ltr'><strong>et</strong></span> <span class='ocrx_word' id='word_1_329' title='bbox 678 2917 788 2986; x_wconf 91' lang='lat' dir='ltr'><strong>nimia</strong></span> <span class='ocrx_word' id='word_1_330' title='bbox 810 2919 945 2986; x_wconf 89' lang='lat' dir='ltr'><strong>laetitia</strong></span> <span class='ocrx_word' id='word_1_331' title='bbox 967 2932 1032 2988; x_wconf 86' lang='lat' dir='ltr'><strong>etc.</strong></span> <span class='ocrx_word' id='word_1_332' title='bbox 1052 2933 1184 2988; x_wconf 86' lang='lat' dir='ltr'><strong>nocent</strong></span> <span class='ocrx_word' id='word_1_333' title='bbox 1234 2935 1332 2992; x_wconf 91' lang='lat' dir='ltr'><strong>mota</strong></span> <span class='ocrx_word' id='word_1_334' title='bbox 1348 2924 1519 2992; x_wconf 88' lang='lat' dir='ltr'><strong>medietas</strong></span> <span class='ocrx_word' id='word_1_335' title='bbox 1535 2921 1730 3015; x_wconf 88' lang='lat' dir='ltr'><strong>quaeritur,</strong></span> <span class='ocrx_word' id='word_1_336' title='bbox 1752 2918 1815 2988; x_wconf 91' lang='lat' dir='ltr'><strong>sed</strong></span> <span class='ocrx_word' id='word_1_337' title='bbox 1830 2920 1897 2987; x_wconf 88' lang='lat' dir='ltr'><strong>alia</strong></span> <span class='ocrx_word' id='word_1_338' title='bbox 1913 2917 2030 3001; x_wconf 87' lang='lat' dir='ltr'><strong>latior,</strong></span> <span class='ocrx_word' id='word_1_339' title='bbox 2058 2917 2221 2986; x_wconf 90' lang='lat' dir='ltr'><strong>videlicet</strong></span> <span class='ocrx_word' id='word_1_340' title='bbox 2257 2965 2262 2977; x_wconf 82' lang='lat'><em>-</em></span> 
     </span>
     <span class='ocr_line' id='line_1_28' title="bbox 188 3018 2262 3118; baseline -0.002 -24"><span class='ocrx_word' id='word_1_341' title='bbox 188 3021 347 3094; x_wconf 85' lang='lat' dir='ltr'><strong>¹homini.</strong></span> <span class='ocrx_word' id='word_1_342' title='bbox 406 3021 464 3089; x_wconf 90' lang='lat' dir='ltr'><strong>Sic</strong></span> <span class='ocrx_word' id='word_1_343' title='bbox 486 3034 578 3089; x_wconf 89' lang='lat' dir='ltr'><strong>artes</strong></span> <span class='ocrx_word' id='word_1_344' title='bbox 599 3033 776 3113; x_wconf 87' lang='lat' dir='ltr'><strong>quaerunt</strong></span> <span class='ocrx_word' id='word_1_345' title='bbox 796 3020 1096 3105; x_wconf 88' lang='lat' dir='ltr'><strong>mediocritatem,</strong></span> <span class='ocrx_word' id='word_1_346' title='bbox 1130 3035 1183 3105; x_wconf 91' lang='lat' dir='ltr'><strong>nt,</strong></span> <span class='ocrx_word' id='word_1_347' title='bbox 1237 3026 1469 3118; x_wconf 86' lang='lat' dir='ltr'><strong>geometrica,</strong></span> <span class='ocrx_word' id='word_1_348' title='bbox 1497 3048 1588 3117; x_wconf 90' lang='lat' dir='ltr'><strong>quae</strong></span> <span class='ocrx_word' id='word_1_349' title='bbox 1604 3035 1752 3114; x_wconf 90' lang='lat' dir='ltr'><strong>propter</strong></span> <span class='ocrx_word' id='word_1_350' title='bbox 1767 3021 1923 3091; x_wconf 90' lang='lat' dir='ltr'><strong>diversas</strong></span> <span class='ocrx_word' id='word_1_351' title='bbox 1939 3018 2221 3090; x_wconf 86' lang='lat' dir='ltr'><strong>circumstantias</strong></span> <span class='ocrx_word' id='word_1_352' title='bbox 2260 3068 2262 3103; x_wconf 71' lang='lat'><strong>,</strong></span> 
     </span>
     <span class='ocr_line' id='line_1_29' title="bbox 196 3121 2222 3215; baseline -0.002 -18"><span class='ocrx_word' id='word_1_353' title='bbox 196 3129 332 3197; x_wconf 86' lang='lat' dir='ltr'><strong>musica</strong></span> <span class='ocrx_word' id='word_1_354' title='bbox 341 3122 552 3191; x_wconf 88' lang='lat' dir='ltr'><strong>vitatnimis</strong></span> <span class='ocrx_word' id='word_1_355' title='bbox 568 3123 656 3191; x_wconf 89' lang='lat' dir='ltr'><strong>altas</strong></span> <span class='ocrx_word' id='word_1_356' title='bbox 671 3135 708 3190; x_wconf 88' lang='lat' dir='ltr'><strong>et</strong></span> <span class='ocrx_word' id='word_1_357' title='bbox 723 3123 830 3192; x_wconf 88' lang='lat' dir='ltr'><strong>nimis</strong></span> <span class='ocrx_word' id='word_1_358' title='bbox 851 3122 1040 3193; x_wconf 91' lang='lat' dir='ltr'><strong>submissas</strong></span> <span class='ocrx_word' id='word_1_359' title='bbox 1066 3148 1181 3194; x_wconf 90' lang='lat' dir='ltr'><strong>voces.</strong></span> <span class='ocrx_word' id='word_1_360' title='bbox 1236 3129 1334 3197; x_wconf 90' lang='lat' dir='ltr'><strong>varia</strong></span> <span class='ocrx_word' id='word_1_361' title='bbox 1357 3141 1426 3212; x_wconf 90' lang='lat' dir='ltr'><strong>est,</strong></span> <span class='ocrx_word' id='word_1_362' title='bbox 1461 3127 1558 3195; x_wconf 92' lang='lat' dir='ltr'><strong>aliud</strong></span> <span class='ocrx_word' id='word_1_363' title='bbox 1580 3125 1676 3193; x_wconf 84' lang='lat' dir='ltr'><strong>enirn</strong></span> <span class='ocrx_word' id='word_1_364' title='bbox 1699 3123 1778 3192; x_wconf 90' lang='lat' dir='ltr'><strong>aliis</strong></span> <span class='ocrx_word' id='word_1_365' title='bbox 1799 3124 1982 3215; x_wconf 90' lang='lat' dir='ltr'><strong>congruit,</strong></span> <span class='ocrx_word' id='word_1_366' title='bbox 2013 3121 2222 3193; x_wconf 87' lang='lat' dir='ltr'><strong>Aristoteles</strong></span> 
     </span>
     <span class='ocr_line' id='line_1_30' title="bbox 197 3214 2221 3324; baseline -0.002 -26"><span class='ocrx_word' id='word_1_367' title='bbox 197 3227 320 3322; x_wconf 89' lang='lat' dir='ltr'><strong>ltaque</strong></span> <span class='ocrx_word' id='word_1_368' title='bbox 341 3224 522 3316; x_wconf 88' lang='lat' dir='ltr'><strong>sapienter</strong></span> <span class='ocrx_word' id='word_1_369' title='bbox 541 3225 732 3314; x_wconf 77' lang='lat' dir='ltr'><strong>cogitattnn</strong></span> <span class='ocrx_word' id='word_1_370' title='bbox 757 3237 826 3308; x_wconf 90' lang='lat' dir='ltr'><strong>est,</strong></span> <span class='ocrx_word' id='word_1_371' title='bbox 852 3225 1001 3295; x_wconf 86' lang='lat' dir='ltr'><strong>virtutes</strong></span> <span class='ocrx_word' id='word_1_372' title='bbox 1021 3251 1093 3296; x_wconf 89' lang='lat' dir='ltr'><strong>esse</strong></span> <span class='ocrx_word' id='word_1_373' title='bbox 1109 3250 1182 3295; x_wconf 92' lang='lat' dir='ltr'><strong>me·</strong></span> <span class='ocrx_word' id='word_1_374' title='bbox 1235 3233 1273 3300; x_wconf 92' lang='lat' dir='ltr'><strong>in</strong></span> <span class='ocrx_word' id='word_1_375' title='bbox 1291 3243 1388 3301; x_wconf 82' lang='lat' dir='ltr'><strong>textu</strong></span> <span class='ocrx_word' id='word_1_376' title='bbox 1403 3230 1539 3324; x_wconf 88' lang='lat' dir='ltr'><strong>inquit:</strong></span> <span class='ocrx_word' id='word_1_377' title='bbox 1565 3214 1666 3297; x_wconf 84' lang='lat' dir='ltr'><strong>Sumi</strong></span> <span class='ocrx_word' id='word_1_378' title='bbox 1680 3226 1905 3296; x_wconf 89' lang='lat' dir='ltr'><strong>medietatem</strong></span> <span class='ocrx_word' id='word_1_379' title='bbox 1923 3250 1995 3320; x_wconf 89' lang='lat' dir='ltr'><strong>quo</strong></span> <span class='ocrx_word' id='word_1_380' title='bbox 2013 3228 2059 3294; x_wconf 94' lang='lat' dir='ltr'><strong>ad</strong></span> <span class='ocrx_word' id='word_1_381' title='bbox 2075 3251 2162 3311; x_wconf 90' lang='lat' dir='ltr'><strong>nos,</strong></span> <span class='ocrx_word' id='word_1_382' title='bbox 2186 3225 2221 3293; x_wconf 93' lang='lat' dir='ltr'><strong>id</strong></span> 
     </span>
     <span class='ocr_line' id='line_1_31' title="bbox 197 3323 2262 3426; baseline -0.003 -26"><span class='ocrx_word' id='word_1_383' title='bbox 197 3332 356 3400; x_wconf 86' lang='lat' dir='ltr'><strong>dietates.</strong></span> <span class='ocrx_word' id='word_1_384' title='bbox 407 3327 454 3394; x_wconf 88' lang='lat' dir='ltr'><strong>Et</strong></span> <span class='ocrx_word' id='word_1_385' title='bbox 471 3323 539 3395; x_wconf 89' lang='lat' dir='ltr'><strong>buc</strong></span> <span class='ocrx_word' id='word_1_386' title='bbox 564 3328 742 3420; x_wconf 91' lang='lat' dir='ltr'><strong>quadrant</strong></span> <span class='ocrx_word' id='word_1_387' title='bbox 766 3328 943 3419; x_wconf 88' lang='lat' dir='ltr'><strong>plurimae</strong></span> <span class='ocrx_word' id='word_1_388' title='bbox 968 3330 1180 3398; x_wconf 83' lang='lat' dir='ltr'><strong>sententiae:</strong></span> <span class='ocrx_word' id='word_1_389' title='bbox 1236 3346 1306 3417; x_wconf 88' lang='lat' dir='ltr'><strong>est,</strong></span> <span class='ocrx_word' id='word_1_390' title='bbox 1334 3328 1649 3426; x_wconf 46' lang='lat' dir='ltr'><strong>qnam&#39;convenire</strong></span> <span class='ocrx_word' id='word_1_391' title='bbox 1665 3329 1768 3399; x_wconf 89' lang='lat' dir='ltr'><strong>nobis</strong></span> <span class='ocrx_word' id='word_1_392' title='bbox 1786 3354 1827 3398; x_wconf 87' lang='lat' dir='ltr'><strong>ex</strong></span> <span class='ocrx_word' id='word_1_393' title='bbox 1844 3329 2116 3398; x_wconf 87' lang='lat' dir='ltr'><strong>circumstantiis</strong></span> <span class='ocrx_word' id='word_1_394' title='bbox 2130 3327 2222 3399; x_wconf 89' lang='lat' dir='ltr'><strong>iudi-</strong></span> <span class='ocrx_word' id='word_1_395' title='bbox 2260 3388 2262 3417; x_wconf 34' lang='grc' dir='ltr'>Ε</span> 
     </span>
     <span class='ocr_line' id='line_1_32' title="bbox 195 3429 2221 3527; baseline 0 -28"><span class='ocrx_word' id='word_1_396' title='bbox 195 3435 250 3506; x_wconf 90' lang='lat' dir='ltr'><strong>Ne</strong></span> <span class='ocrx_word' id='word_1_397' title='bbox 265 3432 352 3527; x_wconf 90' lang='lat' dir='ltr'><strong>quid</strong></span> <span class='ocrx_word' id='word_1_398' title='bbox 366 3430 484 3499; x_wconf 88' lang='lat' dir='ltr'><strong>nimis.</strong></span> <span class='ocrx_word' id='word_1_399' title='bbox 536 3429 712 3499; x_wconf 88' lang='lat' dir='ltr'><strong>Omnibus</strong></span> <span class='ocrx_word' id='word_1_400' title='bbox 725 3430 762 3497; x_wconf 93' lang='lat' dir='ltr'><strong>in</strong></span> <span class='ocrx_word' id='word_1_401' title='bbox 775 3431 880 3500; x_wconf 91' lang='lat' dir='ltr'><strong>rebus</strong></span> <span class='ocrx_word' id='word_1_402' title='bbox 896 3431 1023 3502; x_wconf 91' lang='lat' dir='ltr'><strong>modus</strong></span> <span class='ocrx_word' id='word_1_403' title='bbox 1039 3445 1090 3501; x_wconf 92' lang='lat' dir='ltr'><strong>est</strong></span> <span class='ocrx_word' id='word_1_404' title='bbox 1105 3434 1182 3524; x_wconf 91' lang='lat' dir='ltr'><strong>pul·</strong></span> <span class='ocrx_word' id='word_1_405' title='bbox 1236 3461 1367 3506; x_wconf 75' lang='lat' dir='ltr'><strong>caman.</strong></span> <span class='ocrx_word' id='word_1_406' title='bbox 1417 3435 1501 3506; x_wconf 88' lang='lat' dir='ltr'><strong>Non</strong></span> <span class='ocrx_word' id='word_1_407' title='bbox 1517 3434 1640 3503; x_wconf 89' lang='lat' dir='ltr'><strong>eadem</strong></span> <span class='ocrx_word' id='word_1_408' title='bbox 1656 3433 1826 3501; x_wconf 89' lang='lat' dir='ltr'><strong>medietas</strong></span> <span class='ocrx_word' id='word_1_409' title='bbox 1847 3445 1899 3502; x_wconf 88' lang='lat' dir='ltr'><strong>est</strong></span> <span class='ocrx_word' id='word_1_410' title='bbox 1922 3431 2160 3524; x_wconf 81' lang='lat' dir='ltr'><strong>temperantia</strong></span> <span class='ocrx_word' id='word_1_411' title='bbox 2176 3432 2221 3499; x_wconf 83' lang='lat' dir='ltr'><strong>in</strong></span> 
     </span>
     <span class='ocr_line' id='line_1_33' title="bbox 198 3533 1785 3609; baseline -0.004 2"><span class='ocrx_word' id='word_1_412' title='bbox 198 3534 373 3607; x_wconf 68' lang='lat' dir='ltr'><strong>cherrima</strong></span> <span class='ocrx_word' id='word_1_413' title='bbox 389 3533 516 3601; x_wconf 64' lang='lat' dir='ltr'><strong>Virtus·</strong></span> <span class='ocrx_word' id='word_1_414' title='bbox 1234 3535 1380 3609; x_wconf 87' lang='lat' dir='ltr'><strong>homine</strong></span> <span class='ocrx_word' id='word_1_415' title='bbox 1395 3540 1542 3608; x_wconf 91' lang='lat' dir='ltr'><strong>robusto</strong></span> <span class='ocrx_word' id='word_1_416' title='bbox 1560 3549 1594 3604; x_wconf 89' lang='lat' dir='ltr'><strong>et</strong></span> <span class='ocrx_word' id='word_1_417' title='bbox 1607 3536 1785 3604; x_wconf 86' lang='lat' dir='ltr'><strong>imbecilli.</strong></span> 
     </span>
    </p>

    <p class='ocr_par' dir='ltr' id='par_1_8' title="bbox 195 3632 2262 4451">
     <span class='ocr_line' id='line_1_34' title="bbox 298 3632 2221 3723; baseline 0 -18"><span class='ocrx_word' id='word_1_418' title='bbox 298 3635 567 3705; x_wconf 87' lang='lat' dir='ltr'><strong>Meminerimus</strong></span> <span class='ocrx_word' id='word_1_419' title='bbox 584 3632 692 3723; x_wconf 80' lang='lat' dir='ltr'><strong>igitur</strong></span> <span class='ocrx_word' id='word_1_420' title='bbox 715 3636 753 3703; x_wconf 91' lang='lat' dir='ltr'><strong>in</strong></span> <span class='ocrx_word' id='word_1_421' title='bbox 776 3636 937 3705; x_wconf 87' lang='lat' dir='ltr'><strong>doctrina</strong></span> <span class='ocrx_word' id='word_1_422' title='bbox 955 3635 1179 3706; x_wconf 66' lang='lat' dir='ltr'><strong>aristotelica</strong></span> <span class='ocrx_word' id='word_1_423' title='bbox 1336 3642 1451 3711; x_wconf 88' lang='lat' dir='ltr'><strong>Huius</strong></span> <span class='ocrx_word' id='word_1_424' title='bbox 1465 3636 1760 3710; x_wconf 88' lang='lat' dir='ltr'><strong>dissimilitudinis</strong></span> <span class='ocrx_word' id='word_1_425' title='bbox 1776 3635 2011 3708; x_wconf 88' lang='lat' dir='ltr'><strong>consideratio</strong></span> <span class='ocrx_word' id='word_1_426' title='bbox 2036 3635 2073 3703; x_wconf 91' lang='lat' dir='ltr'><strong>in</strong></span> <span class='ocrx_word' id='word_1_427' title='bbox 2097 3635 2221 3706; x_wconf 88' lang='lat' dir='ltr'><strong>multis</strong></span> 
     </span>
     <span class='ocr_line' id='line_1_35' title="bbox 198 3734 2220 3836; baseline -0.002 -25"><span class='ocrx_word' id='word_1_428' title='bbox 198 3737 463 3811; x_wconf 83' lang='lat' dir='ltr'><strong>commonefreri</strong></span> <span class='ocrx_word' id='word_1_429' title='bbox 483 3760 548 3805; x_wconf 90' lang='lat' dir='ltr'><strong>nos</strong></span> <span class='ocrx_word' id='word_1_430' title='bbox 577 3734 613 3802; x_wconf 91' lang='lat' dir='ltr'><strong>in</strong></span> <span class='ocrx_word' id='word_1_431' title='bbox 638 3738 738 3804; x_wconf 90' lang='lat' dir='ltr'><strong>omni</strong></span> <span class='ocrx_word' id='word_1_432' title='bbox 769 3740 862 3821; x_wconf 80' lang='lat' dir='ltr'><strong>vita,</strong></span> <span class='ocrx_word' id='word_1_433' title='bbox 891 3741 935 3807; x_wconf 92' lang='lat' dir='ltr'><strong>de</strong></span> <span class='ocrx_word' id='word_1_434' title='bbox 964 3740 1117 3808; x_wconf 89' lang='lat' dir='ltr'><strong>amanda</strong></span> <span class='ocrx_word' id='word_1_435' title='bbox 1148 3752 1183 3807; x_wconf 89' lang='lat' dir='ltr'><strong>et</strong></span> <span class='ocrx_word' id='word_1_436' title='bbox 1234 3745 1385 3836; x_wconf 88' lang='lat' dir='ltr'><strong>negotiis</strong></span> <span class='ocrx_word' id='word_1_437' title='bbox 1408 3745 1501 3811; x_wconf 90' lang='lat' dir='ltr'><strong>vitae</strong></span> <span class='ocrx_word' id='word_1_438' title='bbox 1522 3738 1700 3812; x_wconf 90' lang='lat' dir='ltr'><strong>humanae</strong></span> <span class='ocrx_word' id='word_1_439' title='bbox 1722 3738 1916 3808; x_wconf 88' lang='lat' dir='ltr'><strong>necessaria</strong></span> <span class='ocrx_word' id='word_1_440' title='bbox 1942 3754 2012 3827; x_wconf 89' lang='lat' dir='ltr'><strong>est,</strong></span> <span class='ocrx_word' id='word_1_441' title='bbox 2037 3762 2083 3807; x_wconf 93' lang='lat' dir='ltr'><strong>ne</strong></span> <span class='ocrx_word' id='word_1_442' title='bbox 2099 3739 2220 3807; x_wconf 84' lang='lat' dir='ltr'><strong>Stoico</strong></span> 
     </span>
     <span class='ocr_line' id='line_1_36' title="bbox 196 3838 2222 3941; baseline -0.002 -27"><span class='ocrx_word' id='word_1_443' title='bbox 196 3843 329 3914; x_wconf 90' lang='lat' dir='ltr'><strong>tuenda</strong></span> <span class='ocrx_word' id='word_1_444' title='bbox 344 3838 607 3919; x_wconf 84' lang='lat' dir='ltr'><strong>mediocritate,</strong></span> <span class='ocrx_word' id='word_1_445' title='bbox 631 3838 714 3930; x_wconf 92' lang='lat' dir='ltr'><strong>quia</strong></span> <span class='ocrx_word' id='word_1_446' title='bbox 738 3840 885 3910; x_wconf 89' lang='lat' dir='ltr'><strong>virtutes</strong></span> <span class='ocrx_word' id='word_1_447' title='bbox 908 3841 1090 3910; x_wconf 89' lang='lat' dir='ltr'><strong>constituit</strong></span> <span class='ocrx_word' id='word_1_448' title='bbox 1108 3867 1180 3910; x_wconf 88' lang='lat' dir='ltr'><strong>esse</strong></span> <span class='ocrx_word' id='word_1_449' title='bbox 1233 3872 1334 3916; x_wconf 90' lang='lat' dir='ltr'><strong>more</strong></span> <span class='ocrx_word' id='word_1_450' title='bbox 1358 3858 1551 3941; x_wconf 90' lang='lat' dir='ltr'><strong>quaeratur</strong></span> <span class='ocrx_word' id='word_1_451' title='bbox 1572 3868 1664 3913; x_wconf 75' lang='lat' dir='ltr'><strong>arnus</strong></span> <span class='ocrx_word' id='word_1_452' title='bbox 1682 3840 1809 3936; x_wconf 89' lang='lat' dir='ltr'><strong>aliquis</strong></span> <span class='ocrx_word' id='word_1_453' title='bbox 1825 3842 1965 3931; x_wconf 86' lang='lat' dir='ltr'><strong>gradus.</strong></span> <span class='ocrx_word' id='word_1_454' title='bbox 2018 3841 2115 3911; x_wconf 87' lang='lat' dir='ltr'><strong>Casti</strong></span> <span class='ocrx_word' id='word_1_455' title='bbox 2137 3854 2222 3912; x_wconf 87' lang='lat' dir='ltr'><strong>sunt</strong></span> 
     </span>
     <span class='ocr_line' id='line_1_37' title="bbox 196 3941 2220 4042; baseline -0.002 -25"><span class='ocrx_word' id='word_1_456' title='bbox 196 3947 414 4016; x_wconf 86' lang='lat' dir='ltr'><strong>medietates.</strong></span> <span class='ocrx_word' id='word_1_457' title='bbox 467 3941 534 4010; x_wconf 90' lang='lat' dir='ltr'><strong>Sed</strong></span> <span class='ocrx_word' id='word_1_458' title='bbox 555 3952 680 4029; x_wconf 69' lang='lat' dir='ltr'><strong>vpostea</strong></span> <span class='ocrx_word' id='word_1_459' title='bbox 705 3944 865 4035; x_wconf 87' lang='lat' dir='ltr'><strong>quaestio</strong></span> <span class='ocrx_word' id='word_1_460' title='bbox 890 3957 960 4026; x_wconf 91' lang='lat' dir='ltr'><strong>est,</strong></span> <span class='ocrx_word' id='word_1_461' title='bbox 995 3944 1109 4037; x_wconf 88' lang='lat' dir='ltr'><strong>qualis</strong></span> <span class='ocrx_word' id='word_1_462' title='bbox 1137 3944 1183 4013; x_wconf 91' lang='lat' dir='ltr'><strong>sit</strong></span> <span class='ocrx_word' id='word_1_463' title='bbox 1232 3946 1372 4042; x_wconf 88' lang='lat' dir='ltr'><strong>loseph,</strong></span> <span class='ocrx_word' id='word_1_464' title='bbox 1395 3948 1569 4037; x_wconf 90' lang='lat' dir='ltr'><strong>Baptista,</strong></span> <span class='ocrx_word' id='word_1_465' title='bbox 1591 3946 1730 4028; x_wconf 88' lang='lat' dir='ltr'><strong>Petrus,</strong></span> <span class='ocrx_word' id='word_1_466' title='bbox 1757 3946 1817 4012; x_wconf 91' lang='lat' dir='ltr'><strong>sed</strong></span> <span class='ocrx_word' id='word_1_467' title='bbox 1831 3957 1952 4012; x_wconf 87' lang='lat' dir='ltr'><strong>tamen</strong></span> <span class='ocrx_word' id='word_1_468' title='bbox 1969 3944 2098 4033; x_wconf 89' lang='lat' dir='ltr'><strong>gradus</strong></span> <span class='ocrx_word' id='word_1_469' title='bbox 2114 3943 2220 4014; x_wconf 91' lang='lat' dir='ltr'><strong>casti·</strong></span> 
     </span>
     <span class='ocr_line' id='line_1_38' title="bbox 196 4040 2262 4141; baseline -0.001 -22"><span class='ocrx_word' id='word_1_470' title='bbox 196 4050 379 4119; x_wconf 87' lang='lat' dir='ltr'><strong>medietas.</strong></span> <span class='ocrx_word' id='word_1_471' title='bbox 431 4045 523 4114; x_wconf 83' lang='lat' dir='ltr'><strong>Nam</strong></span> <span class='ocrx_word' id='word_1_472' title='bbox 541 4040 609 4109; x_wconf 89' lang='lat' dir='ltr'><strong>alia</strong></span> <span class='ocrx_word' id='word_1_473' title='bbox 624 4054 675 4111; x_wconf 89' lang='lat' dir='ltr'><strong>est</strong></span> <span class='ocrx_word' id='word_1_474' title='bbox 690 4044 860 4114; x_wconf 90' lang='lat' dir='ltr'><strong>medietas</strong></span> <span class='ocrx_word' id='word_1_475' title='bbox 874 4045 1117 4129; x_wconf 87' lang='lat' dir='ltr'><strong>immutabilis,</strong></span> <span class='ocrx_word' id='word_1_476' title='bbox 1141 4059 1181 4116; x_wconf 90' lang='lat' dir='ltr'><strong>ut</strong></span> <span class='ocrx_word' id='word_1_477' title='bbox 1233 4055 1315 4122; x_wconf 86' lang='lat' dir='ltr'><strong>tatis</strong></span> <span class='ocrx_word' id='word_1_478' title='bbox 1331 4062 1415 4122; x_wconf 90' lang='lat' dir='ltr'><strong>sunt</strong></span> <span class='ocrx_word' id='word_1_479' title='bbox 1429 4050 1490 4118; x_wconf 93' lang='lat' dir='ltr'><strong>alii</strong></span> <span class='ocrx_word' id='word_1_480' title='bbox 1504 4049 1542 4118; x_wconf 92' lang='lat' dir='ltr'><strong>in</strong></span> <span class='ocrx_word' id='word_1_481' title='bbox 1559 4049 1656 4132; x_wconf 89' lang='lat' dir='ltr'><strong>aliis,</strong></span> <span class='ocrx_word' id='word_1_482' title='bbox 1678 4047 1742 4141; x_wconf 92' lang='lat' dir='ltr'><strong>qui</strong></span> <span class='ocrx_word' id='word_1_483' title='bbox 1764 4071 1887 4115; x_wconf 89' lang='lat' dir='ltr'><strong>omnes</strong></span> <span class='ocrx_word' id='word_1_484' title='bbox 1912 4041 2027 4116; x_wconf 88' lang='lat' dir='ltr'><strong>adhue</strong></span> <span class='ocrx_word' id='word_1_485' title='bbox 2050 4050 2096 4115; x_wconf 89' lang='lat' dir='ltr'><strong>ad</strong></span> <span class='ocrx_word' id='word_1_486' title='bbox 2116 4048 2220 4139; x_wconf 92' lang='lat' dir='ltr'><strong>prin·</strong></span> <span class='ocrx_word' id='word_1_487' title='bbox 2260 4058 2262 4137; x_wconf 69' lang='lat' dir='ltr'><strong>f</strong></span> 
     </span>
     <span class='ocr_line' id='line_1_39' title="bbox 197 4143 2262 4247; baseline -0.003 -24"><span class='ocrx_word' id='word_1_488' title='bbox 197 4152 310 4223; x_wconf 86' lang='lat' dir='ltr'><strong>centri</strong></span> <span class='ocrx_word' id='word_1_489' title='bbox 331 4152 369 4219; x_wconf 95' lang='lat' dir='ltr'><strong>in</strong></span> <span class='ocrx_word' id='word_1_490' title='bbox 395 4146 538 4216; x_wconf 87' lang='lat' dir='ltr'><strong>circulo.</strong></span> <span class='ocrx_word' id='word_1_491' title='bbox 586 4143 670 4212; x_wconf 79' lang='lat' dir='ltr'><strong>Alia</strong></span> <span class='ocrx_word' id='word_1_492' title='bbox 695 4159 747 4216; x_wconf 90' lang='lat' dir='ltr'><strong>est</strong></span> <span class='ocrx_word' id='word_1_493' title='bbox 765 4149 965 4232; x_wconf 89' lang='lat' dir='ltr'><strong>mutabilis,</strong></span> <span class='ocrx_word' id='word_1_494' title='bbox 997 4162 1055 4235; x_wconf 90' lang='lat' dir='ltr'><strong>nt,</strong></span> <span class='ocrx_word' id='word_1_495' title='bbox 1090 4150 1180 4219; x_wconf 89' lang='lat' dir='ltr'><strong>alius</strong></span> <span class='ocrx_word' id='word_1_496' title='bbox 1234 4155 1383 4247; x_wconf 88' lang='lat' dir='ltr'><strong>cipalem</strong></span> <span class='ocrx_word' id='word_1_497' title='bbox 1406 4176 1570 4221; x_wconf 91' lang='lat' dir='ltr'><strong>normam</strong></span> <span class='ocrx_word' id='word_1_498' title='bbox 1598 4162 1817 4240; x_wconf 90' lang='lat' dir='ltr'><strong>congruunt,</strong></span> <span class='ocrx_word' id='word_1_499' title='bbox 1847 4149 2028 4232; x_wconf 88' lang='lat' dir='ltr'><strong>videlicet,</strong></span> <span class='ocrx_word' id='word_1_500' title='bbox 2054 4174 2100 4219; x_wconf 89' lang='lat' dir='ltr'><strong>ne</strong></span> <span class='ocrx_word' id='word_1_501' title='bbox 2124 4150 2221 4219; x_wconf 84' lang='lat' dir='ltr'><strong>freni</strong></span> <span class='ocrx_word' id='word_1_502' title='bbox 2259 4144 2262 4217; x_wconf 67' lang='grc' dir='ltr'>ζ</span> 
     </span>
     <span class='ocr_line' id='line_1_40' title="bbox 195 4247 2262 4344; baseline -0.001 -19"><span class='ocrx_word' id='word_1_503' title='bbox 195 4257 324 4325; x_wconf 90' lang='lat' dir='ltr'><strong>modus</strong></span> <span class='ocrx_word' id='word_1_504' title='bbox 337 4251 405 4323; x_wconf 89' lang='lat' dir='ltr'><strong>cibi</strong></span> <span class='ocrx_word' id='word_1_505' title='bbox 422 4247 589 4318; x_wconf 88' lang='lat' dir='ltr'><strong>convenit</strong></span> <span class='ocrx_word' id='word_1_506' title='bbox 603 4248 763 4331; x_wconf 90' lang='lat' dir='ltr'><strong>robusto,</strong></span> <span class='ocrx_word' id='word_1_507' title='bbox 784 4249 874 4320; x_wconf 89' lang='lat' dir='ltr'><strong>alius</strong></span> <span class='ocrx_word' id='word_1_508' title='bbox 888 4251 1007 4321; x_wconf 89' lang='lat' dir='ltr'><strong>debili.</strong></span> <span class='ocrx_word' id='word_1_509' title='bbox 1059 4252 1179 4344; x_wconf 86' lang='lat' dir='ltr'><strong>Quare</strong></span> <span class='ocrx_word' id='word_1_510' title='bbox 1232 4259 1396 4327; x_wconf 90' lang='lat' dir='ltr'><strong>laxentur</strong></span> <span class='ocrx_word' id='word_1_511' title='bbox 1410 4255 1551 4324; x_wconf 91' lang='lat' dir='ltr'><strong>libidini</strong></span> <span class='ocrx_word' id='word_1_512' title='bbox 1566 4267 1689 4323; x_wconf 89' lang='lat' dir='ltr'><strong>contra</strong></span> <span class='ocrx_word' id='word_1_513' title='bbox 1707 4251 1972 4335; x_wconf 89' lang='lat' dir='ltr'><strong>conscientiam,</strong></span> <span class='ocrx_word' id='word_1_514' title='bbox 1994 4254 2108 4321; x_wconf 90' lang='lat' dir='ltr'><strong>donec</strong></span> <span class='ocrx_word' id='word_1_515' title='bbox 2122 4252 2220 4323; x_wconf 84' lang='lat' dir='ltr'><strong>intra</strong></span> <span class='ocrx_word' id='word_1_516' title='bbox 2259 4264 2262 4292; x_wconf 78' lang='lat'><em>³</em></span> 
     </span>
     <span class='ocr_line' id='line_1_41' title="bbox 196 4349 2262 4451; baseline 0.001 -24"><span class='ocrx_word' id='word_1_517' title='bbox 196 4370 232 4427; x_wconf 89' lang='lat' dir='ltr'><strong>et</strong></span> <span class='ocrx_word' id='word_1_518' title='bbox 247 4354 305 4426; x_wconf 89' lang='lat' dir='ltr'><strong>hic</strong></span> <span class='ocrx_word' id='word_1_519' title='bbox 320 4370 356 4426; x_wconf 90' lang='lat' dir='ltr'><strong>et</strong></span> <span class='ocrx_word' id='word_1_520' title='bbox 369 4351 455 4420; x_wconf 90' lang='lat' dir='ltr'><strong>alibi</strong></span> <span class='ocrx_word' id='word_1_521' title='bbox 470 4351 639 4421; x_wconf 86' lang='lat' dir='ltr'><strong>discernit</strong></span> <span class='ocrx_word' id='word_1_522' title='bbox 652 4349 859 4423; x_wconf 85' lang='lat' dir='ltr'><strong>Aristoteles</strong></span> <span class='ocrx_word' id='word_1_523' title='bbox 874 4355 1091 4425; x_wconf 86' lang='lat' dir='ltr'><strong>medietates.</strong></span> <span class='ocrx_word' id='word_1_524' title='bbox 1233 4357 1505 4451; x_wconf 87' lang='lat' dir='ltr'><strong>hancnormam</strong></span> <span class='ocrx_word' id='word_1_525' title='bbox 1518 4368 1683 4440; x_wconf 90' lang='lat' dir='ltr'><strong>manent,</strong></span> <span class='ocrx_word' id='word_1_526' title='bbox 1708 4367 1791 4425; x_wconf 91' lang='lat' dir='ltr'><strong>sunt</strong></span> <span class='ocrx_word' id='word_1_527' title='bbox 1807 4355 1905 4437; x_wconf 86' lang='lat' dir='ltr'><strong>casti,</strong></span> <span class='ocrx_word' id='word_1_528' title='bbox 1934 4355 2072 4425; x_wconf 89' lang='lat' dir='ltr'><strong>etiamsi</strong></span> <span class='ocrx_word' id='word_1_529' title='bbox 2088 4358 2219 4451; x_wconf 87' lang='lat' dir='ltr'><strong>gradus</strong></span> <span class='ocrx_word' id='word_1_530' title='bbox 2259 4408 2262 4429; x_wconf 80' lang='grc'><strong>.</strong></span> 
     </span>
    </p>

    <p class='ocr_par' dir='ltr' id='par_1_9' title="bbox 195 4450 2262 4863">
     <span class='ocr_line' id='line_1_42' title="bbox 296 4450 2262 4554; baseline 0 -24"><span class='ocrx_word' id='word_1_531' title='bbox 296 4454 488 4530; x_wconf 88' lang='lat' dir='ltr'><strong>Notissima</strong></span> <span class='ocrx_word' id='word_1_532' title='bbox 504 4468 555 4523; x_wconf 89' lang='lat' dir='ltr'><strong>est</strong></span> <span class='ocrx_word' id='word_1_533' title='bbox 569 4466 687 4524; x_wconf 90' lang='lat' dir='ltr'><strong>autem</strong></span> <span class='ocrx_word' id='word_1_534' title='bbox 703 4450 935 4526; x_wconf 92' lang='lat' dir='ltr'><strong>arithmeticis</strong></span> <span class='ocrx_word' id='word_1_535' title='bbox 948 4457 1181 4548; x_wconf 84' lang='lat' dir='ltr'><strong>etgeometris</strong></span> <span class='ocrx_word' id='word_1_536' title='bbox 1234 4464 1414 4533; x_wconf 86' lang='lat' dir='ltr'><strong>differunt.</strong></span> <span class='ocrx_word' id='word_1_537' title='bbox 1465 4458 1517 4529; x_wconf 90' lang='lat' dir='ltr'><strong>lta</strong></span> <span class='ocrx_word' id='word_1_538' title='bbox 1541 4458 1781 4530; x_wconf 90' lang='lat' dir='ltr'><strong>iurisconsulti</strong></span> <span class='ocrx_word' id='word_1_539' title='bbox 1801 4457 1938 4542; x_wconf 89' lang='lat' dir='ltr'><strong>dicunt,</strong></span> <span class='ocrx_word' id='word_1_540' title='bbox 1964 4482 2002 4530; x_wconf 87' lang='lat' dir='ltr'><strong>se</strong></span> <span class='ocrx_word' id='word_1_541' title='bbox 2023 4459 2219 4554; x_wconf 86' lang='lat' dir='ltr'><strong>aequalita·</strong></span> <span class='ocrx_word' id='word_1_542' title='bbox 2260 4494 2262 4502; x_wconf 95' lang='lat'>·</span> 
     </span>
     <span class='ocr_line' id='line_1_43' title="bbox 195 4554 1727 4660; baseline -0.001 -29"><span class='ocrx_word' id='word_1_543' title='bbox 195 4562 358 4631; x_wconf 89' lang='lat' dir='ltr'><strong>doctrina</strong></span> <span class='ocrx_word' id='word_1_544' title='bbox 373 4560 416 4626; x_wconf 90' lang='lat' dir='ltr'><strong>de</strong></span> <span class='ocrx_word' id='word_1_545' title='bbox 431 4555 742 4648; x_wconf 89' lang='lat' dir='ltr'><strong>proportionibus,</strong></span> <span class='ocrx_word' id='word_1_546' title='bbox 767 4558 998 4629; x_wconf 89' lang='lat' dir='ltr'><strong>ubidicitur:</strong></span> <span class='ocrx_word' id='word_1_547' title='bbox 1025 4559 1105 4627; x_wconf 85' lang='lat' dir='ltr'><strong>Alia</strong></span> <span class='ocrx_word' id='word_1_548' title='bbox 1129 4574 1181 4630; x_wconf 87' lang='lat' dir='ltr'><strong>est</strong></span> <span class='ocrx_word' id='word_1_549' title='bbox 1233 4579 1305 4635; x_wconf 87' lang='lat' dir='ltr'><strong>tem</strong></span> <span class='ocrx_word' id='word_1_550' title='bbox 1329 4586 1501 4660; x_wconf 88' lang='lat' dir='ltr'><strong>quaerere</strong></span> <span class='ocrx_word' id='word_1_551' title='bbox 1524 4561 1572 4633; x_wconf 80' lang='grc' dir='ltr'><strong>ἐν</strong></span> <span class='ocrx_word' id='word_1_552' title='bbox 1589 4554 1727 4636; x_wconf 79' lang='grc' dir='ltr'><strong>πλάτει.</strong></span> 
     </span>
     <span class='ocr_line' id='line_1_44' title="bbox 196 4653 2262 4756; baseline 0 -22"><span class='ocrx_word' id='word_1_553' title='bbox 196 4661 417 4735; x_wconf 87' lang='lat' dir='ltr'><strong>arithmetica</strong></span> <span class='ocrx_word' id='word_1_554' title='bbox 438 4653 631 4756; x_wconf 88' lang='grc' dir='ltr'><em>ἀναλογία,</em></span> <span class='ocrx_word' id='word_1_555' title='bbox 645 4659 714 4726; x_wconf 89' lang='lat' dir='ltr'><strong>alia</strong></span> <span class='ocrx_word' id='word_1_556' title='bbox 731 4664 956 4751; x_wconf 87' lang='lat' dir='ltr'><strong>geometrica.</strong></span> <span class='ocrx_word' id='word_1_557' title='bbox 1001 4658 1180 4731; x_wconf 85' lang='lat' dir='ltr'><strong>Arithme-</strong></span> <span class='ocrx_word' id='word_1_558' title='bbox 1334 4660 1689 4736; x_wconf 71' lang='lat' dir='ltr'><strong>Hae‘admonitionss</strong></span> <span class='ocrx_word' id='word_1_559' title='bbox 1710 4662 1863 4756; x_wconf 87' lang='lat' dir='ltr'><strong>pueriles</strong></span> <span class='ocrx_word' id='word_1_560' title='bbox 1881 4662 2099 4735; x_wconf 86' lang='lat' dir='ltr'><strong>necessariae</strong></span> <span class='ocrx_word' id='word_1_561' title='bbox 2121 4676 2221 4751; x_wconf 79' lang='lat' dir='ltr'><strong>sunt,</strong></span> <span class='ocrx_word' id='word_1_562' title='bbox 2260 4688 2262 4695; x_wconf 89' lang='lat'>·</span> 
     </span>
     <span class='ocr_line' id='line_1_45' title="bbox 196 4756 2218 4863; baseline -0.001 -26"><span class='ocrx_word' id='word_1_563' title='bbox 196 4769 264 4837; x_wconf 89' lang='lat' dir='ltr'><strong>tica</strong></span> <span class='ocrx_word' id='word_1_564' title='bbox 282 4756 463 4859; x_wconf 72' lang='grc' dir='ltr'><em>ἀναλογία</em></span> <span class='ocrx_word' id='word_1_565' title='bbox 483 4773 561 4842; x_wconf 83' lang='lat' dir='ltr'><strong>est,</strong></span> <span class='ocrx_word' id='word_1_566' title='bbox 580 4786 658 4828; x_wconf 90' lang='lat' dir='ltr'><strong>cum</strong></span> <span class='ocrx_word' id='word_1_567' title='bbox 675 4761 787 4832; x_wconf 90' lang='lat' dir='ltr'><strong>tribus</strong></span> <span class='ocrx_word' id='word_1_568' title='bbox 803 4779 864 4835; x_wconf 91' lang='lat' dir='ltr'><strong>aut</strong></span> <span class='ocrx_word' id='word_1_569' title='bbox 881 4766 1041 4856; x_wconf 88' lang='lat' dir='ltr'><strong>pluribus</strong></span> <span class='ocrx_word' id='word_1_570' title='bbox 1057 4791 1180 4835; x_wconf 78' lang='lat' dir='ltr'><strong>nurne-</strong></span> <span class='ocrx_word' id='word_1_571' title='bbox 1233 4797 1278 4841; x_wconf 91' lang='lat' dir='ltr'><strong>ne</strong></span> <span class='ocrx_word' id='word_1_572' title='bbox 1302 4774 1541 4863; x_wconf 86' lang='lat' dir='ltr'><strong>depraventur</strong></span> <span class='ocrx_word' id='word_1_573' title='bbox 1562 4767 1690 4836; x_wconf 89' lang='lat' dir='ltr'><strong>iudicia</strong></span> <span class='ocrx_word' id='word_1_574' title='bbox 1719 4765 1779 4834; x_wconf 88' lang='lat' dir='ltr'><strong>vel·</strong></span> <span class='ocrx_word' id='word_1_575' title='bbox 1796 4765 2064 4854; x_wconf 83' lang='lat' dir='ltr'><strong>superstitione,</strong></span> <span class='ocrx_word' id='word_1_576' title='bbox 2090 4766 2148 4836; x_wconf 87' lang='lat' dir='ltr'><strong>vel</strong></span> <span class='ocrx_word' id='word_1_577' title='bbox 2163 4767 2218 4837; x_wconf 86' lang='lat' dir='ltr'><strong>ni-</strong></span> 
     </span>
    </p>

    <p class='ocr_par' dir='ltr' id='par_1_10' title="bbox 1232 4866 2217 4943">
     <span class='ocr_line' id='line_1_46' title="bbox 1232 4866 2217 4943; baseline -0.004 0"><span class='ocrx_word' id='word_1_578' title='bbox 1232 4876 1303 4943; x_wconf 87' lang='lat' dir='ltr'><strong>mia</strong></span> <span class='ocrx_word' id='word_1_579' title='bbox 1320 4871 1509 4942; x_wconf 87' lang='lat' dir='ltr'><strong>laxatione.</strong></span> <span class='ocrx_word' id='word_1_580' title='bbox 1561 4868 1644 4939; x_wconf 90' lang='lat' dir='ltr'><strong>Ideo</strong></span> <span class='ocrx_word' id='word_1_581' title='bbox 1660 4866 1890 4937; x_wconf 86' lang='lat' dir='ltr'><strong>meminerint</strong></span> <span class='ocrx_word' id='word_1_582' title='bbox 1906 4868 2064 4940; x_wconf 89' lang='lat' dir='ltr'><strong>iuniores</strong></span> <span class='ocrx_word' id='word_1_583' title='bbox 2080 4869 2217 4940; x_wconf 91' lang='lat' dir='ltr'><strong>dictum</strong></span> 
     </span>
    </p>
   </div>
   <div class='ocr_carea' id='block_1_3' title="bbox 231 4964 2262 5110">
    <p class='ocr_par' dir='ltr' id='par_1_11' title="bbox 231 4964 2262 5110">
     <span class='ocr_line' id='line_1_47' title="bbox 231 4964 2262 5068; baseline 0 -25"><span class='ocrx_word' id='word_1_584' title='bbox 231 4979 277 5043; x_wconf 81' lang='lat'><strong>¹¹)</strong></span> <span class='ocrx_word' id='word_1_585' title='bbox 297 4992 450 5045; x_wconf 73' lang='lat' dir='ltr'><strong>onagrum</strong></span> <span class='ocrx_word' id='word_1_586' title='bbox 468 4994 528 5031; x_wconf 76' lang='lat' dir='ltr'><strong>eun</strong></span> <span class='ocrx_word' id='word_1_587' title='bbox 546 4980 609 5043; x_wconf 68' lang='lat'><strong>¹05⁰</strong></span> <span class='ocrx_word' id='word_1_588' title='bbox 627 4979 933 5043; x_wconf 67' lang='lat' dir='ltr'><strong>morata-reponat]</strong></span> <span class='ocrx_word' id='word_1_589' title='bbox 952 4984 993 5033; x_wconf 69' lang='lat'><strong>³⁵⁰</strong></span> <span class='ocrx_word' id='word_1_590' title='bbox 1011 4985 1085 5066; x_wconf 69' lang='lat'><strong>⁸3¹⁶:</strong></span> <span class='ocrx_word' id='word_1_591' title='bbox 1094 4986 1180 5066; x_wconf 64' lang='grc'><strong>1561,</strong></span> <span class='ocrx_word' id='word_1_592' title='bbox 1231 4972 1337 5048; x_wconf 81' lang='lat' dir='ltr'><strong>huius</strong></span> <span class='ocrx_word' id='word_1_593' title='bbox 1360 4974 1495 5045; x_wconf 82' lang='lat' dir='ltr'><strong>locide</strong></span> <span class='ocrx_word' id='word_1_594' title='bbox 1516 4973 1705 5055; x_wconf 80' lang='lat' dir='ltr'><strong>medietate</strong></span> <span class='ocrx_word' id='word_1_595' title='bbox 1730 4994 1801 5064; x_wconf 89' lang='lat' dir='ltr'><strong>quo</strong></span> <span class='ocrx_word' id='word_1_596' title='bbox 1824 4971 1870 5042; x_wconf 92' lang='lat' dir='ltr'><strong>ad</strong></span> <span class='ocrx_word' id='word_1_597' title='bbox 1891 4995 1975 5058; x_wconf 88' lang='lat' dir='ltr'><strong>nos,</strong></span> <span class='ocrx_word' id='word_1_598' title='bbox 2008 4984 2044 5042; x_wconf 89' lang='lat' dir='ltr'><strong>et</strong></span> <span class='ocrx_word' id='word_1_599' title='bbox 2068 4972 2217 5068; x_wconf 89' lang='lat' dir='ltr'><strong>quidem</strong></span> <span class='ocrx_word' id='word_1_600' title='bbox 2260 4964 2262 4971; x_wconf 71' lang='grc'><strong>’</strong></span> 
     </span>
     <span class='ocr_line' id='line_1_48' title="bbox 267 5049 1138 5110; baseline 0.009 -11"><span class='ocrx_word' id='word_1_601' title='bbox 267 5049 342 5102; x_wconf 83' lang='grc'><strong>1667.</strong></span> <span class='ocrx_word' id='word_1_602' title='bbox 360 5052 386 5099; x_wconf 87' lang='lat' dir='ltr'><strong>et</strong></span> <span class='ocrx_word' id='word_1_603' title='bbox 407 5050 566 5108; x_wconf 78' lang='lat' dir='ltr'><strong>asso.;1r‹t</strong></span> <span class='ocrx_word' id='word_1_604' title='bbox 588 5049 661 5106; x_wconf 83' lang='grc'><strong>1660.</strong></span> <span class='ocrx_word' id='word_1_605' title='bbox 680 5061 837 5110; x_wconf 71' lang='lat' dir='ltr'><strong>congruens</strong></span> <span class='ocrx_word' id='word_1_606' title='bbox 859 5063 918 5099; x_wconf 86' lang='lat' dir='ltr'><strong>cum</strong></span> <span class='ocrx_word' id='word_1_607' title='bbox 935 5057 1012 5103; x_wconf 82' lang='lat' dir='ltr'><strong>recto</strong></span> <span class='ocrx_word' id='word_1_608' title='bbox 1032 5056 1138 5109; x_wconf 80' lang='lat' dir='ltr'><strong>tttdtow.</strong></span> 
     </span>
    </p>
   </div>
   <div class='ocr_carea' id='block_1_4' title="bbox 211 5110 1182 5201">
    <p class='ocr_par' dir='ltr' id='par_1_12' title="bbox 211 5110 1182 5201">
     <span class='ocr_line' id='line_1_49' title="bbox 211 5110 1182 5201; baseline 0.003 -13"><span class='ocrx_word' id='word_1_609' title='bbox 211 5110 278 5201; x_wconf 76' lang='grc' dir='ltr'><strong>Ι12)</strong></span> <span class='ocrx_word' id='word_1_610' title='bbox 295 5135 414 5185; x_wconf 77' lang='lat' dir='ltr'><strong>laeditur</strong></span> <span class='ocrx_word' id='word_1_611' title='bbox 431 5137 531 5184; x_wconf 80' lang='lat' dir='ltr'><strong>natura</strong></span> <span class='ocrx_word' id='word_1_612' title='bbox 542 5120 631 5183; x_wconf 46' lang='lat' dir='ltr'><strong>&#39;nlntio</strong></span> <span class='ocrx_word' id='word_1_613' title='bbox 649 5133 796 5195; x_wconf 83' lang='lat' dir='ltr'><strong>alimento,</strong></span> <span class='ocrx_word' id='word_1_614' title='bbox 819 5136 848 5183; x_wconf 82' lang='lat' dir='ltr'><strong>et</strong></span> <span class='ocrx_word' id='word_1_615' title='bbox 866 5135 948 5185; x_wconf 81' lang='lat' dir='ltr'><strong>nlntio</strong></span> <span class='ocrx_word' id='word_1_616' title='bbox 968 5142 1058 5201; x_wconf 86' lang='lat' dir='ltr'><strong>motu,</strong></span> <span class='ocrx_word' id='word_1_617' title='bbox 1077 5141 1182 5191; x_wconf 83' lang='lat' dir='ltr'><strong>toedio·</strong></span> 
     </span>
    </p>
   </div>
   <div class='ocr_carea' id='block_1_5' title="bbox 264 5197 1178 5264">
    <p class='ocr_par' dir='ltr' id='par_1_13' title="bbox 264 5197 1178 5264">
     <span class='ocr_line' id='line_1_50' title="bbox 264 5197 1178 5264; baseline 0.007 -11"><span class='ocrx_word' id='word_1_618' title='bbox 264 5205 304 5254; x_wconf 86' lang='lat' dir='ltr'><strong>crt</strong></span> <span class='ocrx_word' id='word_1_619' title='bbox 318 5206 471 5264; x_wconf 66' lang='lat' dir='ltr'><strong>servetur]</strong></span> <span class='ocrx_word' id='word_1_620' title='bbox 489 5197 530 5252; x_wconf 80' lang='lat' dir='ltr'><strong>ate</strong></span> <span class='ocrx_word' id='word_1_621' title='bbox 546 5203 615 5252; x_wconf 72' lang='lat' dir='ltr'><strong>End.</strong></span> <span class='ocrx_word' id='word_1_622' title='bbox 630 5202 704 5252; x_wconf 87' lang='grc'><strong>1667.</strong></span> <span class='ocrx_word' id='word_1_623' title='bbox 723 5204 751 5251; x_wconf 86' lang='lat' dir='ltr'><strong>et</strong></span> <span class='ocrx_word' id='word_1_624' title='bbox 767 5203 859 5261; x_wconf 81' lang='grc'><strong>1660.;</strong></span> <span class='ocrx_word' id='word_1_625' title='bbox 878 5204 945 5256; x_wconf 75' lang='lat' dir='ltr'><strong>Eoo.</strong></span> <span class='ocrx_word' id='word_1_626' title='bbox 966 5207 1040 5255; x_wconf 82' lang='grc'><strong>1660.</strong></span> <span class='ocrx_word' id='word_1_627' title='bbox 1058 5213 1086 5258; x_wconf 89' lang='lat' dir='ltr'><strong>et</strong></span> <span class='ocrx_word' id='word_1_628' title='bbox 1105 5209 1178 5259; x_wconf 75' lang='grc'><strong>1664.</strong></span> 
     </span>
    </p>
   </div>
   <div class='ocr_carea' id='block_1_6' title="bbox 264 5239 1865 5339">
    <p class='ocr_par' dir='ltr' id='par_1_14' title="bbox 264 5239 1865 5339">
     <span class='ocr_line' id='line_1_51' title="bbox 264 5239 1865 5339; baseline -0.009 -15"><span class='ocrx_word' id='word_1_629' title='bbox 264 5274 382 5324; x_wconf 83' lang='lat' dir='ltr'><strong>laeditur</strong></span> <span class='ocrx_word' id='word_1_630' title='bbox 400 5274 500 5335; x_wconf 74' lang='lat' dir='ltr'><strong>nature</strong></span> <span class='ocrx_word' id='word_1_631' title='bbox 516 5272 598 5334; x_wconf 70' lang='lat' dir='ltr'><strong>atrato</strong></span> <span class='ocrx_word' id='word_1_632' title='bbox 615 5272 745 5329; x_wconf 76' lang='lat' dir='ltr'><strong>alimento</strong></span> <span class='ocrx_word' id='word_1_633' title='bbox 764 5274 792 5321; x_wconf 86' lang='lat' dir='ltr'><strong>et</strong></span> <span class='ocrx_word' id='word_1_634' title='bbox 810 5272 890 5321; x_wconf 81' lang='lat' dir='ltr'><strong>ntmts</strong></span> <span class='ocrx_word' id='word_1_635' title='bbox 910 5274 1032 5339; x_wconf 72' lang='lat' dir='ltr'><strong>modico,</strong></span> <span class='ocrx_word' id='word_1_636' title='bbox 1051 5274 1179 5328; x_wconf 80' lang='lat' dir='ltr'><strong>mettocrt</strong></span> <span class='ocrx_word' id='word_1_637' title='bbox 1205 5256 1233 5315; x_wconf 80' lang='lat'><strong>&#39;-</strong></span> <span class='ocrx_word' id='word_1_638' title='bbox 1266 5239 1312 5307; x_wconf 80' lang='lat'><strong>¹³)</strong></span> <span class='ocrx_word' id='word_1_639' title='bbox 1330 5242 1414 5291; x_wconf 62' lang='lat' dir='ltr'><strong>¹¹¹¹l¹¹⁸</strong></span> <span class='ocrx_word' id='word_1_640' title='bbox 1433 5242 1546 5293; x_wconf 59' lang='lat' dir='ltr'><strong>omas·</strong></span> <span class='ocrx_word' id='word_1_641' title='bbox 1861 5270 1865 5277; x_wconf 92' lang='lat'>·</span> 
     </span>
    </p>
   </div>
   <div class='ocr_carea' id='block_1_7' title="bbox 208 5326 2124 5482">
    <p class='ocr_par' dir='ltr' id='par_1_15' title="bbox 208 5326 2124 5482">
     <span class='ocr_line' id='line_1_52' title="bbox 263 5326 2124 5413; baseline 0.002 -21"><span class='ocrx_word' id='word_1_642' title='bbox 263 5344 409 5403; x_wconf 81' lang='lat' dir='ltr'><strong>serrator,</strong></span> <span class='ocrx_word' id='word_1_643' title='bbox 431 5332 551 5391; x_wconf 75' lang='lat' dir='ltr'><strong>taeitttnr</strong></span> <span class='ocrx_word' id='word_1_644' title='bbox 572 5345 601 5390; x_wconf 84' lang='lat' dir='ltr'><strong>et</strong></span> <span class='ocrx_word' id='word_1_645' title='bbox 623 5339 706 5402; x_wconf 81' lang='lat' dir='ltr'><strong>ntmto</strong></span> <span class='ocrx_word' id='word_1_646' title='bbox 731 5337 805 5391; x_wconf 74' lang='lat' dir='ltr'><strong>noto</strong></span> <span class='ocrx_word' id='word_1_647' title='bbox 829 5343 857 5391; x_wconf 82' lang='lat' dir='ltr'><strong>et</strong></span> <span class='ocrx_word' id='word_1_648' title='bbox 875 5341 955 5392; x_wconf 79' lang='lat' dir='ltr'><strong>ntmts</strong></span> <span class='ocrx_word' id='word_1_649' title='bbox 974 5344 1095 5413; x_wconf 80' lang='lat' dir='ltr'><strong>notter,</strong></span> <span class='ocrx_word' id='word_1_650' title='bbox 1118 5360 1177 5398; x_wconf 84' lang='lat' dir='ltr'><strong>me·</strong></span> <span class='ocrx_word' id='word_1_651' title='bbox 1233 5340 1237 5347; x_wconf 89' lang='lat'>&#39;</span> <span class='ocrx_word' id='word_1_652' title='bbox 1266 5326 1313 5394; x_wconf 78' lang='lat'><strong>¹⁴)</strong></span> <span class='ocrx_word' id='word_1_653' title='bbox 1331 5329 1382 5388; x_wconf 84' lang='lat' dir='ltr'><strong>at]</strong></span> <span class='ocrx_word' id='word_1_654' title='bbox 1401 5328 1442 5379; x_wconf 71' lang='lat'><strong>³¹⁰</strong></span> <span class='ocrx_word' id='word_1_655' title='bbox 1457 5329 1639 5393; x_wconf 65' lang='lat' dir='ltr'><strong>Bonam,</strong></span> <span class='ocrx_word' id='word_1_656' title='bbox 1658 5329 1735 5379; x_wconf 72' lang='lat'><strong>¹⁵5⁴·</strong></span> <span class='ocrx_word' id='word_1_657' title='bbox 1751 5329 1780 5378; x_wconf 63' lang='lat' dir='ltr'><strong>‘i</strong></span> <span class='ocrx_word' id='word_1_658' title='bbox 1798 5327 1891 5389; x_wconf 64' lang='lat'><strong>¹⁵⁵2?</strong></span> <span class='ocrx_word' id='word_1_659' title='bbox 1908 5327 1958 5376; x_wconf 63' lang='grc' dir='ltr'><strong>Ν·</strong></span> <span class='ocrx_word' id='word_1_660' title='bbox 1977 5327 2053 5378; x_wconf 70' lang='lat'><strong>¹⁶⁶⁰·</strong></span> <span class='ocrx_word' id='word_1_661' title='bbox 2074 5329 2124 5381; x_wconf 64' lang='grc' dir='ltr'><strong>Μ·</strong></span> 
     </span>
     <span class='ocr_line' id='line_1_53' title="bbox 208 5404 2071 5482; baseline 0.003 -21"><span class='ocrx_word' id='word_1_662' title='bbox 208 5430 213 5441; x_wconf 91' lang='grc'><em>·</em></span> <span class='ocrx_word' id='word_1_663' title='bbox 266 5412 352 5462; x_wconf 77' lang='lat' dir='ltr'><strong>‹ttocn</strong></span> <span class='ocrx_word' id='word_1_664' title='bbox 367 5414 505 5461; x_wconf 81' lang='lat' dir='ltr'><strong>servatur.</strong></span> <span class='ocrx_word' id='word_1_665' title='bbox 1268 5410 1316 5481; x_wconf 80' lang='grc'><strong>16)</strong></span> <span class='ocrx_word' id='word_1_666' title='bbox 1334 5407 1713 5482; x_wconf 67' lang='grc' dir='ltr'><strong>ἀναλογίᾳ]1111111.11.1.αλ</strong></span> <span class='ocrx_word' id='word_1_667' title='bbox 1729 5414 1758 5465; x_wconf 87' lang='lat' dir='ltr'><strong>tn</strong></span> <span class='ocrx_word' id='word_1_668' title='bbox 1778 5415 1906 5479; x_wconf 74' lang='lat' dir='ltr'><strong>suueqq.</strong></span> <span class='ocrx_word' id='word_1_669' title='bbox 1925 5404 2071 5480; x_wconf 71' lang='grc' dir='ltr'><em>ἀναλογία.</em></span> 
     </span>
    </p>
   </div>
   <div class='ocr_carea' id='block_1_8' title="bbox 0 0 2276 5766">
    <p class='ocr_par' dir='ltr' id='par_1_16' title="bbox 0 0 2276 5766">
     <span class='ocr_line' id='line_1_54' title="bbox 0 0 2276 5766; baseline 0 0"><span class='ocrx_word' id='word_1_670' title='bbox 0 0 2276 5766; x_wconf 95' lang='lat' dir='ltr'><strong> </strong></span> 
     </span>
    </p>
   </div>
  </div>
 </body>
</html>
