4566 5760
109 189 191 267 657

342 365 515 438 Nonum
542 380 869 458 argumentum.

162 515 292 592 Mattb.
310 517 346 606 5,
364 518 474 617 (42.):
499 518 554 590 Da
570 522 669 590 omni
682 522 816 614 petenti
829 534 876 593 te.

164 622 222 692 Sic
231 622 279 717 ⁴¹)
295 648 433 695 necesse
449 637 500 694 est
514 625 600 694 dare
614 624 791 696 omnibus,

160 724 258 816 Ergo
274 722 364 795 nihil
379 741 502 796 manet
515 727 715 820 proprium.

211 828 425 921 Respondeo
454 830 500 898 ad
529 831 755 900 antecedens:
793 823 1013 898 Universalis
1041 822 1090 891 ibi

106 952 186 999 non
209 930 382 1022 significat
403 933 522 1002 omnia
548 932 730 1003 individua
754 928 899 1023 speciei,
938 927 1000 997 sed
1024 926 1089 996 sub

106 1056 237 1125 genere
263 1034 502 1130 quarumlibet
522 1037 717 1128 specierum
749 1033 906 1128 aliquos,
945 1042 986 1100 ut
1009 1055 1087 1099 cum

106 1135 309 1233 dicitur⁴⁴):
337 1138 453 1207 Omne
472 1137 605 1208 animal
618 1140 685 1210 suit
701 1139 738 1208 in
754 1161 834 1207 arca
851 1134 949 1221 Noa,
973 1132 1088 1217 idest,

106 1238 174 1309 sub
203 1264 330 1330 genere
361 1241 600 1336 quarumlibet
629 1241 825 1335 specierum
857 1237 1012 1335 aliquot,
1051 1236 1087 1304 id

106 1354 181 1428 est,
207 1344 251 1411 da
267 1344 390 1414 amicis
409 1357 443 1414 et
459 1342 611 1414 inimicis
624 1342 836 1437 petentibus,
862 1339 978 1428 idest,
1003 1365 1085 1410 vera

106 1469 212 1516 rausa
226 1449 445 1538 petentibus,
471 1470 545 1515 non
566 1446 745 1519 furacibus
762 1443 1001 1530 stellionibus,
1027 1470 1086 1537 pe-

106 1549 258 1634 tacibus‚
283 1549 556 1642 impostoribus,
581 1575 671 1645 quos
695 1574 816 1620 omnes
841 1548 1005 1617 nominat
1025 1549 1086 1618 Sa-

106 1655 229 1723 lomon
252 1651 472 1745 crudeiesffl).
522 1651 660 1723 Eodem
681 1651 836 1747 pertinet
854 1653 951 1747 quod
970 1651 1086 1745 sequi-

106 1768 166 1826 tur
195 1751 339 1850 (Matth.
355 1752 392 1840 5,
409 1753 504 1849 48.):
536 1754 658 1826 Estote
686 1754 832 1848 perfecti
860 1755 950 1826 sicut
977 1752 1086 1824 Pater

106 1871 222 1929 vester
236 1860 393 1930 coelestis
405 1859 579 1952 perfectus
594 1871 662 1942 est,
688 1858 802 1943 idest,
829 1857 993 1953 aequales
1010 1857 1084 1927 sine

106 1957 410 2061 προςωποληψία,
437 1964 517 2031 date
543 1954 708 2032 omnibus
727 1972 889 2055 respectu
903 1983 1008 2030 verae
1024 1986 1085 2030 ne-

106 2065 293 2149 cessitatis,
337 2077 371 2134 et
392 2088 459 2158 pro
482 2064 726 2148 facultatibus,
761 2089 837 2134 non
864 2062 1006 2133 omittas
1031 2063 1084 2133 in-

614 190 640 268 1.
687 186 1057 268 PROLEGOMENA
1085 183 1137 258 IN
1168 180 1357 255 offitia
1388 180 1645 259 CICERONIS.

2047 182 2121 258 668

1144 356 1256 426 nendi
1270 350 1426 426 bumana
1437 356 1629 440 autoritas,
1662 358 1724 428 sed
1738 356 1835 428 Deus
1848 358 1923 451 ipse
1939 356 2038 427 dedit
2054 356 2119 440 ius,

1111 530 1114 535 ,
1142 459 1368 550 magistratus
1382 471 1434 528 est
1448 471 1586 528 tautum
1600 473 1737 543 custos,
1763 485 1825 531 seu
1848 463 2030 543 defensor,
2056 485 2119 531 seu

1143 575 1307 631 executor
1320 561 1455 631 ordinis
1467 562 1600 645 divini,
1626 564 1715 632 sicut
1728 577 1782 633 est
1796 576 1935 633 tantum
1956 564 2120 633 defensor

1142 664 1233 733 vitae
1251 677 1286 733 ct
1302 664 1467 755 coniugii.
1517 665 1614 734 Deus
1628 680 1746 734 autem
1762 667 1859 735 dedit
1874 667 2117 738 instruendae

1141 767 1252 847 vitae,
1274 779 1309 834 et
1324 768 1495 836 tenendae
1513 768 1683 858 coniugis.

1240 868 1355 960 Supra
1375 868 1421 962 ⁴⁴)
1454 868 1561 959 igitur
1595 867 1848 961 reprehensum
1882 884 1935 942 est
1965 871 2115 939 dictum:

1139 968 1253 1040 Nemo
1276 984 1392 1063 potest
1415 970 1546 1041 dicere:
1598 972 1694 1043 Haec
1716 975 1799 1043 villa
1822 997 1902 1042 mea
1923 987 1991 1056 est,
2029 967 2116 1039 baec

1139 1071 1221 1140 villa
1240 1087 1366 1145 tuaest
1382 1075 1459 1143 iure
1475 1074 1597 1143 divino
1614 1087 1677 1145 etc.
1729 1078 1918 1146 Praeterea
1943 1076 2040 1169 quod
2062 1073 2115 1141 di-

1139 1175 1186 1244 cit
1202 1174 1344 1259 Cicero,
1368 1176 1473 1247 Nulla
1497 1201 1569 1247 esse
1594 1179 1732 1269 privata
1755 1191 1904 1262 natura,
1929 1176 2114 1246 manifeste

1137 1277 1262 1346 falsum
1286 1291 1341 1348 est
1362 1280 1404 1348 de
1426 1274 1720 1363 haereditatibus,
1747 1283 1790 1350 de
1810 1281 2047 1363 mercedibus,
2072 1279 2114 1344 de

1138 1380 1316 1472 acquisitis
1331 1406 1395 1472 per
1410 1382 1637 1472 emptionem.
1697 1384 1831 1476 Quaeri
1855 1397 1973 1453 autem
1996 1374 2116 1471 sophi-

1137 1481 1223 1551 stica
1241 1482 1487 1574 interpretatio
1506 1498 1638 1575 potest,
1660 1486 1791 1555 scilieet
1811 1488 1854 1555 de
1873 1487 1991 1578 prima
2014 1506 2116 1552 occu·

1136 1584 1281 1675 patione
1297 1599 1412 1654 terrae
1425 1610 1500 1655 non
1515 1582 1676 1658 habentis
1693 1589 1898 1672 dominum,
1924 1589 1981 1657 vel
1997 1589 2040 1656 dc
2056 1609 2114 1653 oc·

1137 1687 1324 1777 eupatione
1343 1689 1413 1772 rei,
1440 1713 1530 1782 quae
1549 1690 1585 1758 in
1602 1691 1732 1762 nullius
1746 1691 1850 1761 bonis
1866 1704 1929 1782 est.
1985 1688 2055 1759 Sed
2070 1688 2113 1755 de

1136 1783 1190 1858 bis
1203 1790 1309 1858 etiam
1325 1791 1424 1873 dicu,
1448 1794 1545 1885 quod
1559 1792 1655 1863 Deus
1674 1794 1811 1863 dederit
1836 1782 1891 1863 ius
1913 1807 2045 1863 terram
2063 1801 2114 1857 te·

1135 1891 1263 1974 nendi,
1288 1917 1363 1961 non
1382 1887 1569 1963 habentem
1594 1897 1800 1981 dominum,
1830 1896 1920 1967 sicut
1943 1893 2114 1986 scriptum

1137 1995 1323 2065 estGenes.
1335 1996 1370 2078 1,
1387 1994 1497 2089 (28.):
1525 1997 1691 2068 Subiicite
1709 2012 1853 2082 terram,
1878 1993 2115 2068 dominamini

1135 2096 1309 2167 universis
1323 2096 1563 2170 animantibus
1581 2112 1645 2170 etc.

106 2168 198 2240 iusto
218 2167 319 2250 odio,
345 2168 401 2236 vel
418 2166 610 2260 cupiditate
627 2164 814 2237 vindictae.
1235 2199 1338 2268 popo
1358 2201 1416 2270 11·
1442 2205 1513 2272 Sed
1525 2207 1713 2274 ,nimiu-a,
1723 2229 1849 2294 plenem
1863 2198 2007 2300 mag]
2033 2199 2113 2271 pri,

195 2288 385 2357 Praeterea
400 2285 645 2379 interpretatio
662 2285 746 2355 dicti
759 2297 918 2357 sumatur
934 2309 976 2356 ex
989 2311 1084 2356 com·
1134 2324 1192 2369 ma
1210 2302 1354 2371 divisio:
1380 2299 1535 2373 Iniuriae
1550 2317 1632 2374 sunt
1647 2306 1815 2397 duplices,
1841 2319 1902 2376 aut
1917 2330 2007 2398 quae
2023 2306 2114 2375 fiunt

106 2390 206 2462 muni
230 2392 373 2482 regula,
412 2388 645 2480 Evtssgtlhlffl
682 2412 756 2458 ¹¹⁰ss
789 2389 908 2458 abolet
939 2389 1082 2481 politica
1135 2403 1340 2486 inserendo,
1366 2417 1532 2498 autquae
1546 2407 1854 2478 fiuntdeserendo.
1903 2409 2003 2477 Aliae
2023 2409 2114 2476 fiunt

106 2507 138 2564 et
161 2493 390 2564 oeconomica
411 2490 640 2582 congruentia
657 2490 727 2581 legi
742 2490 826 2572 Dei,
860 2490 945 2560 dicit
965 2505 1081 2560 autem
1134 2505 1400 2589 commissione,
1438 2507 1528 2575 aliae
1562 2509 1764 2580 omissione,
1842 2509 2113 2589 commissione,

106 2599 176 2667 lex:
207 2596 289 2664 Non
314 2597 448 2663 lurtum
471 2594 596 2675 facies,
624 2592 737 2662 sancit
762 2592 868 2683 igitur
889 2592 1083 2662 distinctio·
1105 2603 1112 2718 Ι
1134 2607 1171 2675 id
1193 2620 1263 2691 est,
1306 2632 1396 2702 quae
1417 2609 1506 2678 fiunt
1526 2610 1630 2694 (1010,
1670 2608 1782 2684 κακία
1803 2625 1856 2683 ,st
1876 2613 2039 2702 generale
2067 2610 2112 2678 ad

106 2725 185 2770 uem
202 2696 444 2765 dominiorum
460 2708 494 2765 et
510 2694 780 2787 proprietatum.
828 2693 1014 2766 EtPaulus
1030 2695 1083 2764 in·
1134 2708 2113 2808 culpametdolum‚7107279502031specialeaddolm

106 2797 601 2899 quit(1.'rim.6,1i.18.):
634 2797 1005 2891 Praeclptdivifibttt‚
1043 2811 1084 2868 ut
1133 2813 1292 2882 Secunda
1315 2813 1463 2883 divisio:
1507 2811 1662 2885 Iniuriae
1684 2829 1746 2886 aut
1769 2819 1858 2887 fiunt
1879 2819 2017 2908 palam,
2050 2825 2113 2886 aut

106 2904 175 2975 sint
203 2894 424 2973 xovovixoi.
489 2898 536 2969 Ei
559 2902 605 2971 ad
628 2895 788 2972 Corinth·
814 2899 962 2994 (ΗΘΒ
978 2902 1014 2984 8,
1029 2900 1082 2996 8«)
1133 2917 1223 2984 fiunt
1236 2917 1379 2999 fraude,
1406 2916 1448 2984 de
1464 2912 1531 2985 hac
1546 2919 1777 2988 concionatur
1792 2918 1942 2990 loannes
1958 2918 2059 3013 (Luc.
2076 2918 2112 2999 8,

106 3028 266 3099 txprtsst
291 3002 425 3097 inquii,
450 3026 486 3072 ὅθ
509 3016 628 3094 Petere
651 3004 719 3087 stt,
750 3015 791 3073 1¹⁴
809 3003 857 3072 δὴ
881 3004 1081 3075 voluntaria
1136 3015 1228 3113 14.):
1255 3017 1442 3088 Neminem
1460 3020 1679 3107 concutiatis,
1704 3046 1819 3116 neque
1835 3021 2112 3103 calumniemini,

106 3106 267 3191 collatio,
292 3130 366 3175 non
382 3105 553 3197 imperata
568 3106 643 3199 lege
666 3104 807 3200 aliqua,
833 3118 868 3175 et
886 3106 986 3176 addit
1006 3133 1083 3176 mo·
1134 3119 1171 3188 id
1191 3134 1259 3202 est,
1284 3121 1419 3189 nemini
1433 3122 1559 3192 fraude
1576 3123 1666 3192 clam
1681 3126 1849 3196 noceatis,

106 3214 191 3283 dum
206 3208 308 3305 (ibid.
325 3234 358 3280 v.
377 3205 580 3326 18.):⁰Non
595 3222 636 3279 ut
650 3207 751 3279 vobis
764 3207 812 3279 sit
822 3209 979 3294 afflictio,
1005 3210 1083 3280 aliis
1234 3225 1431 3294 Maximam
1455 3222 1660 3324 aoiemtt)‚]
1687 3225 1724 3294 id
1746 3241 1815 3312 ,δι’
1853 3227 1941 3295 aliae
1962 3226 2113 3297 iniuriae

106 3312 265 3407 ignavia>
291 3312 347 3380 vel
363 3324 520 3382 cessam·
1134 3326 1224 3394 liunt
1250 3325 1440 3416 cupiditate
1463 3326 1633 3411 nocendi,
1674 3328 1764 3398 aliae
1791 3341 1908 3412 metu,
1951 3329 2041 3399 aliae
2072 3356 2114 3398 ex

203 3430 450 3524 Explodantur
465 3453 548 3521 ergo
568 3429 722 3499 fanatica
747 3430 979 3501 deliramenta
999 3457 1084 3501 ana·
1134 3450 1231 3494 mera
1248 3427 1404 3511 malitia,
1427 3427 1502 3498 sine
1517 3430 1589 3497 ullo
1607 3430 1677 3500 alio
1695 3432 1842 3515 affectu,
1867 3443 1908 3500 ut
1927 3446 2032 3523 caput
2048 3432 2113 3503 Ca-

106 3534 361 3629 baptistarum,
398 3558 490 3628 quae
519 3531 625 3603 etiam
655 3531 739 3601 olim
770 3557 875 3625 saepe
896 3535 1085 3605 turbarunt
1135 3523 1306 3622 tullum*)
1328 3529 1473 3598 dicitur:
1508 3531 1666 3601 Tantum
1687 3532 1753 3601 tibi
1774 3532 1940 3625 gaudium
1962 3534 1998 3601 in
2015 3536 2114 3604 omni

106 3636 319 3720 Ecclesiam,
346 3661 437 3731 quae
451 3638 630 3705 finxerunt
643 3637 841 3705 necessario
854 3661 910 3707 res
931 3637 971 3706 in
989 3663 1084 3707 com·
1135 3632 1237 3726 culpa
1252 3645 1323 3717 est,
1348 3631 1610 3731 inquacunquc
1627 3647 1679 3705 est
1693 3635 1829 3729 aliquid
1843 3635 1994 3707 sceleris.

106 3765 213 3812 mune
237 3740 467 3810 conserendas
491 3762 578 3810 esse.
640 3736 688 3806 Et
713 3737 866 3810 sciamus
888 3739 1084 3810 distinctio·
1236 3733 1381 3819 Gloria,
1419 3749 1513 3804 recte
1534 3736 1712 3806 intellecto
1732 3739 1927 3825 vocabulo,
1969 3752 2021 3810 cst
2051 3764 2112 3830 ap-

106 3867 187 3915 nem
218 3841 462 3913 dominiorum
492 3854 527 3911 et
554 3840 811 3935 proprietatum
840 3843 1014 3934 sapientia
1050 3856 1085 3913 et
1134 3835 1299 3929 probatio
1323 3837 1557 3907 eonscientiae
1580 3839 1767 3933 propriae,
1806 3854 1899 3911 recte
1926 3841 2114 3912 iudicantis

106 3946 181 4039 lege
195 3942 264 4015 Dei
281 3945 483 4016 ordinatam
500 3969 595 4026 esse,
631 3956 669 4014 et
680 3942 758 4014 Deo
780 3945 940 4037 placere,
975 3972 1083 4042 quam
1135 3952 1170 4009 et
1183 3938 1335 4009 aliorum
1353 3954 1445 4009 recte
1460 3940 1704 4013 iudicantium.

106 4048 151 4119 ob
167 4071 311 4119 causam
326 4047 412 4118 laeti
427 4060 607 4118 teneamus
622 4060 756 4128 nostra,
768 4061 804 4120 et
816 4053 860 4121 ab
877 4051 993 4122 alieno
1006 4052 1084 4123 abs.
1234 4039 1344 4113 Estne
1362 4047 1558 4135 appetenda
1577 4045 1689 4135 gloria
1704 4045 1873 4113 mandato
1888 4044 2037 4112 divino?

106 4151 302 4235 tineamus,
341 4152 626 4243 obtemperantes
646 4149 716 4242 legi
739 4150 828 4237 Dei,
869 4167 904 4225 et
931 4158 1083 4245 goudea.
1235 4144 1309 4216 Est
1357 4145 1482 4215 Ratio:
1522 4146 1645 4216 Bonae
1677 4145 1910 4215 conscientiae
1936 4145 2113 4237 approba·

106 4278 185 4325 mus
211 4253 381 4324 divinitus
406 4253 563 4324 munitos
591 4276 664 4322 esse
692 4269 833 4329 nostros
854 4257 995 4328 nidulos
1017 4254 1084 4328 hac
1134 4244 1185 4315 tio
1213 4259 1267 4316 est
1293 4250 1492 4341 appetenda
1518 4250 1687 4317 mandato
1714 4247 1847 4317 divino.
1912 4247 2036 4318 Gloria
2061 4260 2114 4317 est

106 4358 182 4451 lege
207 4353 526 4452 (Eioa.ao‚15.):
559 4356 643 4428 Non
665 4356 798 4428 furtum
820 4361 938 4431 facies.
997 4361 1084 4430 Uta-
1135 4349 1347 4441 approbatio
1373 4350 1607 4420 conscientiae
1628 4362 1722 4419 recte
1753 4347 1952 4421 iudicantis.
2015 4349 2112 4441 Ergo

106 4484 187 4531 mur
215 4459 321 4529 etiam
354 4461 458 4529 rebus
484 4459 634 4540 nostris,
673 4457 764 4530 sicut
784 4461 880 4534 Deus
900 4463 1083 4555 praecipit.
1135 4464 1188 4522 est
1201 4454 1411 4546 appetenda.
1448 4452 1567 4521 Maior
1579 4452 1762 4522 manifesta
1779 4463 1843 4535 est,
1867 4451 1963 4522 iuxta
1980 4454 2113 4523 dictum

106 4562 264 4633 Seianam
297 4562 383 4631 item
416 4557 509 4631 hanc
537 4560 817 4654 propositionem
851 4589 972 4636 veram
998 4591 1083 4639 esse.
1135 4553 1457 4650 (1.Tim.1‚18.):
1500 4553 1616 4624 Miltia
1644 4555 1776 4625 bonam
1807 4555 1991 4640 militiam,
2029 4555 2113 4624 reti-

106 4663 292 4735 Distinctio
312 4662 553 4733 dominiorum
569 4677 621 4737 est
635 4661 721 4733 iuris
736 4666 859 4740 divini,
899 4666 989 4739 Item
1005 4670 1083 4740 iure
1133 4660 1340 4728 nensfidem
1358 4661 1537 4728 etbonam
1554 4657 1816 4727 conscientiam.
1864 4658 1986 4728 Minor
1999 4658 2113 4726 mani·

106 4767 226 4837 divino
242 4781 277 4838 et
299 4767 455 4838 naturali
474 4770 618 4862 propria
635 4777 719 4841 sunt
733 4770 908 4862 legitimae
922 4768 1083 4843 haeredi.
1133 4761 1220 4831 festa
1241 4774 1293 4830 est
1314 4785 1355 4830 ex
1370 4761 1483 4830 Paulo
1507 4759 1815 4856 (a.cor.1‚1a.):
1848 4758 1945 4831 Haec
1964 4773 2016 4831 est
2038 4761 2112 4853 glo-

106 4880 213 4954 tatea,
239 4868 352 4941 iustae
371 4870 567 4956 mercedes,
592 4898 648 4943 m
668 4873 819 4941 traditae
843 4898 908 4966 per
932 4876 1082 4966 emptio.
1132 4862 1239 4933 riatio
1261 4875 1403 4948 nostra,
1442 4862 1684 4935 testimonium
1705 4859 1940 4935 conscientiae
1959 4877 2113 4935 nostrae.

106 4996 189 5041 nem
215 4985 251 5043 et
270 4973 502 5043 donationem
528 4987 593 5046 etc.
643 4973 684 5043 In
704 4970 759 5046 bis
780 4999 854 5044 non
874 4977 936 5045 dat
956 4977 1011 5048 ius
1031 4990 1081 5047 te-

1165 5099 1213 5166 44)
1232 5099 1299 5164 Peg.
1312 5098 1372 5151 tw.

1166 5201 1215 5261 tt)
1233 5202 1309 5251 Haeo
1326 5202 1413 5252 verba
1429 5200 1606 5251 inveniuntur
1623 5199 1679 5252 cte.
1697 5198 1731 5248 de
1747 5199 1818 5250 otto.
1830 5198 1854 5263 Ι,
1871 5197 1898 5264 7,
1917 5199 1961 5251 28.

1165 5301 1213 5370 44)
1231 5306 1306 5355 Haeo
1322 5308 1387 5355 mat
1402 5306 1489 5357 verta
1505 5303 1647 5356 Ciceronis
1664 5303 1698 5353 de
1715 5303 1787 5356 otto.
1801 5302 1824 5367 Ι,
1841 5301 1869 5368 7,
1886 5301 1930 5353 44.

1165 5408 1199 5473 a)
1217 5408 1316 5473 otuu.
1330 5409 1376 5475 u,
1392 5408 1420 5464 s.
1437 5409 1478 5460 ia

133 5203 184 5274 41)
202 5205 263 5269 tte]
280 5204 408 5272 Prolagg.
429 5208 545 5262 tamt:
571 5211 610 5263 St.

132 5308 185 5369 44]
201 5308 303 5361 uma.
315 5306 343 5373 7,
362 5308 389 5359 α
405 5307 431 5361 9.
450 5312 492 5361 it

132 5408 183 5481 41)
200 5410 282 5465 cont.
299 5410 422 5479 Pron-d,
439 5413 467 5468 9.
494 5413 537 5481 ii,
555 5415 595 5471 17.
