4544 5766
183 203 258 281 sar
448 189 651 269 scama
672 188 752 266 ru.
775 185 1308 263 minorarentur
1333 186 1592 266 rouncaa
1618 185 1933 265 sororaurra
2133 174 2213 269 ‘aas

186 373 315 450 Turris
337 373 376 443 in
389 370 600 453 Pannonia,
626 378 745 437 certae
765 388 803 437 se
823 363 935 436 morti
959 362 1107 447 obiecit,
1131 375 1174 435 ut
1224 366 1322 460 quod
1336 365 1480 436 ruinam
1496 366 1655 462 aliquam
1671 368 1841 439 traxerit:
1874 365 1961 435 item
1975 365 2145 435 adversus
2158 363 2216 432 irs

186 481 298 551 vitam
314 478 369 549 sui
384 475 536 557 domini,
560 472 658 541 ducis
667 469 855 552 saxoniae,
876 468 1037 539 Mauritii
1052 468 1173 537 delen·
1223 469 1427 539 firmitatem
1457 465 1674 556 humanam,
1714 472 1772 541 eui
1799 492 1957 563 nequam
1986 467 2131 560 spiritus
2157 467 2217 535 in-

187 588 297 653 deret.
351 578 441 649 Cum
466 577 561 645 enim
585 576 657 644 dux
672 572 863 642 Mauritius
887 573 924 640 in
938 569 1075 662 praelio
1092 594 1173 639 eum
1224 573 1343 643 sultat.
1386 571 1550 665 Denique
1564 573 1602 641 in
1617 573 1765 665 singulis
1780 572 1980 644 actionibus
1993 582 2217 640 concurrunt

189 685 316 757 Tuccis
331 680 539 764 commisso,
566 678 611 745 ad
626 677 771 746 Pestum
785 675 967 766 Ungariae
988 673 1174 766 oppidum,
1225 674 1379 766 plurima
1395 689 1622 765 argumenta,
1648 701 1691 745 ex
1703 677 1877 746 varietatc
1897 697 2085 744 causarum
2109 685 2146 741 et
2164 672 2216 741 el-

188 788 357 857 aviditate
374 781 580 875 pugnandi,
604 778 745 870 longius
760 773 1037 868 proveheretur,
1065 799 1173 869 quam
1224 779 1380 847 lecturam
1403 778 1561 848 collecta.
1627 779 1691 847 llis
1719 792 1773 848 tot
1802 776 2216 868 argumentis-voluntas

189 887 338 970 caeteri,
364 886 483 955 illatus
506 885 545 952 in
566 878 724 952 hostium
741 905 868 971 agmen
889 905 920 957 a,
929 879 1056 950 Turris
1071 877 1176 947 undi-

189 1018 258 1087 que
292 991 552 1058 circumventus
582 999 644 1055 est.
725 980 779 1050 lbi
807 983 949 1051 sortiter
978 979 1175 1062 dimicanti,

189 1120 302 1190 equus
326 1091 548 1172 confoditur,
582 1088 778 1177 collapsum
808 1085 916 1177 igitur
946 1086 1072 1154 ducem
1103 1106 1174 1152 una

189 1222 271 1268 cum
297 1219 389 1289 equo
415 1191 620 1286 oppressuri
644 1189 755 1258 Turci
779 1200 989 1270 accurrunt,
1023 1211 1175 1279 cumque

190 1301 262 1369 iam
279 1298 451 1368 ancicus
465 1296 566 1364 miles
582 1290 770 1382 vestigium
787 1290 1019 1382 impressisset
1033 1289 1177 1379 corpori

191 1403 311 1484 ducis,
337 1400 440 1494 eique
453 1399 575 1468 stricto
592 1398 699 1477 ferro,
721 1418 843 1463 necem
859 1392 1070 1475 minaretur,
1083 1415 1176 1460 unus

191 1531 235 1576 ex
249 1502 458 1575 satellitibus
477 1500 575 1570 ducis
590 1493 805 1579 Ribischius,
821 1496 1014 1565 Turricnm
1027 1494 1177 1563 militem

191 1606 402 1687 antevertit,
444 1628 484 1672 ac
508 1604 717 1683 obtruncat,
755 1596 823 1668 hoc
847 1599 1054 1679 interfecto,
1093 1595 1179 1665 facit

191 1711 366 1802 impetum
382 1707 419 1775 in
435 1719 592 1775 caeteros
607 1705 766 1785 Turcos,
793 1724 924 1796 eosque
940 1699 1097 1791 repellit,
1124 1699 1178 1766 in-

191 1814 298 1883 terim
329 1812 449 1903 plures
484 1807 630 1881 comites
659 1805 758 1873 ducis
779 1803 943 1873 Mauritii
972 1802 1178 1883 adveniunt,

192 1916 256 2012 qui
272 1940 353 1984 cum
369 1937 411 1980 ex
428 1907 604 2003 ephippiis
618 1908 809 1998 expediunt
825 1918 859 1975 et
872 1908 1059 1975 reducunt.
1116 1902 1180 1970 Ri-

191 2013 347 2088 bischius
364 2038 450 2083 vero
468 2027 609 2083 servato
625 2010 790 2093 domino,
817 2033 897 2078 cum
916 2032 1009 2079 unus
1023 2028 1090 2098 par
1105 2030 1179 2075 esse

192 2119 330 2213 agmini
353 2129 453 2186 tanto
476 2140 552 2185 non
576 2126 716 2207 posset,
748 2112 869 2184 multis
895 2111 1102 2181 vulneribus
1123 2133 1180 2178 ac-

193 2223 321 2315 ceptis,
344 2220 488 2289 tandem
503 2217 741 2299 exanimatus,
767 2215 933 2285 concidit.
984 2211 1179 2281 Laudanda

193 2338 246 2396 est
262 2338 296 2394 ct
310 2324 396 2393 fides
414 2335 448 2391 et
465 2321 637 2391 fortitudo
660 2316 802 2400 militis,
829 2342 870 2386 ac
895 2327 1046 2409 utraque
1068 2314 1180 2383 virtus

193 2422 302 2520 supra
319 2426 444 2515 vulgus
461 2437 523 2494 est.
574 2422 691 2493 Habet
705 2433 822 2490 autem
839 2443 960 2490 causas
975 2441 1049 2486 non
1065 2418 1179 2488 solum

192 2530 365 2601 iudicium
383 2528 421 2596 in
438 2538 569 2608 mente,
586 2526 849 2595 ctvoluntatcm
861 2525 1181 2613 obtemperantem,

193 2633 374 2705 sedetiam
392 2631 567 2721 impetum
592 2653 709 2697 acrem
731 2641 881 2695 naturae
909 2638 944 2694 et
956 2622 1093 2707 Deum,
1118 2622 1182 2716 qui

191 2749 228 2806 et
243 2737 359 2828 ipsum
376 2734 525 2803 militem
541 2731 775 2824 praeliantem
792 2729 939 2810 adiuvit,
965 2740 1000 2795 et
1015 2739 1181 2795 eventum

192 2840 243 2908 ita
259 2836 488 2929 gubernavit,
515 2847 555 2903 ut
571 2835 643 2903 dux
658 2831 845 2901 incolumis
864 2829 1040 2898 evaderet.
1093 2828 1184 2896 Sunt

191 2942 303 3032 igitur
321 2962 447 3008 causae
463 2933 569 3005 hrrius
584 2935 681 3017 lacti,
707 2958 821 3015 mens,
847 2931 1031 3013 iudicium,
1056 2931 1184 2998 volun-

192 3058 248 3114 tas
270 3045 539 3132 obtemperans,
574 3049 609 3105 et
629 3036 783 3126 impetus
805 3033 979 3103 naturalis
999 3033 1038 3099 in
1058 3032 1184 3114 milite,

192 3160 229 3216 et
245 3145 341 3214 Deus
357 3144 501 3211 adiutor
516 3165 555 3207 ac
570 3139 800 3229 gubernator,
828 3138 912 3232 quia
929 3136 1005 3206 sinc
1018 3132 1096 3203 Deo
1112 3134 1184 3201 vir·

193 3261 251 3319 tus
266 3272 342 3316 non
359 3259 412 3316 est
427 3243 546 3315 foelix.

296 3380 337 3453 ln
361 3379 524 3451 doctrina
551 3374 741 3448 christiana
765 3374 814 3446 sic
845 3375 1038 3445 traduntur
1059 3397 1184 3443 causae

195 3484 398 3569 actionum,
423 3483 548 3555 utsint
564 3495 651 3551 tres:
678 3478 782 3549 Mens
803 3476 966 3548 iudicans
987 3476 1083 3546 iuxta
1106 3500 1184 3544 ver-

193 3593 279 3662 bum
303 3588 392 3671 Dei,
431 3587 597 3656 voluntas
619 3582 830 3662 assentiens,
866 3580 1019 3675 Spiritus
1042 3592 1184 3648 sanctus

196 3692 384 3786 impellens
398 3701 554 3758 mentem
572 3700 606 3755 et
623 3687 865 3768 voluntatem,
893 3697 927 3752 et
946 3679 1012 3752 has
1027 3681 1184 3750 infirmas

194 3795 288 3865 vires
304 3794 489 3874 adiuvans,
515 3803 550 3858 et
566 3788 697 3857 exitum
715 3789 935 3878 gubernans,
961 3785 1051 3854 sicut
1068 3783 1184 3877 inquit

196 3888 358 3971 Christus
382 3891 523 3991 (loann.
542 3888 610 3974 15,
633 3885 709 3984 5.):
738 3888 821 3958 Sine
842 3912 899 3957 me
923 3883 1014 3955 nihil
1038 3885 1183 3976 potestis

193 4002 322 4085 facere,
336 4011 388 4084 ut,
405 4022 485 4071 curn
493 3988 620 4086 loseph
629 4004 805 4085 repugnat
820 3988 993 4059 illecebris
1002 3987 1182 4058 dominae.

193 4106 359 4177 Primum
376 4127 476 4171 mens
493 4100 653 4167 intuetur
666 4097 816 4163 verbum
831 4093 918 4177 Dei,
946 4105 981 4161 et
1005 4089 1183 4160 detinetur

194 4208 234 4278 in
257 4208 332 4279 eius
355 4203 569 4297 cogitatione
593 4224 613 4269 a
641 4197 777 4291 Spiritu
799 4208 940 4277 saneto,
980 4207 1020 4263 ut
1041 4193 1183 4284 colligat

195 4311 326 4381 multas
356 4332 504 4399 magnas
534 4327 667 4373 causas.
745 4298 916 4391 Agnoscit
939 4308 1182 4390 praeceptum,

197 4427 232 4483 et
253 4413 387 4483 iudicat
409 4410 487 4479 Deo
508 4406 747 4476 obediendum
774 4427 868 4487 esse,
895 4399 1026 4491 cogitat
1048 4423 1181 4490 poenas

196 4527 378 4587 secuturas
394 4538 467 4582 csse
483 4520 684 4603 praesentes
704 4520 738 4577 et
753 4519 927 4586 aeternas,
954 4501 1179 4572 amissionem

1227 879 1417 949 assentitur
1430 879 1584 970 impulsa
1605 894 1641 949 et
1662 881 1785 950 adiuta
1809 880 1982 972 aSpiritu
2000 891 2147 962 sancto,
2159 891 2218 947 ··et

1228 1005 1434 1076 quanquam
1454 994 1576 1073 postea
1600 996 1749 1075 propter
1774 984 1989 1054 calumniam
2013 982 2158 1073 rapitur
2179 981 2217 1049 in

1228 1108 1424 1167 carcerem,
1446 1097 1566 1153 tamen
1581 1086 1682 1155 adest
1704 1087 1737 1155 ei
1752 1086 1869 1169 Deus,
1902 1099 1941 1155 et·
1952 1086 2129 1177 gubernat
2143 1083 2219 1152 exi·

1228 1200 1316 1257 tum.
1379 1186 1455 1254 Hae
1471 1212 1597 1258 causae
1618 1189 1828 1279 cogitandae
1849 1201 1954 1272 sunt,
1977 1201 2020 1257 nt
2039 1186 2218 1257 discamus

1228 1290 1358 1358 multas
1375 1313 1449 1359 esse
1467 1314 1601 1373 causas,
1620 1292 1756 1365 multos
1770 1292 1913 1361 effectus
1928 1290 2092 1360 omnium
2107 1290 2219 1360 actio⁴

1228 1418 1326 1462 num.
1385 1390 1494 1475 ltem,
1524 1405 1565 1462 ut
1589 1394 1760 1464 auxilium
1782 1394 1944 1464 divinum
1966 1406 2150 1487 petamus,
2183 1402 2220 1461 et

1228 1495 1335 1566 simul
1351 1506 1512 1564 nostram
1527 1495 1748 1586 diligentiam
1769 1498 1971 1567 excitemus.
2030 1496 2126 1568 Nam
2150 1490 2219 1565 hae

1230 1621 1355 1666 causae
1370 1597 1569 1688 iungendae
1582 1613 1683 1682 sunt,
1709 1599 1799 1669 sicut
1812 1601 1985 1691 scriptum
1999 1611 2054 1677 est
2068 1594 2218 1694 (Matthr

1232 1701 1291 1783 13,
1309 1702 1367 1771 12.
1385 1699 1456 1783 25,
1480 1701 1542 1774 29.
1576 1699 1687 1771 Marc.
1704 1701 1740 1786 4,
1762 1699 1823 1775 25.
1858 1702 1944 1772 Luc.
1960 1704 1997 1786 8,
2023 1702 2117 1797 18.):
2145 1702 2219 1771 lla·

1229 1802 1328 1872 benti
1342 1803 1505 1887 dabitur,
1540 1816 1575 1872 et
1589 1809 1625 1874 2.
1642 1801 1850 1875 Corinthios
1864 1805 1900 1888 6,
1914 1802 2003 1900 (1.):
2036 1801 2220 1875 Adhorta-

1230 1930 1312 1975 mur
1327 1930 1410 1988 vos,
1435 1930 1479 1973 nc
1495 1907 1626 1975 frustra
1643 1908 1794 1997 gratiam
1805 1908 1873 1977 Dei
1886 1906 2131 2002 recipiatis⁸⁶).
2172 1907 2221 1979 Et

1230 2007 1383 2078 Basilius
1399 2007 1531 2101 inquit:
1564 2007 1722 2077 Tantum
1735 2010 1841 2094 velis,
1875 2023 1910 2080 et
1924 2010 2021 2080 Deus
2040 2010 2143 2103 prius
2161 2036 2223 2081 oc-

1232 2122 1361 2182 curret.
1412 2104 1551 2183 Μόνον
1569 2110 1730 2204 astam
1743 2109 1808 2184 καὶ
1822 2109 1911 2195 θεὸς
1925 2118 2163 2212 προαπαντᾷ.

1334 2212 1409 2283 Nec
1422 2213 1571 2282 dubium
1588 2226 1658 2297 est,
1683 2215 1815 2286 multos
1832 2239 1958 2306 graves
1978 2238 2121 2308 poenas·
2133 2218 2222 2287 dare

1232 2315 1416 2406 ignaviae,
1443 2316 1506 2409 qui
1521 2316 1630 2385 etiam
1645 2318 1790 2387 vocanti
1805 2317 1883 2401 Deo
1901 2331 2117 2411 repugnant.
2234 2324 2238 2331 '

1334 2417 1417 2486 Duo
1432 2431 1516 2487 sunt
1531 2420 1724 2509 proverbia
1741 2444 1886 2511 graeca:
1913 2421 2085 2495 Secrmdb
2102 2412 2224 2493 ventis

1232 2519 1476 2616 navigarew),
1503 2522 1618 2612 prima
1640 2547 1703 2591 sen
1727 2524 1917 2616 praecipue
1935 2524 2093 2617 optanda
2118 2525 2225 2595 navi·

1234 2623 1329 2714 gatio
1347 2637 1409 2692 est.
1462 2624 1531 2692 Sed
1555 2624 1586 2693 si
1606 2620 1675 2693 hoc
1696 2649 1771 2693 non
1798 2627 1988 2717 contingit,
2014 2629 2224 2720 proximum

1234 2737 1287 2794 est
1299 2727 1352 2794 uti
1371 2727 1481 2795 altera
1506 2727 1753 2816 navigatione,
1777 2753 1869 2822 qnae
1886 2730 2001 2801 ventis
2018 2732 2224 2805 adiuvatur.

1234 2825 1286 2895 lta
1302 2828 1451 2899 dicimus
1467 2829 1577 2898 altera
1594 2830 1822 2921 navigatione
1837 2834 2010 2903 utendum
2025 2858 2112 2918 esse,
2139 2859 2223 2905 cum

1235 2925 1442 3015 hortamur,
1467 2943 1507 3001 ut
1523 2955 1730 3025 quanquam
1747 2934 1904 3004 destituti
1919 2961 2040 3007 sumus
2062 2961 2224 3006 commo-

1236 3032 1424 3116 ditatibus,
1450 3034 1657 3103 annitamur
1671 3048 1812 3121 tamen,
1838 3050 1874 3107 et
1895 3038 2136 3131 significamus
2161 3065 2223 3113 eos

1236 3147 1383 3205 conatus
1398 3160 1473 3204 non
1490 3161 1563 3205 esse
1579 3136 1721 3208 inutiles
1738 3153 1799 3209 aut
1817 3139 1950 3212 irritos.
2007 3140 2059 3211 lta
2084 3138 2145 3212 laic
2167 3143 2224 3213 in-

1236 3236 1314 3332 quit
1327 3237 1545 3309 Aristoteles.
1594 3238 1744 3311 Etiamsi
1757 3243 1796 3311 in
1813 3254 1911 3313 tanta
1936 3258 2087 3315 naturae
2111 3245 2224 3316 imbe-

1236 3341 1379 3410 cillitate
1395 3366 1469 3411 non
1483 3367 1670 3432 possumus
1692 3356 1864 3437 perpetuo
1887 3342 1982 3417 hunc
2006 3373 2151 3419 cursum
2172 3362 2223 3419 te-

1236 3468 1339 3528 nere,
1364 3457 1405 3514 ut
1419 3441 1508 3513 nihil
1526 3470 1732 3537 peccemus,
1758 3461 1794 3516 et
1814 3447 1852 3517 in
1874 3450 2041 3521 omnibus
2065 3452 2224 3527 consiliis

1236 3559 1271 3615 et
1285 3547 1484 3617 actionibus
1497 3549 1729 3618 certissimam
1743 3574 1909 3621 normam
1932 3576 2075 3646 semper
2094 3574 2222 3649 sequa·

1235 3675 1335 3733 mur,
1363 3676 1427 3719 nec
1449 3651 1741 3743 praecipitantia,
1767 3655 1823 3723 vel
1846 3678 1988 3740 errore,
2013 3658 2071 3727 vel
2091 3658 2224 3731 affeetu

1235 3753 1356 3846 aliquo
1372 3752 1534 3844 impulsi,
1560 3755 1740 3824 labamur:
1775 3769 1896 3826 tamen
1912 3760 2023 3828 altera
2038 3761 2223 3853 navigatio

1234 3856 1415 3947 proderit,
1456 3855 1493 3925 id
1514 3869 1584 3940 est,
1620 3857 1782 3949 proderit
1800 3861 1923 3931 labore
1945 3862 2136 3954 perficere,
2176 3874 2222 3937 ι’·

1235 3958 1375 4049 longius
1389 3983 1410 4026 a
1425 3960 1545 4028 medio
1559 3961 1793 4050 depellamus.
1835 3964 1906 4034 Sed
1923 3976 2097 4060 tanquam
2113 3967 2223 4045 rern'u

1235 4061 1309 4129 acri
1342 4063 1569 4131 contentione
1603 4064 1715 4131 animi
1749 4066 1793 4132 ad
1831 4066 1990 4137 medium
2028 4069 2224 4157 enitamur}

1234 4188 1341 4256 quam
1358 4163 1519 4255 proxime
1534 4190 1733 4257 possumus.
1766 4167 1880 4239 Video
1895 4173 2107 4261 generaliter
2118 4186 2223 4253 usuri

1233 4279 1357 4357 patum
1381 4291 1454 4337 esse
1474 4269 1705 4358 proverbium
1720 4269 1759 4336 in
1773 4265 1866 4342 hanc
1880 4274 2113 4353 sententiam:
2154 4276 2224 4361 (lul

1234 4369 1423 4460 praecipua
1440 4370 1536 4439 bona
1552 4396 1628 4440 non
1643 4372 1885 4462 contigerunt,
1910 4378 2084 4467 proximis
2099 4391 2223 4465 mmm
2237 4414 2258 4421 ..

1234 4484 1373 4556 utatur,
1400 4484 1458 4556 ut,
1492 4474 1550 4543 cui
1571 4497 1647 4544 non
1671 4475 1818 4566 contigit
1838 4502 1975 4548 summa
1999 4480 2053 4553 vis
2071 4479 2223 4575 ingenia

196 4617 301 4700 doni,
327 4615 494 4686 scandala
511 4610 733 4701 multiplicia.
787 4607 928 4700 Cogitat
944 4631 980 4676 se
995 4605 1181 4674 contrista·
1233 4586 1354 4644 “tatur
1371 4575 1412 4645 ἥδ
1430 4575 1584 4661 'lilibus’
1627 4603 1714 4672 ‘luas
1737 4573 1861 4665 habel>
1893 4606 2022 4676 mque
2045 4582 2225 4665 indust

196 4735 317 4793 turum
329 4718 376 4814 ⁸³)
396 4742 467 4785 esse
485 4715 655 4807 Spiritum
672 4724 862 4796 sanctum,=
879 4710 1117 4778 discedentem
1140 4731 1181 4776 ex

196 4850 260 4896 suo
286 4820 489 4901 domicilio,
521 4817 814 4908 perturbaturum
849 4814 934 4882 item
964 4812 1002 4879 in
1027 4810 1181 4879 aliorum

196 4927 381 5008 cordibus,
416 4921 547 5012 cogitat
565 4920 650 4987 item
673 4941 748 4987 sese
758 4915 805 5011 ⁸⁴)
829 4915 1074 5008 praebiturum
1099 4937 1181 4983 ean-

1234 4678 1389 4749 adiuvet.
1447 4677 1530 4749 Non
1553 4681 1701 4772 contigit
1722 4681 1838 4772 prima
1859 4685 2062 4776 navigatio,
2095 4700 2137 4758 ut
2158 4684 2222 4759 br:

1233 4782 1379 4850 beamus
1418 4783 1676 4873 rempublicam
1715 4809 1778 4854 scu
1809 4785 2023 4872 Ecclesiam,
2074 4791 2220 4885 qualenl

1235 4884 1382 4952 omnino
1413 4885 1601 4969 vellemus,
1641 4889 1806 4956 fruamur
1831 4912 1915 4980 ergo
1946 4894 2147 4984 praesenti,
2185 4906 2222 4967 et

196 5056 293 5115 sam,
319 5042 360 5100 ut
374 5025 548 5096 Diabolus
562 5015 759 5111 triumphet
772 5021 940 5088 adversus
955 5015 1086 5086 Filium
1101 5015 1181 5099 Dei,
1234 5008 1313 5055 ‘³¹¹¹
1342 4986 1474 5057 ⁰⁰⁵¹¹i⁸
1506 4989 1649 5074 ⁰ffi⁰li⁵²
1691 5003 1817 5060 ”⁰⁸³⁰
1844 4992 1971 5063 ¹³b⁰¹⁰
1999 4995 2223 5091 adium&

197 5223 405 5245 *⁸¹—

230 5353 280 5412 88)
297 5342 593 5405 annuntiaremus
611 5339 661 5390 Ed.
680 5337 771 5399 tum
788 5334 839 5385 tat
861 5331 935 5383 loto.
953 5332 1182 5393 perturbaturum.

216 5453 272 5504 80
287 5451 377 5506 sese]
390 5446 438 5497 sio
451 5445 506 5495 Ed.
527 5441 618 5505 totta
635 5439 686 5489 tto.
706 5437 780 5487 1645.
801 5446 841 5487 so.

1267 5252 1316 5311 8⁵)
1335 5248 1490 5313 recipiatis]
1508 5248 1549 5298 alo
1566 5249 1615 5301 Ed.
1636 5251 1729 5316 1Μ6.;
1755 5251 1806 5303 Ed.
1825 5253 1900 5304 1545.
1918 5253 2072 5319 accipiatis.

1265 5355 1316 5413 86)
1334 5349 1363 5412 ἐξ
1382 5344 1477 5416 sciptor
1496 5363 1520 5400 s.
1538 5346 1567 5408 ἐξ
1586 5342 1680 5415 οὐρίας
1700 5349 1844 5418 φέρεσθαι.
1875 5354 1916 5405 De
1928 5357 1979 5407 boo
1990 5360 2233 5421 prororbloood.

1301 5422 1411 5473 Errant
1429 5421 1509 5484 stag.
1528 5420 1590 5471 obit.
1610 5420 1643 5471 n.
1661 5424 1731 5473 cent.
1747 5422 1781 5474 v.
1798 5435 1843 5474 nr.
1855 5424 1895 5474 tt.
1911 5436 1975 5491 pag.
1987 5426 2049 5479 Μ.
