4544 5766
44 216 93 291 69
597 209 625 286 Ι.
675 207 1027 287 PHILOSOPHldE
1052 208 1266 283 Mundus
1290 208 1519 285 EPITOME.
2022 216 2072 289 70

44 382 490 460 sicsehabent20et10.
548 382 647 455 Sicut
662 410 698 456 se
715 381 825 457 habet
840 387 887 456 ad
900 385 1033 455 bellum
1088 383 1248 479 quaestio
1263 384 1307 452 de
1325 395 1417 467 arte,
1444 382 1624 468 videlicet,
1647 407 1694 454 an
1713 385 1874 457 doctrina
1895 387 1942 458 eit
1963 399 2070 472 certa,

43 493 192 573 Caesar,
217 488 267 560 sic
281 512 318 558 se
335 484 444 557 habet
459 486 584 557 Cicero
601 489 648 557 ad
661 489 892 559 domesticam
910 489 1037 580 guber·
1086 489 1189 556 lirma
1203 499 1239 556 et
1252 486 1421 555 divinitus
1435 487 1575 570 tradita,
1593 489 1689 580 quod
1698 491 1743 557 ad
1752 490 1926 583 principia
1935 490 2071 562 attinet.

42 593 245 677 nationem,
260 591 351 662 sicut
363 615 400 660 se
415 585 548 659 habent
563 591 608 658 ad
624 591 811 662 dicendam
823 591 1035 662 sententiam
1088 591 1210 683 Quare
1224 585 1310 658 haec
1333 588 1506 681 particula
1527 602 1690 660 constans
1713 604 1748 661 et
1767 606 1938 685 perpetua
1964 593 2072 684 signi-

42 699 82 768 iu
103 695 256 790 Synodo
279 695 407 765 Petrus
431 705 466 761 et
487 694 639 778 Paulus,
666 695 715 764 sic
742 720 778 764 se
809 690 943 764 habent
973 692 1037 775 illi,
1088 694 1169 761 ficat
1189 688 1281 762 hanc
1306 692 1506 760 doctrinam
1532 716 1574 760 ex
1603 695 1707 763 certis
1738 696 1923 789 principiis
1942 703 2071 767 'ortam

42 799 108 896 qui
123 823 211 869 vere
227 795 443 867 antecellunt
460 796 548 866 alios
563 796 725 865 doctrina
744 810 779 866 et
794 799 936 890 pietate,
961 819 1037 865 non
1089 820 1175 865 esse.
1226 795 1333 887 Quod
1349 795 1378 864 si
1393 795 1442 862 ita
1465 794 1673 885 intelligitur
1694 794 1873 885 definitio,
1899 797 1968 867 erit
1990 823 2072 890 per-

43 903 181 985 titulis,
212 901 302 972 sicut
323 899 456 969 Paulus
479 899 564 968 dicit
589 898 712 993 (Rom.
734 905 779 984 2,
815 898 909 994 11.):
942 899 1038 968 Deus
1090 899 1223 990 spicua,
1249 899 1351 966 firma
1368 909 1402 966 et
1413 898 1518 989 plena
1535 897 1757 983 eruditionis,
1776 914 1812 969 et
1826 901 2072 993 complectitur

44 1027 241 1099 personam
258 1000 415 1073 hominis
430 1026 505 1070 non
520 1002 657 1093 accipit.
1090 1000 1219 1070 multas
1234 999 1489 1092 disputationes
1505 1000 1549 1069 de
1563 1000 1702 1072 ratione
1716 1002 1895 1087 scientiae,
1914 1005 1958 1072 de
1973 1004 2072 1094 prin-

1090 1103 1191 1195 cipiis
1207 1105 1299 1171 etde
1314 1103 1531 1185 rationibus,
1559 1128 1650 1196 quae
1665 1129 1707 1173 ex
1722 1107 1908 1198 principiis
1921 1130 2072 1176 nascun-

1090 1219 1168 1291 tur,
1200 1207 1295 1274 bona
1322 1205 1586 1299 consequentia.
1658 1207 1886 1279 Postremum
1907 1208 1994 1278 illud
2020 1221 2074 1279 est

150 1307 289 1380 lustitia
315 1319 368 1378 est
398 1319 564 1378 constans
595 1319 630 1375 et
659 1318 832 1398 perpetua
862 1305 1039 1389 voluntas,
1090 1332 1195 1378 causa
1218 1307 1354 1392 finalis,
1380 1308 1434 1379 ius
1456 1334 1560 1378 suum
1582 1308 1709 1404 cuique
1726 1312 1902 1396 tribuens,
1927 1312 2018 1382 sicut
2039 1323 2074 1379 et

47 1438 154 1486 suum
170 1411 301 1505 cuique
325 1409 497 1480 tribuens.
549 1410 652 1478 Plato
678 1409 813 1502 inquit,
842 1404 936 1478 hanc
954 1409 1038 1477 defi·
1091 1424 1229 1481 caetera
1252 1424 1343 1481 artes
1365 1424 1400 1480 et
1420 1411 1569 1480 virtutes
1590 1436 1655 1502 per
1673 1438 1794 1484 causas
1807 1415 1929 1484 finales
1944 1415 2075 1484 discer-
2131 1409 2138 1423 '

47 1516 229 1587 ditionem
255 1537 329 1582 esse
359 1510 631 1606 simonidisffi),
671 1511 818 1604 proprie
848 1524 968 1582 autem
993 1513 1039 1579 ad
1089 1526 1239 1585 nuntur:
1264 1526 1305 1584 ut
1320 1513 1494 1582 medicina
1509 1525 1561 1582 est
1577 1538 1646 1598 ars,
1669 1539 1760 1608 quae
1785 1528 1904 1588 tuetur
1915 1529 1950 1586 et
1972 1517 2075 1588 resti-

49 1617 225 1690 iustitiam
240 1615 495 1708 particularem
509 1615 674 1707 pertinet
715 1613 781 1683 Est
794 1627 910 1684 autem
930 1638 1039 1705 genus
1091 1618 1159 1688 tuit
1174 1617 1363 1688 sanitatem
1376 1612 1528 1685 humani
1545 1618 1717 1708 corporis.

50 1719 270 1794 delinitionis
311 1718 503 1800 voluntas,
559 1742 649 1811 quae
691 1741 777 1786 voce
822 1718 1039 1808 significatur
1396 1790 1404 1805 ,
1655 1792 1663 1807 .
1718 1793 1726 1808 ι

51 1825 164 1895 latina
187 1822 446 1893 consuetudine
468 1815 627 1905 habitus,
650 1845 714 1890 seu
728 1819 820 1888 actio
835 1819 1038 1890 voluntatis.
1337 1791 1469 1859 Prima
1492 1785 1626 1868 ‘imm
1648 1809 1745 1860 mm
1756 1785 1816 1882 ⁰⁸)-

55 1929 262 2022 Sequuntur
276 1923 517 2007 differentiae,
542 1934 707 1993 constans
729 1935 763 1992 et
786 1936 977 2014 perpetua,
1003 1922 1040 1991 id
1191 1921 1415 1991 Vocabulum
1441 1921 1529 1990 iuris
1552 1945 1657 2013 saepe
1678 1923 1880 2001 facultatem
1902 1923 2077 2015 significat

56 2044 125 2113 est,
151 2053 245 2122 quae
270 2039 364 2095 certa
388 2026 516 2095 notitia
539 2026 696 2096 naturali
720 2038 783 2094 aut
803 2038 1038 2095 consentanea
1092 2025 1237 2095 tenendi
1261 2048 1325 2094 seu
1348 2023 1474 2094 utendi
1496 2047 1560 2093 seu
1579 2025 1732 2094 faciendi
1747 2027 1881 2120 aliquid
1896 2027 1991 2096 iuxta
2013 2029 2077 2096 ali-

53 2131 241 2227 principiis
264 2129 486 2200 naturalibus
508 2128 654 2219 regitur.
705 2127 922 2221 Quanquam
945 2127 1040 2196 enim
1093 2153 1200 2221 quam
1215 2128 1349 2217 legem,
1375 2127 1448 2197 sive
1466 2127 1686 2212 naturalem,
1712 2128 1785 2197 sive
1800 2130 2012 2221 positivam,
2037 2143 2079 2202 nt

54 2235 197 2327 negotia
213 2246 250 2304 et
266 2256 366 2303 casus
381 2232 534 2313 variant,
560 2243 680 2299 tamen
693 2254 795 2301 mens
807 2225 915 2298 hadiet
929 2242 1041 2298 certas
1093 2231 1259 2300 dominus
1288 2229 1431 2299 aedium
1462 2225 1570 2298 habet
1590 2230 1665 2315 ius,
1700 2231 1736 2298 id
1767 2245 1837 2317 est,
1873 2234 2078 2303 facultatem

55 2337 225 2421 notitias,
248 2330 320 2404 hoc
336 2347 406 2417 est,
431 2331 607 2426 principia
625 2333 793 2423 practica,
819 2345 881 2403 aut
896 2356 1042 2402 consen·
1093 2334 1237 2404 tenendi
1262 2334 1384 2416 aedes,
1411 2332 1507 2402 iuxta
1529 2332 1641 2422 legem
1661 2334 1872 2425 positivam,
1898 2336 2028 2405 scilicet
2048 2336 2079 2406 si

57 2457 179 2512 laneas
189 2439 353 2509 rationes
371 2462 414 2506 ex
427 2435 613 2529 principiis
626 2438 767 2519 ductas,
795 2458 837 2504 ex
859 2436 987 2528 quibus
1005 2435 1043 2502 in
1095 2450 1190 2506 tenet
1198 2434 1509 2528 edictopraetoris,
1523 2437 1585 2504 sed
1601 2436 1669 2503 alia
1685 2450 1737 2506 cst
1748 2437 1957 2527 significatio
1970 2439 2079 2508 etiam

57 2546 116 2614 illa
138 2543 314 2612 varietate
338 2564 483 2610 casuum
504 2563 571 2629 pro
594 2538 797 2608 diversitate
815 2538 1043 2608 circumstan-
1093 2540 1221 2609 usitata
1246 2539 1333 2607 iuris
1354 2562 1422 2628 pro
1445 2538 1530 2627 ipsis
1551 2537 1704 2627 legibus,
1737 2564 1798 2608 seu
1820 2542 1967 2612 notitiis.
2031 2539 2081 2611 Et

59 2649 188 2717 tiarum
211 2643 367 2724 iudicat,
393 2642 480 2735 quid
503 2641 549 2710 sit
570 2641 725 2724 iustum,
752 2652 786 2709 et
808 2636 962 2711 cumbis
982 2641 1044 2708 ob
1094 2638 1162 2711 hac
1180 2639 1436 2731 significatione
1457 2639 1628 2706 dividitur
1648 2639 1703 2708 ius
1726 2641 1764 2709 in
1794 2642 1849 2710 ius
1870 2656 2020 2712 naturae
2045 2656 2081 2713 et

60 2759 237 2842 temperat
253 2748 437 2827 voluntas,
464 2744 553 2813 iuste
575 2743 660 2834 agit.
710 2742 832 2811 Altera
852 2743 1042 2834 particula:
1095 2745 1150 2814 ius
1171 2741 1383 2834 positivum,
1411 2753 1447 2808 et
1469 2740 1624 2809 traditur
1646 2742 1821 2811 delinitio:
1849 2741 1907 2814 lus
1928 2757 2079 2815 naturae

60 2850 112 2924 lus
132 2876 242 2922 suum
264 2849 392 2942 cuique
414 2847 592 2928 tribuens,
618 2859 671 2917 est
693 2846 892 2914 differentia
916 2845 1045 2915 descri—
1095 2847 1270 2937 significat
1290 2844 1471 2913 naturales
1490 2843 1636 2912 notitias
1657 2842 1701 2912 de
1722 2845 1901 2928 moribus,
1928 2842 1997 2915 boc
2016 2859 2081 2933 est,

60 2959 143 3027 bens
166 2951 361 3046 proprium
384 2950 538 3019 officium
559 2945 665 3019 lucius
686 2949 846 3031 virtutis,
871 2949 1046 3028 videlicet,
1097 2949 1273 3042 principia
1287 2947 1463 3038 practica,
1497 2959 1531 3014 et
1546 2946 1788 3018 conclusiones
1804 2962 1897 3018 recta
1915 2962 2082 3020 etneccs·

62 3059 156 3154 quod
172 3054 310 3126 iustitia
325 3077 408 3144 erga
424 3053 513 3123 alios
529 3065 745 3134 exerceatur,
772 3063 807 3119 et
823 3065 986 3133 eatenus,
1007 3062 1048 3118 ut
1097 3052 1190 3122 saria
1207 3049 1460 3142 consequentia
1478 3074 1520 3118 cx
1533 3048 1602 3117 illis
1619 3050 1803 3142 principiis
1819 3064 1928 3122 ortas.
1979 3053 2081 3144 Quae

62 3170 289 3254 praestentur
318 3156 368 3225 eis
399 3156 519 3225 debita
547 3154 675 3224 officia.
738 3153 894 3223 Maxime
927 3165 1046 3222 autem
1098 3157 1170 3224 sint
1185 3154 1266 3221 illae
1282 3152 1450 3236 notitiae,
1476 3153 1664 3245 decalogus
1686 3154 1819 3244 optime
1842 3167 1878 3222 et
1899 3156 2103 3247 aptissime,

46 1177 106 1250 De
125 1168 355 1271 definitione
370 1173 546 1243 iustitiae
565 1169 668 1265 apud
684 1167 1038 1264 iurisconsultosffi).

62 3265 150 3335 lucet
171 3258 264 3332 haec
285 3258 444 3327 delinitio
471 3259 511 3327 in
532 3255 804 3339 commutativa,
839 3270 880 3327 ut
907 3278 1047 3325 necesse
1100 3257 1266 3338 ostendit,
1280 3253 1341 3348 qui
1355 3267 1407 3323 est
1419 3255 1573 3346 epitome
1588 3268 1622 3323 et
1634 3264 1772 3325 summa
1789 3258 1904 3346 legum
1920 3271 2083 3329 naturae.
2204 3246 2208 3250 ⁵

64 3381 108 3438 est
137 3375 348 3456 emptorem
379 3362 464 3430 dare
492 3361 648 3452 pretium
676 3359 876 3441 venditori,
914 3357 1049 3450 alioqui
1099 3358 1183 3428 Inde
1199 3357 1348 3429 studiosi
1362 3371 1505 3426 sumant
1518 3381 1640 3425 earum
1655 3359 1817 3429 ordinem
1828 3362 2083 3452 etcatalogum.

61 3470 155 3549 urim
180 3491 263 3537 non
282 3476 373 3534 esset
395 3462 566 3533 durabilis
587 3462 832 3530 commutatio.
900 3458 988 3529 Item
1011 3460 1049 3527 in
1100 3456 1312 3551 Philosophi
1327 3460 1497 3549 colligunt
1511 3484 1569 3528 eas
1587 3459 1752 3551 inspectis
1776 3463 1889 3532 causis
1905 3476 1941 3532 et
1953 3465 2083 3532 effecti-

64 3569 312 3649 distributiva,
344 3591 484 3636 necesse
516 3577 567 3635 est
596 3588 750 3657 poenam
776 3563 958 3654 flagitiosis
982 3587 1049 3655 pro
1100 3567 1166 3638 bus
1182 3559 1349 3643 hominis,
1363 3573 1403 3631 ut
1415 3586 1520 3651 supra
1530 3561 1615 3645 dixi,
1630 3575 1671 3633 ut
1685 3565 1827 3633 effectus
1841 3566 1944 3634 debet
1959 3566 2086 3637 subiici

65 3675 190 3745 scelere
216 3669 334 3740 reddi.
397 3666 450 3738 lta
475 3669 529 3736 ius
551 3692 654 3737 suurn
680 3667 840 3735 redditur
860 3665 1051 3748 venditori,
1103 3691 1248 3748 causae,
1279 3660 1389 3733 homo
1419 3676 1471 3734 est
1499 3664 1661 3735 conditus
1689 3666 1826 3736 aDeo:
1866 3692 1951 3760 ergo
1973 3669 2085 3739 'debet

68 3802 140 3848 eum
155 3778 271 3846 daun
287 3770 454 3864 pretium.
479 3770 654 3840 Redditur
669 3782 704 3838 et
719 3769 773 3851 ius
788 3795 891 3838 suum
908 3769 1052 3850 latroni,
1104 3768 1342 3842 obedientiam
1373 3767 1463 3838 Deo.
1538 3765 1627 3837 Item
1664 3769 1813 3841 societas
1841 3766 1999 3842 humana
2032 3783 2085 3842 est

68 3904 142 3951 urm
156 3875 339 3970 supplicio
356 3874 518 3944 afficitur.
566 3871 631 3942 Est
652 3885 769 3941 autem
791 3871 949 3942 definitio
971 3896 1052 3941 cau·
1105 3875 1252 3944 tuenda:
1297 3894 1381 3961 ergo
1410 3869 1536 3938 delicta
1568 3872 1747 3941 turbantia
1777 3874 1999 3958 societatem,
2044 3887 2086 3944 ut

67 3983 161 4055 salisa
187 3981 317 4052 Genus
331 3978 579 4057 estvoluntas,
605 3975 804 4065 significans
817 3970 980 4045 habitum
997 3974 1053 4042 vel
1104 3977 1247 4056 caedes,
1279 3973 1473 4056 adulteria,
1505 3974 1621 4056 furta,
1653 3976 1836 4045 mendacia
1861 3989 1944 4045 sunt
1962 3971 2085 4067 prohi-

68 4085 248 4155 rrtionem
265 4079 479 4162 voluntatis,
506 4090 670 4147 constans
686 4089 721 4145 et
734 4090 924 4169 perpetua,
947 4077 1054 4166 signi-
1103 4079 1233 4149 banda.
1285 4075 1360 4144 Hae
1376 4075 1666 4146 ratiocinationes
1680 4090 1762 4146 sunt
1776 4080 1900 4169 plenae
1916 4078 2085 4148 eruditio·

69 4188 145 4259 teat
160 4209 311 4257 causam
324 4183 544 4262 efficientem,
566 4182 662 4275 quod
678 4181 841 4249 videlicet
856 4181 915 4249 illa
928 4182 1055 4249 volun·
1105 4183 1174 4264 nis,
1196 4178 1257 4249 sed
1274 4179 1357 4271 quia
1375 4192 1458 4248 sunt
1472 4177 1695 4269 prolixiores,
1712 4194 1855 4249 utamur
1873 4181 2085 4271 compendio

70 4304 197 4363 tasseu
215 4286 313 4356 actio
328 4296 471 4375 regatur
489 4295 583 4352 certa
599 4283 748 4366 notitia,
770 4279 839 4352 hoc
862 4295 932 4365 est,
956 4283 1055 4373 prin·
1107 4280 1278 4372 decalogi.
1328 4279 1572 4350 Iurisconsrdti
1591 4282 1741 4348 recitant
1764 4282 1938 4373 quaedam
1959 4285 2087 4375 capita,

71 4387 370 4487 cipiispracticis,
396 4399 432 4455 et
453 4385 670 4471 rationibus,
695 4397 890 4479 quaesunt
911 4409 1057 4455 consen·
1107 4387 1168 4455 sed
1186 4386 1391 4454 discernunt
1407 4383 1600 4477 aliquando
1623 4381 1677 4450 ius
1698 4395 1847 4452 naturae
1871 4398 1905 4453 et
1928 4385 1981 4456 ius
2004 4411 2088 4476 gen·

72 4508 195 4567 uncae
211 4488 412 4586 principiis.
457 4488 533 4560 Nec
549 4502 601 4559 est
614 4490 726 4559 otiose
743 4488 858 4580 posita
873 4482 960 4556 haec
976 4510 1058 4578 par·
1108 4489 1210 4559 timu.
1268 4485 1407 4555 Vocant
1430 4486 1483 4555 ius
1504 4495 1652 4553 naturae
1675 4482 1835 4584 στοργὰς
1856 4488 1970 4558 bonas
1993 4514 2089 4558 com·
2188 4548 2192 4555 .

73 4599 189 4671 tiuila.
245 4594 297 4664 Ut
311 4592 408 4662 euim
422 4591 461 4660 in
476 4592 623 4662 caeteris
638 4591 772 4662 artibus
787 4592 992 4684 quaerenda
1007 4602 1059 4659 est
1109 4615 1234 4661 munes
1253 4585 1459 4657 hominibus
1484 4611 1563 4654 cum
1585 4586 1732 4680 reliquis
1756 4589 2016 4673 animantibus,
2049 4606 2090 4661 ut

75 4700 269 4782 certitudo,
295 4696 345 4765 ita
368 4695 408 4763 in
429 4690 497 4764 hac
517 4692 680 4763 doctrina
703 4696 746 4764 de
768 4693 928 4764 moribus
952 4718 1059 4787 quae·
1111 4687 1274 4791 στοργὴν
1296 4693 1342 4758 ad
1364 4688 1647 4781 procreationem
1672 4702 1706 4758 et
1727 4692 1973 4761 educationem
1988 4707 2091 4762 nato·

77 4805 227 4876 rendum
244 4812 315 4883 est,
342 4821 389 4867 an
411 4797 551 4867 oriatur
569 4821 611 4865 ex
630 4796 733 4867 certis
752 4795 960 4890 principiis,
992 4792 1061 4865 hoc
1111 4821 1213 4879 rum,
1240 4793 1355 4862 adsui
1372 4792 1690 4876 conservationem,
1717 4819 1758 4861 ac
1773 4795 2014 4864 defensionem
2029 4798 2090 4865 ad-

80 4921 144 4993 est,
168 4905 290 4977 ausit
313 4902 417 4970 firma
441 4899 622 4968 ordinatio
645 4898 725 4970 Dei.
801 4898 842 4968 ld
866 4899 961 4969 enim
986 4898 1062 4967 vult
1113 4921 1234 4967 versus
1261 4895 1427 4964 iniustam
1453 4895 1538 4966 vim.
1613 4895 1684 4965 Sed
1707 4895 1761 4966 ius
1782 4898 1939 4987 gentium
1964 4912 2093 4970 vocant

86 5062 286 5078 .......
864 5084 869 5091 g
1113 5000 1260 5070 notitias
1274 4999 1472 5080 naturales,
1499 5010 1533 5066 et
1550 4997 1685 5067 addunt
1701 5000 1872 5090 exempla,
1899 5001 2094 5072 distinctio-

111 5152 159 5213 ,θ
173 5154 222 5206 „3
239 5147 1064 5217 mumfflumoemmmggcm,mmm
1115 5129 1197 5172 nem
1221 5100 1485 5183 dominiorum,
1517 5112 1736 5184 contractus,
1769 5102 1872 5172 fidem
1896 5117 2094 5195 pactorum.

144 5222 194 5273 11.
215 5219 296 5271 168.
313 5221 439 5272 Rectam
455 5218 567 5269 dutum
584 5221 645 5283 est,
670 5219 789 5271 taetitia
814 5222 858 5271 est
880 5221 1020 5271 constans
1037 5218 1065 5269 et

145 5293 289 5356 masa
306 5289 456 5341 voluntas.

119 5374 163 5435 te)
178 5377 252 5428 l’lnt.
274 5375 310 5425 de
334 5373 439 5436 republ.
463 5371 508 5423 llb.
532 5372 552 5423 1.
579 5373 687 5434 (opere
709 5372 753 5421 etl.
773 5373 808 5422 ll.
827 5373 920 5435 steph.
942 5374 1018 5426 του.
1035 5374 1066 5425 11.
1151 5366 1442 5426 atteramuarvoeo
1462 5369 1940 5436 turle.]etc1tdd.ldt⁰.etlt›lt.;
1961 5373 2097 5426 udam

149 5458 173 5509 p.
187 5446 251 5498 nt.
269 5456 313 5511 r„
332 5442 374 5493 ed.
391 5442 498 5507 alpem.
516 5442 580 5495 Vol.
598 5442 646 5494 vt.
662 5455 690 5506 p.
709 5441 791 5502 ltu).
1188 5438 1353 5502 Quotuptaa
1370 5439 1414 5490 est
1432 5439 1489 5488 tas.

1425 5539 1485 5618 5.
