4544 5766
105 219 184 293 att

104 393 261 462 refutata
279 404 371 462 sunt.
424 392 586 462 Platonis
600 392 828 483 argumenta,
856 395 983 489 quibus
1000 393 1109 464 tollit'

103 497 328 579 libertatem,
355 495 463 565 etiam
477 497 580 566 facile
598 496 794 568 diluuntur.

312 664 515 734 Primum
557 679 885 756 argumentum.

149 797 269 868 Nemo
285 797 408 867 volens
424 797 560 890 appetit
575 822 634 882 ea,
662 823 752 894 quae
776 813 860 871 sunt
880 809 1004 867 contra
1027 820 1090 865 na-

207 911 338 971 turam.

151 1000 253 1070 vicia
276 1015 361 1072 sunt
383 1016 506 1072 contra
529 1016 716 1072 naturam:

148 1103 251 1196 Ergo
270 1129 378 1174 nemo
402 1131 443 1174 ea
465 1105 589 1175 volens
611 1106 758 1198 appetit.

204 1207 422 1300 Respondeo
445 1210 491 1278 ad
510 1209 707 1278 minorem:
742 1207 838 1288 Vitia
859 1220 942 1276 sunt
963 1219 1086 1276 contra

103 1321 291 1396 naturam,
325 1312 457 1383 scilicet
476 1312 673 1403 integram,
707 1335 782 1380 non
804 1322 887 1380 sunt
907 1311 1085 1379 contraria

103 1426 304 1505 corruptae.
379 1412 468 1483 Item
493 1429 576 1484 sunt
599 1415 777 1483 contraria
802 1414 916 1505 parti,
956 1414 1087 1483 scilicet

103 1519 232 1601 menti,
269 1541 345 1587 non
372 1518 554 1609 appetenti
577 1518 672 1609 parti
699 1541 842 1586 aversae
866 1540 887 1585 a
913 1516 1013 1600 Deo,
1047 1528 1088 1586 ut

103 1620 277 1689 anteferre
297 1621 407 1689 vitam
433 1620 646 1691 confessioni
660 1620 838 1703 veritatis,
866 1620 1085 1689 contrarium

103 1735 156 1792 est*
170 1726 304 1808 menti,
331 1748 414 1815 pars
438 1737 606 1815 appetens
630 1724 728 1816 cupit
751 1723 904 1791 retinere
925 1723 1047 1794 vitam.

286 1894 542 1964 Secundum
583 1907 907 1987 argumentum.

149 2032 453 2126 Temperamenta
480 2033 627 2101 tradunt
651 2032 824 2100 nolentes.
920 2048 923 2054 '

149 2135 283 2228 Aliqua
311 2146 591 2224 temperamenta
618 2134 792 2201 inclinant
818 2133 864 2201 ad
890 2131 993 2201 vitia:

148 2239 249 2329 Ergo
273 2237 386 2329 aliqui
410 2238 570 2307 nolentes
597 2233 789 2306 trahuntur
815 2235 854 2302 in
880 2235 979 2304 vitia.

205 2339 481 2435 Respondeow)
511 2343 556 2409 ad
584 2341 780 2408 minorem:
817 2336 870 2406 Ita
901 2338 1087 2422 inclinant,

103 2458 142 2514 ut
170 2444 243 2515 sint
268 2456 408 2511 tantum
437 2443 623 2532 partiales,
658 2457 692 2513 et
723 2441 933 2511 remotiores
962 2466 1087 2512 causae

103 2547 272 2629 actionis,
297 2547 358 2615 sed
390 2545 483 2615 actio
511 2559 654 2615 externa
687 2543 891 2613 immediate
919 2544 1034 2613 oritur
1067 2569 1086 2612 a

105 2650 300 2733 voluntate,
316 2671 407 2742 quae
424 2660 459 2716 et
473 2650 584 2719 libera
599 2662 663 2732 est,
679 2662 714 2717 et
726 2646 963 2716 locomotivae
977 2649 1087 2717 libere

106 2752 268 2845 imperat.

309 2922 518 2992 Tertium
558 2935 885 3015 argumentumt

202 3058 412 3129 Aristoteles
436 3059 473 3127 in
495 3051 594 3129 testu
613 3061 685 3128 duo
709 3070 917 3150 argumenta
939 3059 1090 3150 opponit

112 3163 272 3246 beasti,
288 3187 443 3256 quorum
458 3162 634 3254 posterius
650 3175 702 3231 est
719 3163 957 3233 Platonicum.
984 3163 1089 3232 Prius
1125 3243 1128 3249 ¹

113 3276 159 3340 est
170 3265 294 3336 levius.
347 3264 411 3334 Est
424 3277 543 3334 autem
558 3261 644 3333 hoc:

155 3367 306 3438 Habitus
321 3391 396 3436 non
412 3380 561 3459 possunt
577 3392 661 3435 mox
679 3367 773 3436 sumi
790 3379 851 3436 aut
870 3367 1013 3458 deponi.

156 3470 313 3542 Virtutes
327 3483 363 3540 et
375 3470 462 3538 vitia
475 3483 558 3540 simt
573 3466 733 3538 habitus:

156 3571 250 3666 Ergo
264 3597 341 3643 non
356 3586 440 3643 sunt
454 3573 670 3642 voluntaria.

204 3676 455 3769 Respondeas:
483 3677 569 3746 Plus
587 3686 639 3745 est
654 3675 692 3742 in
707 3675 952 3758 conclusione,
979 3699 1087 3768 quam

122 3776 372 3870 inpraemissis.
397 3778 475 3848 Etsi
491 3780 586 3846 enim
604 3802 678 3846 non
695 3801 778 3844 mox
797 3778 890 3846 sumi
906 3790 941 3845 et
956 3779 1089 3869 deponi

117 3896 272 3970 possunt,
298 3895 420 3952 tamen
441 3894 523 3951 sunt
544 3882 580 3948 in
596 3892 769 3972 potestate
783 3892 927 3963 nostra,
953 3894 989 3948 et
1005 3882 1089 3974 quia

103 3987 358 4073 lpraecedentes
390 3984 564 4067 actiones,
607 4007 697 4077 quae
728 3982 880 4073 gignunt
915 3980 1090 4068 habitum,
1135 4025 1139 4031 -

128 4099 193 4157 tunt
202 4088 411 4181 simpliciter
427 4088 465 4155 in
479 4099 653 4179 potestate
669 4098 812 4168 nostra,
840 4098 875 4153 et
891 4085 974 4179 quia
989 4082 1090 4156 habi-

129 4198 401 4282 tospraesentes,
427 4189 614 4258 contrariis
635 4188 832 4257 actionibus
853 4190 987 4259 mutari
1010 4216 1090 4281 pos-

132 4305 205 4364 amt.
254 4294 354 4364 Sicut
370 4293 532 4360 videmus
547 4292 697 4360 artifices
720 4291 898 4361 dediscere
920 4304 1030 4377 artes,
1057 4307 1092 4362 et

132 4388 319 4480 Alexander,
346 4396 409 4490 qui
430 4395 533 4463 initio
555 4394 666 4463 iustus
694 4407 729 4462 et
745 4393 840 4464 mitis
857 4408 944 4479 erat,
967 4411 1090 4488 postea

135 4493 221 4569 θείω
237 4511 289 4569 est
305 4523 450 4580 saevus,
476 4511 511 4566 et
526 4496 704 4587 Augustus
724 4496 827 4565 initio
856 4521 959 4589 asper
976 4512 1010 4567 et
1026 4502 1093 4568 im-

137 4599 224 4686 dtis,
254 4613 380 4694 postea
400 4601 469 4670 fuit
491 4601 655 4669 clemens.
715 4598 835 4668 Maior
861 4603 1093 4691 perspicuitas

141 4703 278 4799 etloqni
289 4706 334 4774 de
349 4703 559 4774 actionibus.
611 4702 701 4770 Sunt
715 4716 834 4771 autem
849 4703 1000 4787 liberae,
1032 4732 1095 4776 seu

143 4821 326 4893 metaneae
354 4807 512 4876 actiones
539 4804 752 4888 voluntatis,
784 4807 857 4877 sive
888 4822 988 4892 ante,
1021 4810 1094 4878 sive

144 4921 199 4991 Ν
218 4906 377 4980 habitum
407 4910 569 4979 existant.
620 4908 714 4979 Nam
740 4910 905 4980 voluntas
935 4924 970 4981 et
998 4912 1095 4980 iuxta

146 4996 291 5097 hbllum,
316 5025 352 5082 et
367 5025 491 5081 contra
510 5034 614 5102 agere
631 5022 757 5102 potest.
809 5012 878 5080 Sed
902 5016 949 5082 de'
967 5011 1096 5083 habiti-

148 5102 377 5187 lttsobscurior
399 5128 451 5185 est
467 5114 594 5183 oratio.
646 5112 804 5204 Respicit
825 5128 945 5211 alitem
960 5117 1097 5186 Aristo-

152 5211 209 5286 Μὴ
223 5221 293 5289 vim
316 5217 584 5290 consuetudinis
601 5241 663 5287 seu
681 5218 965 5290 adsuefactionis.
1017 5220 1098 5290 Usi-

152 5360 317 5390 κ...-

176 5443 210 5512 a)
222 5452 394 5517 lupondeo]
413 5452 455 5503 sto
471 5453 522 5508 Ed.
542 5453 634 5519 16465
652 5455 701 5505 Ed.
721 5454 794 5506 ¹545.
812 5456 965 5519 Responde.

469 216 526 293 ΙΙΙ.
577 213 860 294 Euaunarlo
893 217 1101 293 mantnt
1129 212 1421 287 ETHICORUM
1451 211 1777 290 ARISTOTELIS.

2057 217 2137 294 ’342

1148 401 1262 459 tatum
1278 388 1411 458 dictum
1435 403 1501 459 est:
1530 391 1758 461 Consuetudo
1782 403 1834 460 est
1859 391 1968 460 altera
1990 402 2131 475 natura,

1146 506 1181 561 et
1190 493 1347 562 Galenus
1356 491 1490 587 inquit:
1507 492 1735 563 Consuetudo
1751 495 1980 588 estacquisita
1991 507 2131 566 natura.

1144 595 1194 663 Ut
1219 596 1328 685 igitur
1349 607 1477 664 natura
1501 596 1653 688 impetus
1676 593 1902 666 vehementes
1923 594 2048 680 habet,
2080 597 2130 666 ita

1144 700 1362 769 consuetudo
1385 700 1487 768 valde
1510 699 1549 766 in
1573 727 1652 770 earn
1675 713 1813 790 partem
1838 701 1989 791 impellit
2011 697 2128 768 homi-

1142 825 1238 883 nem,
1265 804 1310 870 ad
1326 825 1434 895 quam
1450 803 1671 872 adsuefactus
1690 814 1751 872 est.
1785 801 1868 872 Ideo
1887 828 2010 871 omnes
2025 802 2128 893 legis-

1141 905 1272 973 latores
1286 902 1461 997 sapientes
1476 906 1595 973 conati
1612 918 1695 974 simt
1708 901 1872 975 homines
1896 901 2045 975 honesta
2074 906 2127 973 di-

1141 1007 1291 1097 sciplina
1315 1032 1377 1078 seu
1401 1008 1683 1092 adsuefactione,
1721 1010 1766 1077 ad
1792 1009 1960 1077 virtutem
1976 1009 2126 1090 flectere,

1140 1123 1180 1178 ut
1203 1109 1333 1179 dicitur
1354 1109 1392 1178 in
1416 1111 1608 1180 versiculo:

1255 1229 1337 1288 Adeo
1358 1247 1377 1287 a
1399 1231 1724 1289 teneris¹e0nsueseere
1746 1229 1869 1287 muttum
1891 1239 1936 1288 est
1946 1226 2003 1309 ³⁴).

1139 1330 1264 1401 Manet
1279 1344 1401 1400 tamen
1417 1333 1561 1402 libertas
1579 1332 1781 1415 actionum,
1807 1345 1842 1400 et
1864 1332 2020 1401 actiones
2041 1357 2125 1401 con·

1139 1435 1273 1504 trariae
1299 1447 1443 1504 mutant
1464 1431 1625 1518 habitus,
1654 1434 1737 1528 quia
1765 1434 1930 1504 voluntas
1952 1448 2003 1504 est
2026 1435 2125 1526 prin-

1139 1537 1264 1629 cipalis
1278 1561 1403 1620 causa,
1430 1562 1522 1632 quae
1538 1539 1648 1605 vincit
1671 1532 1834 1606 habitum
1852 1536 1971 1606 minus
1993 1536 2125 1628 princi-

1139 1638 1257 1731 palem
1281 1663 1437 1710 causam.
1488 1638 1572 1708 Ideo
1598 1639 1742 1708 dicitur:

1181 1759 1267 1826 Quod
1281 1759 1358 1817 male
1373 1757 1446 1834 fers,
1468 1757 1624 1839 adsuesce3
1645 1758 1727 1817 teres
1739 1759 1825 1818 bene.
1865 1756 1959 1816 Multa
1973 1767 2103 1817 vetustas

1179 1855 1336 1940 Lentu).

1139 1965 1255 2033 Porro
1288 1988 1411 2033 omnes
1440 1958 1509 2030 hae
1544 1962 1802 2054 disputationes
1841 1987 1883 2029 ex
1917 1987 1990 2031 uno
2025 1963 2123 2032 fonte

1141 2066 1327 2147 oriuntur,
1368 2065 1532 2134 videlicet
1559 2091 1601 2134 ex
1633 2065 1918 2134 consideratione
1944 2060 2123 2134 humanae

1138 2169 1377 2252 infirmitatis,
1404 2169 1502 2237 cuius
1524 2192 1649 2238 causas
1673 2167 1890 2257 ignorabant
1908 2163 2126 2260 philosophi.

1140 2271 1188 2339 Hi
1210 2272 1455 2362 intelligebant
1475 2265 1660 2339 hominem
1682 2270 1780 2339 nasci
1805 2270 1851 2337 ad
1874 2271 2062 2353 virtutem,
2090 2283 2125 2339 et

1141 2401 1220 2444 cum
1244 2375 1335 2443 aliae
1358 2399 1415 2444 res
1437 2397 1560 2443 omnes
1585 2398 1669 2444 suae
1690 2385 1841 2441 naturae
1865 2373 2125 2464 obtemperent,

1139 2478 1386 2559 mirabantur,
1419 2501 1482 2545 cur
1497 2472 1607 2545 homo
1624 2477 1697 2567 ipse
1714 2488 1900 2565 tantopere
1916 2499 2035 2545 secum
2055 2476 2126 2546 dis-

1140 2581 1263 2651 sideat.
1315 2577 1494 2646 Videbunt
1510 2579 1607 2662 item,
1633 2578 1770 2650 facilius
1787 2602 1891 2646 ruere
1907 2573 2071 2648 homines
2087 2580 2126 2646 in

1140 2683 1247 2766 vitia,
1274 2706 1383 2775 quam
1400 2681 1552 2750 retinere
1569 2681 1726 2750 studium
1742 2680 1895 2750 virtutis.
1946 2679 2000 2748 Ex
2019 2677 2124 2751 huius

1141 2785 1259 2857 morbi
1281 2783 1526 2874 magnitudine
1548 2783 1805 2875 disputationes
1826 2784 1869 2851 de
1885 2782 2049 2851 libertate
2067 2808 2125 2851 or-

1141 2902 1198 2958 tae
1235 2899 1328 2957 sunt.
1383 2887 1453 2956 Sed
1482 2912 1547 2956 nos
1572 2886 1610 2954 in
1631 2885 1787 2955 Ecclesia
1810 2885 1980 2969 instituti,
2009 2888 2125 2956 fontes

1142 2991 1426 3073 consideremus,
1459 3003 1500 3058 ut
1528 3014 1741 3082 quaeramus
1765 2988 1923 3057 remedia
1948 2989 2124 3079 promissa

1141 3096 1179 3163 iu
1193 3092 1409 3183 Evangelio,
1444 3105 1480 3161 et
1509 3105 1672 3183 petamus
1702 3115 1767 3160 nos
1796 3091 1913 3161 iuvari
1943 3092 2126 3175 divinitus,

1141 3198 1231 3268 sicut
1259 3194 1425 3288 promisit
1454 3190 1614 3264 Christus
1642 3192 1995 3290 (loann.14‚18.):
2040 3193 2125 3264 Non

1141 3300 1342 3394 relinquam
1358 3323 1422 3366 vos
1437 3292 1631 3388 orphanos.
1681 3295 1768 3365 Item
1788 3292 1961 3390 (Philipp.
1970 3301 2007 3378 2,
2030 3296 2125 3391 13.):

1142 3403 1239 3472 Deus
1266 3413 1337 3484 est,
1370 3399 1491 3494 quiin
1515 3400 1615 3468 vobis
1640 3400 1745 3468 efficit
1768 3400 1856 3467 velle
1881 3412 1915 3468 et
1937 3423 2127 3468 successus.

1142 3506 1238 3573 Haec
1253 3527 1328 3572 non
1345 3503 1567 3571 traduntura
1583 3497 1825 3593 philosophis,
1851 3502 1913 3595 qui
1928 3513 2068 3570 tantum
2084 3502 2127 3568 de

1141 3605 1300 3678 humana
1317 3604 1500 3695 diligentia
1516 3603 1712 3695 disputant,
1738 3627 1830 3698 quae
1846 3617 1968 3671 tamen
1987 3616 2129 3672 nonest

1142 3736 1208 3806 par
1229 3707 1469 3799 magnitudini
1493 3707 1719 3776 infirmitatis.
1771 3706 1839 3775 Sed
1853 3705 2061 3777 Aristoteles
2085 3708 2128 3774 de

1143 3812 1326 3904 diligentia
1349 3811 1526 3901 disputat,
1561 3822 1596 3877 et
1616 3806 1800 3892 hortatur,
1832 3834 1876 3878 ne
1908 3833 2129 3879 accersamus

1141 3941 1273 4011 pravos
1306 3910 1460 3983 habitus.
1534 3912 1609 3982 Nos
1643 3913 1878 4002 adiungamus
1919 3912 2129 4004 petitionem

1144 4017 1267 4089 auxilii
1279 4015 1403 4086 divini.

1345 4220 1565 4313 Quartum
1599 4227 1924 4307 argumentum.

1196 4374 1331 4444 Omnes
1364 4372 1520 4441 actiones
1550 4367 1744 4438 voluntatis
1759 4422 1761 4427 .
1777 4367 1943 4438 oriuntur
1966 4391 1986 4436 a
2010 4368 2131 4459 cogni-

1246 4476 1364 4559 tione,
1391 4500 1453 4544 seu
1470 4471 1739 4563 imaginatione.

1198 4578 1363 4668 Cognitio
1380 4602 1454 4645 non
1469 4574 1572 4644 estin
1586 4586 1708 4642 nostra
1724 4585 1915 4664 potestate:

1195 4680 1291 4771 Ergo
1306 4705 1371 4748 nec
1387 4678 1543 4746 actiones
1560 4688 1745 4770 sequentes
1760 4691 1843 4746 sunt
1866 4676 1905 4743 in
1920 4688 2045 4745 nostra
2069 4698 2132 4766 po-

1249 4794 1385 4852 testate.

1182 5078 1230 5143 ³4)
1249 5080 1328 5143 virg.
1347 5079 1449 5142 Georg.
1468 5077 1500 5144 2,
1518 5077 1594 5137 272,
1613 5077 1656 5127 ubi
1674 5080 1765 5128 antem
1783 5089 1832 5140 pro
1851 5090 1870 5126 a
1888 5077 2001 5127 teneris
2016 5075 2132 5140 legitur:

1217 5151 1249 5200 ta
1273 5151 1391 5200 teneris.
1427 5150 1463 5198 st
1487 5148 1601 5196 excitari
1624 5149 1696 5197 solet
1723 5159 1741 5196 a
1759 5145 1951 5197 Graminaticis
1974 5159 1993 5194 o
2016 5147 2135 5207 teneris,

1218 5221 1405 5335 'epupppurtmeo
1429 5216 1603 5309 verietasu
1629 5217 1755 5277 Quinctil.
1773 5216 1799 5280 1,
1824 5214 1857 5277 3,
1886 5213 1943 5279 ta,
1968 5214 2012 5263 ubi
2036 5225 2136 5263 versus

1183 5390 1232 5457 85)
1252 5390 1330 5441 ovid.
1345 5391 1416 5440 artis
1435 5390 1550 5439 ametor.
1566 5387 1599 5448 11,
1617 5386 1677 5436 647.
1689 5386 1750 5436 648.
1769 5410 1802 5422 -
1826 5386 1880 5435 Pro
1899 5385 1971 5436 teatt
1989 5385 2068 5434 babet
2084 5385 2135 5436 lte

1221 5460 1294 5510 1646.
1312 5459 1399 5523 teuit,
1417 5457 1466 5507 Ed.
1486 5457 1560 5506 1646.
1578 5453 1672 5508 leattt.

1431 5521 1517 5602 22*
